  <div class='ocr_page' id='page_1' title='image "/cluster/home/n/w/nwhite01/storage/ocr_20150623/114/mdp.39015028574344/742.png"; bbox 0 0 3932 6140; ppageno 0'>
   <div class='ocr_carea' id='block_1_1' title="bbox 205 282 360 347">
    <p class='ocr_par' dir='ltr' id='par_1_1' title="bbox 205 282 360 347">
     <span class='ocr_line' id='line_1_1' title="bbox 205 282 360 347; baseline 0.006 -1"><span class='ocrx_word' id='word_1_1' title='bbox 205 282 360 347; x_wconf 83' lang='grc'>1413</span> 
     </span>
    </p>
   </div>
   <div class='ocr_carea' id='block_1_2' title="bbox 1503 267 2254 344">
    <p class='ocr_par' dir='ltr' id='par_1_2' title="bbox 1503 267 2254 344">
     <span class='ocr_line' id='line_1_2' title="bbox 1503 267 2254 344; baseline -0.011 0"><span class='ocrx_word' id='word_1_2' title='bbox 1503 281 1689 344; x_wconf 86' lang='lat' dir='ltr'>VITA</span> <span class='ocrx_word' id='word_1_3' title='bbox 1734 274 1794 341; x_wconf 89' lang='lat' dir='ltr'>S.</span> <span class='ocrx_word' id='word_1_4' title='bbox 1851 267 2254 342; x_wconf 84' lang='lat' dir='ltr'>AUXENTII.</span> 
     </span>
    </p>
   </div>
   <div class='ocr_carea' id='block_1_3' title="bbox 3412 263 3562 332">
    <p class='ocr_par' dir='ltr' id='par_1_3' title="bbox 3412 263 3562 332">
     <span class='ocr_line' id='line_1_3' title="bbox 3412 263 3562 332; baseline 0 0"><span class='ocrx_word' id='word_1_5' title='bbox 3412 263 3562 332; x_wconf 83' lang='grc'>1414</span> 
     </span>
    </p>
   </div>
   <div class='ocr_carea' id='block_1_4' title="bbox 199 397 1835 496">
    <p class='ocr_par' dir='ltr' id='par_1_4' title="bbox 199 408 1835 496">
     <span class='ocr_line' id='line_1_4' title="bbox 199 408 1835 496; baseline -0.004 -24"><span class='ocrx_word' id='word_1_6' title='bbox 199 415 255 472; x_wconf 73' lang='grc' dir='ltr'>δὲ</span> <span class='ocrx_word' id='word_1_7' title='bbox 315 417 575 495; x_wconf 75' lang='grc' dir='ltr'>ὕπαρχων</span> <span class='ocrx_word' id='word_1_8' title='bbox 662 408 1057 496; x_wconf 75' lang='grc' dir='ltr'>Ῥουφινιανῶν,</span> <span class='ocrx_word' id='word_1_9' title='bbox 1132 412 1362 488; x_wconf 72' lang='grc' dir='ltr'>τοῦνομα</span> <span class='ocrx_word' id='word_1_10' title='bbox 1419 420 1642 492; x_wconf 79' lang='grc' dir='ltr'>Σκῶπα⁷</span> <span class='ocrx_word' id='word_1_11' title='bbox 1718 410 1835 472; x_wconf 77' lang='grc' dir='ltr'>τοὺς</span> 
     </span>
    </p>
   </div>
   <div class='ocr_carea' id='block_1_5' title="bbox 1968 397 3562 496">
    <p class='ocr_par' dir='ltr' id='par_1_5' title="bbox 1968 397 3562 482">
     <span class='ocr_line' id='line_1_5' title="bbox 1968 397 3562 482; baseline -0.003 -16"><span class='ocrx_word' id='word_1_12' title='bbox 1968 406 2040 480; x_wconf 93' lang='lat' dir='ltr'>is,</span> <span class='ocrx_word' id='word_1_13' title='bbox 2075 405 2321 466; x_wconf 82' lang='lat' dir='ltr'>nomine</span> <span class='ocrx_word' id='word_1_14' title='bbox 2343 402 2622 482; x_wconf 91' lang='lat' dir='ltr'>Scopem,</span> <span class='ocrx_word' id='word_1_15' title='bbox 2656 399 2878 480; x_wconf 85' lang='lat' dir='ltr'>rogavit</span> <span class='ocrx_word' id='word_1_16' title='bbox 2929 419 3055 480; x_wconf 91' lang='lat' dir='ltr'>eos,</span> <span class='ocrx_word' id='word_1_17' title='bbox 3102 397 3202 480; x_wconf 85' lang='lat' dir='ltr'>qui</span> <span class='ocrx_word' id='word_1_18' title='bbox 3235 400 3562 462; x_wconf 91' lang='lat' dir='ltr'>convenie-</span> 
     </span>
    </p>
   </div>
   <div class='ocr_carea' id='block_1_6' title="bbox 197 501 1840 584">
    <p class='ocr_par' dir='ltr' id='par_1_6' title="bbox 197 501 1840 584">
     <span class='ocr_line' id='line_1_6' title="bbox 197 501 1840 584; baseline -0.004 -24"><span class='ocrx_word' id='word_1_19' title='bbox 197 505 625 584; x_wconf 77' lang='grc' dir='ltr'>συνερχομένοῦς</span> <span class='ocrx_word' id='word_1_20' title='bbox 692 505 914 572; x_wconf 74' lang='grc' dir='ltr'>ἧξίωσεν</span> <span class='ocrx_word' id='word_1_21' title='bbox 972 504 1184 579; x_wconf 78' lang='grc' dir='ltr'>ἐνέγκαι</span> <span class='ocrx_word' id='word_1_22' title='bbox 1262 505 1442 574; x_wconf 76' lang='grc' dir='ltr'>αὐτὸν,</span> <span class='ocrx_word' id='word_1_23' title='bbox 1519 504 1604 558; x_wconf 84' lang='grc' dir='ltr'>καὶ</span> <span class='ocrx_word' id='word_1_24' title='bbox 1675 501 1840 560; x_wconf 78' lang='grc' dir='ltr'>οὕτως</span> 
     </span>
    </p>
   </div>
   <div class='ocr_carea' id='block_1_7' title="bbox 197 590 1838 673">
    <p class='ocr_par' dir='ltr' id='par_1_7' title="bbox 197 590 1838 673">
     <span class='ocr_line' id='line_1_7' title="bbox 197 590 1838 673; baseline -0.004 -23"><span class='ocrx_word' id='word_1_25' title='bbox 197 595 338 650; x_wconf 81' lang='grc' dir='ltr'>κατὰ</span> <span class='ocrx_word' id='word_1_26' title='bbox 381 596 444 649; x_wconf 79' lang='grc' dir='ltr'>τὸ</span> <span class='ocrx_word' id='word_1_27' title='bbox 489 594 740 672; x_wconf 88' lang='grc' dir='ltr'>πρότερον</span> <span class='ocrx_word' id='word_1_28' title='bbox 797 594 990 673; x_wconf 77' lang='grc' dir='ltr'>σχῆμα</span> <span class='ocrx_word' id='word_1_29' title='bbox 1038 595 1128 648; x_wconf 80' lang='grc' dir='ltr'>τὸν</span> <span class='ocrx_word' id='word_1_30' title='bbox 1172 593 1333 648; x_wconf 85' lang='grc' dir='ltr'>πόθον</span> <span class='ocrx_word' id='word_1_31' title='bbox 1378 593 1534 648; x_wconf 72' lang='grc' dir='ltr'>αὐτοῦ</span> <span class='ocrx_word' id='word_1_32' title='bbox 1569 590 1838 666; x_wconf 72' lang='grc' dir='ltr'>ἀνύοντες,</span> 
     </span>
    </p>
   </div>
   <div class='ocr_carea' id='block_1_8' title="bbox 194 677 1838 760">
    <p class='ocr_par' dir='ltr' id='par_1_8' title="bbox 194 677 1838 760">
     <span class='ocr_line' id='line_1_8' title="bbox 194 677 1838 760; baseline -0.001 -22"><span class='ocrx_word' id='word_1_33' title='bbox 194 683 290 738; x_wconf 82' lang='grc' dir='ltr'>σὺν</span> <span class='ocrx_word' id='word_1_34' title='bbox 323 695 445 746; x_wconf 73' lang='grc' dir='ltr'>τοῖς</span> <span class='ocrx_word' id='word_1_35' title='bbox 490 682 551 738; x_wconf 84' lang='grc' dir='ltr'>ἐκ</span> <span class='ocrx_word' id='word_1_36' title='bbox 593 690 684 740; x_wconf 73' lang='grc' dir='ltr'>τοῦ</span> <span class='ocrx_word' id='word_1_37' title='bbox 717 684 1075 760; x_wconf 83' lang='grc' dir='ltr'>μοναστηρίου</span> <span class='ocrx_word' id='word_1_38' title='bbox 1105 681 1158 738; x_wconf 85' lang='grc' dir='ltr'>ἐν</span> <span class='ocrx_word' id='word_1_39' title='bbox 1188 682 1233 756; x_wconf 82' lang='grc' dir='ltr'>ᾧ</span> <span class='ocrx_word' id='word_1_40' title='bbox 1264 681 1529 758; x_wconf 71' lang='grc' dir='ltr'>διέτριψεν</span> <span class='ocrx_word' id='word_1_41' title='bbox 1561 677 1838 758; x_wconf 74' lang='grc' dir='ltr'>ἀδελφοῖς.</span> 
     </span>
    </p>
   </div>
   <div class='ocr_carea' id='block_1_9' title="bbox 195 768 1840 846">
    <p class='ocr_par' dir='ltr' id='par_1_9' title="bbox 195 768 1840 846">
     <span class='ocr_line' id='line_1_9' title="bbox 195 768 1840 846; baseline -0.004 -19"><span class='ocrx_word' id='word_1_42' title='bbox 195 773 337 843; x_wconf 81' lang='grc' dir='ltr'>μετὰ</span> <span class='ocrx_word' id='word_1_43' title='bbox 390 770 621 846; x_wconf 81' lang='grc' dir='ltr'>ψαλμῶν</span> <span class='ocrx_word' id='word_1_44' title='bbox 683 773 772 828; x_wconf 82' lang='grc' dir='ltr'>καὶ</span> <span class='ocrx_word' id='word_1_45' title='bbox 849 771 1028 845; x_wconf 80' lang='grc' dir='ltr'>ὕμνων</span> <span class='ocrx_word' id='word_1_46' title='bbox 1085 773 1180 827; x_wconf 85' lang='grc' dir='ltr'><strong>καί</strong></span> <span class='ocrx_word' id='word_1_47' title='bbox 1257 768 1406 844; x_wconf 78' lang='grc' dir='ltr'>ᾠδῶν</span> <span class='ocrx_word' id='word_1_48' title='bbox 1463 772 1840 843; x_wconf 77' lang='grc' dir='ltr'>πνευματικῶν</span> 
     </span>
    </p>
   </div>
   <div class='ocr_carea' id='block_1_10' title="bbox 191 856 1836 937">
    <p class='ocr_par' dir='ltr' id='par_1_10' title="bbox 191 856 1836 937">
     <span class='ocr_line' id='line_1_10' title="bbox 191 856 1836 937; baseline -0.002 -21"><span class='ocrx_word' id='word_1_49' title='bbox 191 861 470 937; x_wconf 75' lang='grc' dir='ltr'>ἀνήγαγον</span> <span class='ocrx_word' id='word_1_50' title='bbox 528 863 686 917; x_wconf 69' lang='grc' dir='ltr'>αὐτὸν</span> <span class='ocrx_word' id='word_1_51' title='bbox 755 863 851 918; x_wconf 77' lang='grc' dir='ltr'>καί</span> <span class='ocrx_word' id='word_1_52' title='bbox 899 860 1220 927; x_wconf 67' lang='grc' dir='ltr'>ποιήσαντες</span> <span class='ocrx_word' id='word_1_53' title='bbox 1261 856 1486 915; x_wconf 77' lang='grc' dir='ltr'>κλουϐὸν</span> <span class='ocrx_word' id='word_1_54' title='bbox 1529 861 1591 914; x_wconf 73' lang='grc' dir='ltr'>ἐκ</span> <span class='ocrx_word' id='word_1_55' title='bbox 1647 856 1836 930; x_wconf 81' lang='grc' dir='ltr'>ξύλων,</span> 
     </span>
    </p>
   </div>
   <div class='ocr_carea' id='block_1_11' title="bbox 193 947 1838 1028">
    <p class='ocr_par' dir='ltr' id='par_1_11' title="bbox 193 947 1838 1028">
     <span class='ocr_line' id='line_1_11' title="bbox 193 947 1838 1028; baseline -0.004 -22"><span class='ocrx_word' id='word_1_56' title='bbox 193 952 267 1012; x_wconf 80' lang='grc' dir='ltr'>ὡς</span> <span class='ocrx_word' id='word_1_57' title='bbox 314 949 492 1026; x_wconf 76' lang='grc' dir='ltr'>ὄρνεον</span> <span class='ocrx_word' id='word_1_58' title='bbox 524 951 770 1024; x_wconf 81' lang='grc' dir='ltr'>ὑψιτενὲς</span> <span class='ocrx_word' id='word_1_59' title='bbox 803 950 1130 1020; x_wconf 78' lang='grc' dir='ltr'>ἐνέκλεισαν,</span> <span class='ocrx_word' id='word_1_60' title='bbox 1185 947 1363 1028; x_wconf 82' lang='grc' dir='ltr'>θυρίδα</span> <span class='ocrx_word' id='word_1_61' title='bbox 1395 948 1557 1023; x_wconf 84' lang='grc' dir='ltr'>μόνον</span> <span class='ocrx_word' id='word_1_62' title='bbox 1587 948 1838 1010; x_wconf 78' lang='grc' dir='ltr'>ἐάσαντες</span> 
     </span>
    </p>
   </div>
   <div class='ocr_carea' id='block_1_12' title="bbox 195 1037 1838 1118">
    <p class='ocr_par' dir='ltr' id='par_1_12' title="bbox 195 1037 1838 1118">
     <span class='ocr_line' id='line_1_12' title="bbox 195 1037 1838 1118; baseline -0.003 -23"><span class='ocrx_word' id='word_1_63' title='bbox 195 1043 328 1118; x_wconf 83' lang='grc' dir='ltr'>πρὸς</span> <span class='ocrx_word' id='word_1_64' title='bbox 392 1041 490 1106; x_wconf 78' lang='grc' dir='ltr'>τὴν</span> <span class='ocrx_word' id='word_1_65' title='bbox 547 1047 654 1096; x_wconf 85' lang='grc' dir='ltr'>τῶν</span> <span class='ocrx_word' id='word_1_66' title='bbox 727 1039 1180 1118; x_wconf 73' lang='grc' dir='ltr'>παραγινομένων</span> <span class='ocrx_word' id='word_1_67' title='bbox 1241 1039 1526 1114; x_wconf 75' lang='grc' dir='ltr'>συντυχίαν</span> <span class='ocrx_word' id='word_1_68' title='bbox 1583 1037 1721 1093; x_wconf 84' lang='grc' dir='ltr'>κατά</span> <span class='ocrx_word' id='word_1_69' title='bbox 1779 1037 1838 1090; x_wconf 80' lang='grc' dir='ltr'>τὸ</span> 
     </span>
    </p>
   </div>
   <div class='ocr_carea' id='block_1_13' title="bbox 194 1125 1838 1210">
    <p class='ocr_par' dir='ltr' id='par_1_13' title="bbox 194 1125 1838 1210">
     <span class='ocr_line' id='line_1_13' title="bbox 194 1125 1838 1210; baseline -0.004 -24"><span class='ocrx_word' id='word_1_70' title='bbox 194 1133 457 1207; x_wconf 85' lang='grc' dir='ltr'>πρότερον</span> <span class='ocrx_word' id='word_1_71' title='bbox 515 1135 710 1210; x_wconf 78' lang='grc' dir='ltr'>σχῆμα</span> <span class='ocrx_word' id='word_1_72' title='bbox 737 1147 751 1162; x_wconf 82' lang='grc'>⁸</span> <span class='ocrx_word' id='word_1_73' title='bbox 802 1132 887 1193; x_wconf 87' lang='grc' dir='ltr'>οἷς</span> <span class='ocrx_word' id='word_1_74' title='bbox 933 1129 1284 1204; x_wconf 78' lang='grc' dir='ltr'>ἐπευξάμενος</span> <span class='ocrx_word' id='word_1_75' title='bbox 1315 1129 1404 1184; x_wconf 86' lang='grc' dir='ltr'>καὶ</span> <span class='ocrx_word' id='word_1_76' title='bbox 1434 1125 1658 1182; x_wconf 72' lang='grc' dir='ltr'>ἕκαστον</span> <span class='ocrx_word' id='word_1_77' title='bbox 1702 1147 1838 1181; x_wconf 89' lang='grc' dir='ltr'>κατ-</span> 
     </span>
    </p>
   </div>
   <div class='ocr_carea' id='block_1_14' title="bbox 195 1214 1838 1293">
    <p class='ocr_par' dir='ltr' id='par_1_14' title="bbox 195 1214 1838 1293">
     <span class='ocr_line' id='line_1_14' title="bbox 195 1214 1838 1293; baseline -0.004 -17"><span class='ocrx_word' id='word_1_78' title='bbox 195 1220 578 1293; x_wconf 82' lang='grc' dir='ltr'>ασπασάμενος</span> <span class='ocrx_word' id='word_1_79' title='bbox 661 1219 862 1284; x_wconf 82' lang='grc' dir='ltr'>πάντας</span> <span class='ocrx_word' id='word_1_80' title='bbox 946 1218 1206 1274; x_wconf 80' lang='grc' dir='ltr'>ἀπέλυσεν</span> <span class='ocrx_word' id='word_1_81' title='bbox 1244 1265 1259 1290; x_wconf 78' lang='grc'><em>,</em></span> <span class='ocrx_word' id='word_1_82' title='bbox 1358 1214 1679 1282; x_wconf 80' lang='grc' dir='ltr'>καταληθεῑς</span> <span class='ocrx_word' id='word_1_83' title='bbox 1765 1218 1838 1278; x_wconf 81' lang='grc' dir='ltr'>ὡς</span> 
     </span>
    </p>
   </div>
   <div class='ocr_carea' id='block_1_15' title="bbox 197 1307 1841 1387">
    <p class='ocr_par' dir='ltr' id='par_1_15' title="bbox 197 1307 1841 1387">
     <span class='ocr_line' id='line_1_15' title="bbox 197 1307 1841 1387; baseline -0.003 -22"><span class='ocrx_word' id='word_1_84' title='bbox 197 1311 468 1386; x_wconf 86' lang='grc' dir='ltr'>στρουθίον</span> <span class='ocrx_word' id='word_1_85' title='bbox 524 1309 756 1384; x_wconf 82' lang='grc' dir='ltr'>μονάζον</span> <span class='ocrx_word' id='word_1_86' title='bbox 797 1309 883 1364; x_wconf 84' lang='grc' dir='ltr'>ἐπὶ</span> <span class='ocrx_word' id='word_1_87' title='bbox 921 1307 1134 1382; x_wconf 83' lang='grc' dir='ltr'>δόματι,</span> <span class='ocrx_word' id='word_1_88' title='bbox 1186 1310 1519 1387; x_wconf 69' lang='grc' dir='ltr'>εὐχαριστῶν</span> <span class='ocrx_word' id='word_1_89' title='bbox 1562 1310 1639 1378; x_wconf 80' lang='grc' dir='ltr'>τῷ</span> <span class='ocrx_word' id='word_1_90' title='bbox 1671 1307 1841 1384; x_wconf 80' lang='grc' dir='ltr'>Κυρίῳ</span> 
     </span>
    </p>
   </div>
   <div class='ocr_carea' id='block_1_16' title="bbox 194 1395 1516 1478">
    <p class='ocr_par' dir='ltr' id='par_1_16' title="bbox 194 1395 1516 1478">
     <span class='ocr_line' id='line_1_16' title="bbox 194 1395 1516 1478; baseline 0 -24"><span class='ocrx_word' id='word_1_91' title='bbox 194 1395 282 1454; x_wconf 82' lang='grc' dir='ltr'>διὰ</span> <span class='ocrx_word' id='word_1_92' title='bbox 311 1403 408 1466; x_wconf 80' lang='grc' dir='ltr'>τῆς</span> <span class='ocrx_word' id='word_1_93' title='bbox 444 1401 699 1469; x_wconf 59' lang='grc' dir='ltr'>συνήθους</span> <span class='ocrx_word' id='word_1_94' title='bbox 729 1400 962 1478; x_wconf 74' lang='grc' dir='ltr'>ἡσυχίας</span> <span class='ocrx_word' id='word_1_95' title='bbox 995 1420 1048 1454; x_wconf 88' lang='grc' dir='ltr'>τε</span> <span class='ocrx_word' id='word_1_96' title='bbox 1071 1399 1158 1454; x_wconf 86' lang='grc' dir='ltr'>καὶ</span> <span class='ocrx_word' id='word_1_97' title='bbox 1185 1396 1516 1472; x_wconf 79' lang='grc' dir='ltr'>δοξολογίας.</span> 
     </span>
    </p>
   </div>
   <div class='ocr_carea' id='block_1_17' title="bbox 278 1574 1838 1656">
    <p class='ocr_par' dir='ltr' id='par_1_17' title="bbox 278 1574 1838 1656">
     <span class='ocr_line' id='line_1_17' title="bbox 278 1574 1838 1656; baseline -0.003 -23"><span class='ocrx_word' id='word_1_98' title='bbox 278 1575 418 1638; x_wconf 80' lang='grc' dir='ltr'>ΜΔ’.</span> <span class='ocrx_word' id='word_1_99' title='bbox 467 1576 783 1654; x_wconf 75' lang='grc' dir='ltr'>’Δπέριττον</span> <span class='ocrx_word' id='word_1_100' title='bbox 831 1576 884 1633; x_wconf 78' lang='grc' dir='ltr'>δὲ</span> <span class='ocrx_word' id='word_1_101' title='bbox 915 1578 1002 1634; x_wconf 87' lang='grc' dir='ltr'>καὶ</span> <span class='ocrx_word' id='word_1_102' title='bbox 1035 1576 1239 1652; x_wconf 81' lang='grc' dir='ltr'>μᾶλλον</span> <span class='ocrx_word' id='word_1_103' title='bbox 1267 1574 1535 1656; x_wconf 70' lang='grc' dir='ltr'>ὠφέλιμον</span> <span class='ocrx_word' id='word_1_104' title='bbox 1569 1574 1838 1652; x_wconf 68' lang='grc' dir='ltr'>ἡγούμεθα</span> 
     </span>
    </p>
   </div>
   <div class='ocr_carea' id='block_1_18' title="bbox 193 1664 1837 1746">
    <p class='ocr_par' dir='ltr' id='par_1_18' title="bbox 193 1664 1837 1746">
     <span class='ocr_line' id='line_1_18' title="bbox 193 1664 1837 1746; baseline -0.002 -23"><span class='ocrx_word' id='word_1_105' title='bbox 193 1666 686 1744; x_wconf 66' lang='grc' dir='ltr'>τοδιηγήσασθαι</span> <span class='ocrx_word' id='word_1_106' title='bbox 761 1673 994 1746; x_wconf 82' lang='grc' dir='ltr'>μερικῶς</span> <span class='ocrx_word' id='word_1_107' title='bbox 1066 1669 1154 1723; x_wconf 85' lang='grc' dir='ltr'>καὶ</span> <span class='ocrx_word' id='word_1_108' title='bbox 1223 1666 1346 1728; x_wconf 77' lang='grc' dir='ltr'>τοὺς</span> <span class='ocrx_word' id='word_1_109' title='bbox 1420 1667 1642 1721; x_wconf 78' lang='grc' dir='ltr'>ἐνταῦθα</span> <span class='ocrx_word' id='word_1_110' title='bbox 1714 1664 1837 1720; x_wconf 85' lang='grc' dir='ltr'>ἐπι-</span> 
     </span>
    </p>
   </div>
   <div class='ocr_carea' id='block_1_19' title="bbox 1927 489 3562 574">
    <p class='ocr_par' dir='ltr' id='par_1_19' title="bbox 1927 489 3562 574">
     <span class='ocr_line' id='line_1_19' title="bbox 1927 489 3562 574; baseline -0.004 -17"><span class='ocrx_word' id='word_1_111' title='bbox 1927 494 2292 574; x_wconf 89' lang='lat' dir='ltr'>bant,ipsum</span> <span class='ocrx_word' id='word_1_112' title='bbox 2318 493 2874 574; x_wconf 77' lang='lat' dir='ltr'>deducere.Sicque</span> <span class='ocrx_word' id='word_1_113' title='bbox 2898 491 2958 552; x_wconf 92' lang='lat' dir='ltr'>in</span> <span class='ocrx_word' id='word_1_114' title='bbox 2994 489 3178 570; x_wconf 86' lang='lat' dir='ltr'>priori</span> <span class='ocrx_word' id='word_1_115' title='bbox 3199 489 3404 552; x_wconf 87' lang='lat' dir='ltr'>habitu</span> <span class='ocrx_word' id='word_1_116' title='bbox 3427 491 3562 570; x_wconf 83' lang='lat' dir='ltr'>ejus</span> 
     </span>
    </p>
   </div>
   <div class='ocr_carea' id='block_1_20' title="bbox 1925 580 3562 664">
    <p class='ocr_par' dir='ltr' id='par_1_20' title="bbox 1925 580 3562 664">
     <span class='ocr_line' id='line_1_20' title="bbox 1925 580 3562 664; baseline -0.003 -18"><span class='ocrx_word' id='word_1_117' title='bbox 1925 585 2288 648; x_wconf 84' lang='lat' dir='ltr'>desiderium</span> <span class='ocrx_word' id='word_1_118' title='bbox 2322 583 2809 664; x_wconf 87' lang='lat' dir='ltr'>implentes,cum</span> <span class='ocrx_word' id='word_1_119' title='bbox 2843 580 3156 642; x_wconf 77' lang='lat' dir='ltr'>Fratribus</span> <span class='ocrx_word' id='word_1_120' title='bbox 3178 581 3468 660; x_wconf 81' lang='lat' dir='ltr'>quierant</span> <span class='ocrx_word' id='word_1_121' title='bbox 3490 599 3562 642; x_wconf 84' lang='lat' dir='ltr'>ex</span> 
     </span>
    </p>
   </div>
   <div class='ocr_carea' id='block_1_21' title="bbox 1925 670 3562 753">
    <p class='ocr_par' dir='ltr' id='par_1_21' title="bbox 1925 670 3562 753">
     <span class='ocr_line' id='line_1_21' title="bbox 1925 670 3562 753; baseline -0.003 -17"><span class='ocrx_word' id='word_1_122' title='bbox 1925 675 2292 736; x_wconf 91' lang='lat' dir='ltr'>monasterio</span> <span class='ocrx_word' id='word_1_123' title='bbox 2337 673 2396 733; x_wconf 92' lang='lat' dir='ltr'>in</span> <span class='ocrx_word' id='word_1_124' title='bbox 2443 692 2559 753; x_wconf 89' lang='lat' dir='ltr'>quo</span> <span class='ocrx_word' id='word_1_125' title='bbox 2607 681 2695 732; x_wconf 93' lang='lat' dir='ltr'>est</span> <span class='ocrx_word' id='word_1_126' title='bbox 2724 680 3015 745; x_wconf 86' lang='lat' dir='ltr'>versatus,</span> <span class='ocrx_word' id='word_1_127' title='bbox 3050 689 3185 731; x_wconf 91' lang='lat' dir='ltr'>cum</span> <span class='ocrx_word' id='word_1_128' title='bbox 3223 670 3468 751; x_wconf 84' lang='lat' dir='ltr'>psalmis</span> <span class='ocrx_word' id='word_1_129' title='bbox 3499 681 3562 733; x_wconf 86' lang='lat' dir='ltr'>et</span> 
     </span>
    </p>
   </div>
   <div class='ocr_carea' id='block_1_22' title="bbox 1925 759 3557 844">
    <p class='ocr_par' dir='ltr' id='par_1_22' title="bbox 1925 759 3557 844">
     <span class='ocr_line' id='line_1_22' title="bbox 1925 759 3557 844; baseline -0.002 -18"><span class='ocrx_word' id='word_1_130' title='bbox 1925 765 2160 844; x_wconf 80' lang='lat' dir='ltr'>hymnis</span> <span class='ocrx_word' id='word_1_131' title='bbox 2187 774 2243 825; x_wconf 92' lang='lat' dir='ltr'>et</span> <span class='ocrx_word' id='word_1_132' title='bbox 2273 762 2522 824; x_wconf 88' lang='lat' dir='ltr'>canticis</span> <span class='ocrx_word' id='word_1_133' title='bbox 2553 760 2928 839; x_wconf 82' lang='lat' dir='ltr'>spiritalibus</span> <span class='ocrx_word' id='word_1_134' title='bbox 2961 778 3095 821; x_wconf 91' lang='lat' dir='ltr'>eum</span> <span class='ocrx_word' id='word_1_135' title='bbox 3131 759 3508 822; x_wconf 87' lang='lat' dir='ltr'>deduxerunt</span> <span class='ocrx_word' id='word_1_136' title='bbox 3541 780 3557 823; x_wconf 91' lang='lat'>:</span> 
     </span>
    </p>
   </div>
   <div class='ocr_carea' id='block_1_23' title="bbox 1923 849 3562 931">
    <p class='ocr_par' dir='ltr' id='par_1_23' title="bbox 1923 849 3562 931">
     <span class='ocr_line' id='line_1_23' title="bbox 1923 849 3562 931; baseline -0.002 -17"><span class='ocrx_word' id='word_1_137' title='bbox 1923 862 2144 914; x_wconf 91' lang='lat' dir='ltr'>etcum</span> <span class='ocrx_word' id='word_1_138' title='bbox 2179 852 2420 931; x_wconf 84' lang='lat' dir='ltr'>globum</span> <span class='ocrx_word' id='word_1_139' title='bbox 2460 870 2529 912; x_wconf 84' lang='lat' dir='ltr'>ex</span> <span class='ocrx_word' id='word_1_140' title='bbox 2557 851 2739 929; x_wconf 88' lang='lat' dir='ltr'>lignis</span> <span class='ocrx_word' id='word_1_141' title='bbox 2764 849 3360 929; x_wconf 86' lang='lat' dir='ltr'>fecissent,tanquam</span> <span class='ocrx_word' id='word_1_142' title='bbox 3393 867 3562 911; x_wconf 87' lang='lat' dir='ltr'>avem</span> 
     </span>
    </p>
   </div>
   <div class='ocr_carea' id='block_1_24' title="bbox 1920 944 3558 1024">
    <p class='ocr_par' dir='ltr' id='par_1_24' title="bbox 1920 944 3558 1024">
     <span class='ocr_line' id='line_1_24' title="bbox 1920 944 3558 1024; baseline -0.002 -17"><span class='ocrx_word' id='word_1_143' title='bbox 1920 947 2178 1007; x_wconf 89' lang='lat' dir='ltr'>sublime</span> <span class='ocrx_word' id='word_1_144' title='bbox 2207 945 2733 1024; x_wconf 81' lang='lat' dir='ltr'>volantem,ipsum</span> <span class='ocrx_word' id='word_1_145' title='bbox 2765 944 2823 1004; x_wconf 88' lang='lat' dir='ltr'>in</span> <span class='ocrx_word' id='word_1_146' title='bbox 2854 963 2924 1005; x_wconf 92' lang='lat' dir='ltr'>eo</span> <span class='ocrx_word' id='word_1_147' title='bbox 2958 944 3356 1018; x_wconf 85' lang='lat' dir='ltr'>incluserunt,</span> <span class='ocrx_word' id='word_1_148' title='bbox 3379 962 3558 1004; x_wconf 91' lang='lat' dir='ltr'>unam</span> 
     </span>
    </p>
   </div>
   <div class='ocr_carea' id='block_1_25' title="bbox 1920 1035 3564 1109">
    <p class='ocr_par' dir='ltr' id='par_1_25' title="bbox 1920 1035 3564 1109">
     <span class='ocr_line' id='line_1_25' title="bbox 1920 1035 3564 1109; baseline -0.001 -10"><span class='ocrx_word' id='word_1_149' title='bbox 1920 1039 2105 1100; x_wconf 87' lang='lat' dir='ltr'>solam</span> <span class='ocrx_word' id='word_1_150' title='bbox 2139 1039 2410 1099; x_wconf 88' lang='lat' dir='ltr'>sinentes</span> <span class='ocrx_word' id='word_1_151' title='bbox 2442 1038 2790 1109; x_wconf 80' lang='lat' dir='ltr'>fenestram,</span> <span class='ocrx_word' id='word_1_152' title='bbox 2825 1035 2896 1096; x_wconf 90' lang='lat' dir='ltr'>ad</span> <span class='ocrx_word' id='word_1_153' title='bbox 2948 1035 3423 1097; x_wconf 91' lang='lat' dir='ltr'>conveniendum</span> <span class='ocrx_word' id='word_1_154' title='bbox 3456 1053 3564 1097; x_wconf 91' lang='lat' dir='ltr'>eos</span> 
     </span>
    </p>
   </div>
   <div class='ocr_carea' id='block_1_26' title="bbox 1922 1125 3559 1209">
    <p class='ocr_par' dir='ltr' id='par_1_26' title="bbox 1922 1125 3559 1209">
     <span class='ocr_line' id='line_1_26' title="bbox 1922 1125 3559 1209; baseline -0.001 -20"><span class='ocrx_word' id='word_1_155' title='bbox 1922 1133 2020 1209; x_wconf 89' lang='lat' dir='ltr'>qui</span> <span class='ocrx_word' id='word_1_156' title='bbox 2041 1127 2508 1201; x_wconf 87' lang='lat' dir='ltr'>accedebant,eo</span> <span class='ocrx_word' id='word_1_157' title='bbox 2527 1128 2644 1188; x_wconf 92' lang='lat' dir='ltr'>ritu</span> <span class='ocrx_word' id='word_1_158' title='bbox 2666 1145 2782 1206; x_wconf 93' lang='lat' dir='ltr'>quo</span> <span class='ocrx_word' id='word_1_159' title='bbox 2810 1126 3230 1205; x_wconf 88' lang='lat' dir='ltr'>prius.Quibus</span> <span class='ocrx_word' id='word_1_160' title='bbox 3250 1125 3404 1186; x_wconf 91' lang='lat' dir='ltr'>bene</span> <span class='ocrx_word' id='word_1_161' title='bbox 3427 1144 3559 1204; x_wconf 88' lang='lat' dir='ltr'>pre-</span> 
     </span>
    </p>
   </div>
   <div class='ocr_carea' id='block_1_27' title="bbox 1923 1214 3558 1296">
    <p class='ocr_par' dir='ltr' id='par_1_27' title="bbox 1923 1214 3558 1296">
     <span class='ocr_line' id='line_1_27' title="bbox 1923 1214 3558 1296; baseline -0.001 -18"><span class='ocrx_word' id='word_1_162' title='bbox 1923 1227 2109 1293; x_wconf 84' lang='lat' dir='ltr'>catus,</span> <span class='ocrx_word' id='word_1_163' title='bbox 2135 1227 2193 1278; x_wconf 89' lang='lat' dir='ltr'>et</span> <span class='ocrx_word' id='word_1_164' title='bbox 2215 1235 2706 1296; x_wconf 87' lang='lat' dir='ltr'>unumquemque</span> <span class='ocrx_word' id='word_1_165' title='bbox 2738 1217 3058 1289; x_wconf 86' lang='lat' dir='ltr'>osculatus,</span> <span class='ocrx_word' id='word_1_166' title='bbox 3087 1233 3300 1276; x_wconf 90' lang='lat' dir='ltr'>omnes</span> <span class='ocrx_word' id='word_1_167' title='bbox 3330 1214 3558 1277; x_wconf 88' lang='lat' dir='ltr'>dimisit</span> 
     </span>
    </p>
   </div>
   <div class='ocr_carea' id='block_1_28' title="bbox 1925 1305 3558 1387">
    <p class='ocr_par' dir='ltr' id='par_1_28' title="bbox 1925 1305 3558 1387">
     <span class='ocr_line' id='line_1_28' title="bbox 1925 1305 3558 1387; baseline -0.001 -19"><span class='ocrx_word' id='word_1_168' title='bbox 1925 1309 1982 1368; x_wconf 92' lang='lat' dir='ltr'>in</span> <span class='ocrx_word' id='word_1_169' title='bbox 2017 1325 2181 1387; x_wconf 90' lang='lat' dir='ltr'>pace,</span> <span class='ocrx_word' id='word_1_170' title='bbox 2217 1307 2458 1368; x_wconf 90' lang='lat' dir='ltr'>relictus</span> <span class='ocrx_word' id='word_1_171' title='bbox 2514 1325 2746 1379; x_wconf 89' lang='lat' dir='ltr'>rursus,</span> <span class='ocrx_word' id='word_1_172' title='bbox 2779 1315 3055 1386; x_wconf 86' lang='lat' dir='ltr'>tanquam</span> <span class='ocrx_word' id='word_1_173' title='bbox 3117 1323 3320 1385; x_wconf 87' lang='lat' dir='ltr'>passer</span> <span class='ocrx_word' id='word_1_174' title='bbox 3348 1305 3558 1368; x_wconf 90' lang='lat' dir='ltr'>solita-</span> 
     </span>
    </p>
   </div>
   <div class='ocr_carea' id='block_1_29' title="bbox 1923 1395 3562 1477">
    <p class='ocr_par' dir='ltr' id='par_1_29' title="bbox 1923 1395 3562 1477">
     <span class='ocr_line' id='line_1_29' title="bbox 1923 1395 3562 1477; baseline 0 -19"><span class='ocrx_word' id='word_1_175' title='bbox 1923 1399 2051 1458; x_wconf 85' lang='lat' dir='ltr'>rius</span> <span class='ocrx_word' id='word_1_176' title='bbox 2089 1396 2140 1444; x_wconf 63' lang='lat'>29</span> <span class='ocrx_word' id='word_1_177' title='bbox 2165 1414 2345 1474; x_wconf 90' lang='lat' dir='ltr'>supra</span> <span class='ocrx_word' id='word_1_178' title='bbox 2389 1403 2635 1467; x_wconf 89' lang='lat' dir='ltr'>tectum,</span> <span class='ocrx_word' id='word_1_179' title='bbox 2699 1395 2820 1456; x_wconf 89' lang='lat' dir='ltr'>Deo</span> <span class='ocrx_word' id='word_1_180' title='bbox 2851 1413 3039 1473; x_wconf 85' lang='lat' dir='ltr'>agens</span> <span class='ocrx_word' id='word_1_181' title='bbox 3068 1395 3287 1474; x_wconf 83' lang='lat' dir='ltr'>gratias</span> <span class='ocrx_word' id='word_1_182' title='bbox 3319 1406 3562 1477; x_wconf 87' lang='lat' dir='ltr'>propter</span> 
     </span>
    </p>
   </div>
   <div class='ocr_carea' id='block_1_30' title="bbox 1921 1485 3198 1566">
    <p class='ocr_par' dir='ltr' id='par_1_30' title="bbox 1921 1485 3198 1566">
     <span class='ocr_line' id='line_1_30' title="bbox 1921 1485 3198 1566; baseline -0.002 -17"><span class='ocrx_word' id='word_1_183' title='bbox 1921 1496 2262 1550; x_wconf 82' lang='lat' dir='ltr'>consuetam</span> <span class='ocrx_word' id='word_1_184' title='bbox 2295 1485 2556 1566; x_wconf 88' lang='lat' dir='ltr'>quietem</span> <span class='ocrx_word' id='word_1_185' title='bbox 2594 1493 2652 1546; x_wconf 90' lang='lat' dir='ltr'>et</span> <span class='ocrx_word' id='word_1_186' title='bbox 2681 1485 3198 1564; x_wconf 83' lang='lat' dir='ltr'>glorificationem.</span> 
     </span>
    </p>
   </div>
   <div class='ocr_carea' id='block_1_31' title="bbox 1991 1577 3562 1647">
    <p class='ocr_par' dir='ltr' id='par_1_31' title="bbox 1991 1577 3562 1647">
     <span class='ocr_line' id='line_1_31' title="bbox 1991 1577 3562 1647; baseline 0 -11"><span class='ocrx_word' id='word_1_187' title='bbox 1991 1580 2112 1636; x_wconf 89' lang='lat' dir='ltr'>Non</span> <span class='ocrx_word' id='word_1_188' title='bbox 2135 1579 2390 1636; x_wconf 86' lang='lat' dir='ltr'>alienum</span> <span class='ocrx_word' id='word_1_189' title='bbox 2411 1586 2602 1633; x_wconf 88' lang='lat' dir='ltr'>autem</span> <span class='ocrx_word' id='word_1_190' title='bbox 2619 1580 3028 1634; x_wconf 78' lang='lat' dir='ltr'>existimamus</span> <span class='ocrx_word' id='word_1_191' title='bbox 3043 1587 3215 1646; x_wconf 88' lang='lat' dir='ltr'>atque</span> <span class='ocrx_word' id='word_1_192' title='bbox 3237 1577 3378 1633; x_wconf 87' lang='lat' dir='ltr'>adeo</span> <span class='ocrx_word' id='word_1_193' title='bbox 3399 1579 3562 1647; x_wconf 90' lang='lat' dir='ltr'>utile,</span> 
     </span>
    </p>
   </div>
   <div class='ocr_carea' id='block_1_32' title="bbox 1921 1660 3561 1741">
    <p class='ocr_par' dir='ltr' id='par_1_32' title="bbox 1921 1660 3561 1741">
     <span class='ocr_line' id='line_1_32' title="bbox 1921 1660 3561 1741; baseline -0.001 -18"><span class='ocrx_word' id='word_1_194' title='bbox 1921 1661 2257 1740; x_wconf 84' lang='lat' dir='ltr'>singulatim</span> <span class='ocrx_word' id='word_1_195' title='bbox 2291 1679 2702 1741; x_wconf 78' lang='lat' dir='ltr'>narrare,quae</span> <span class='ocrx_word' id='word_1_196' title='bbox 2735 1660 2829 1722; x_wconf 93' lang='lat' dir='ltr'>hic</span> <span class='ocrx_word' id='word_1_197' title='bbox 2865 1661 2921 1721; x_wconf 91' lang='lat' dir='ltr'>ei</span> <span class='ocrx_word' id='word_1_198' title='bbox 2954 1666 3333 1738; x_wconf 85' lang='lat' dir='ltr'>contigerunt</span> <span class='ocrx_word' id='word_1_199' title='bbox 3363 1669 3561 1722; x_wconf 89' lang='lat' dir='ltr'>tenta-</span> 
     </span>
    </p>
   </div>
   <div class='ocr_carea' id='block_1_33' title="bbox 190 1749 1835 1833">
    <p class='ocr_par' dir='ltr' id='par_1_33' title="bbox 190 1754 1835 1833">
     <span class='ocr_line' id='line_1_33' title="bbox 190 1754 1835 1833; baseline -0.001 -21"><span class='ocrx_word' id='word_1_200' title='bbox 190 1754 496 1829; x_wconf 79' lang='grc' dir='ltr'>συμϐάντας</span> <span class='ocrx_word' id='word_1_201' title='bbox 576 1761 718 1831; x_wconf 76' lang='grc' dir='ltr'>αύτῷ</span> <span class='ocrx_word' id='word_1_202' title='bbox 789 1759 1116 1833; x_wconf 88' lang='grc' dir='ltr'>πειρασμοὺς</span> <span class='ocrx_word' id='word_1_203' title='bbox 1190 1757 1293 1812; x_wconf 80' lang='grc' dir='ltr'>ὑπὸ</span> <span class='ocrx_word' id='word_1_204' title='bbox 1350 1762 1456 1810; x_wconf 84' lang='grc' dir='ltr'>τῶν</span> <span class='ocrx_word' id='word_1_205' title='bbox 1528 1754 1835 1830; x_wconf 73' lang='grc' dir='ltr'>ἀκαθάρτων</span> 
     </span>
    </p>
   </div>
   <div class='ocr_carea' id='block_1_34' title="bbox 1968 1749 3566 1833">
    <p class='ocr_par' dir='ltr' id='par_1_34' title="bbox 1971 1749 3566 1829">
     <span class='ocr_line' id='line_1_34' title="bbox 1971 1749 3566 1829; baseline -0.001 -16"><span class='ocrx_word' id='word_1_206' title='bbox 1971 1770 2118 1814; x_wconf 92' lang='lat' dir='ltr'>ones</span> <span class='ocrx_word' id='word_1_207' title='bbox 2168 1751 2241 1812; x_wconf 89' lang='lat' dir='ltr'>ab</span> <span class='ocrx_word' id='word_1_208' title='bbox 2287 1752 2614 1813; x_wconf 88' lang='lat' dir='ltr'>immundis</span> <span class='ocrx_word' id='word_1_209' title='bbox 2660 1759 2718 1811; x_wconf 94' lang='lat' dir='ltr'>et</span> <span class='ocrx_word' id='word_1_210' title='bbox 2752 1751 3026 1829; x_wconf 89' lang='lat' dir='ltr'>malignis</span> <span class='ocrx_word' id='word_1_211' title='bbox 3059 1750 3392 1828; x_wconf 87' lang='lat' dir='ltr'>spiritibus.</span> <span class='ocrx_word' id='word_1_212' title='bbox 3437 1749 3566 1812; x_wconf 85' lang='lat' dir='ltr'>Una</span> 
     </span>
    </p>
   </div>
   <div class='ocr_carea' id='block_1_35' title="bbox 191 1844 1833 1924">
    <p class='ocr_par' dir='ltr' id='par_1_35' title="bbox 191 1844 1833 1924">
     <span class='ocr_line' id='line_1_35' title="bbox 191 1844 1833 1924; baseline -0.003 -22"><span class='ocrx_word' id='word_1_213' title='bbox 191 1847 538 1920; x_wconf 86' lang='grc' dir='ltr'>πνευμάτων.</span> <span class='ocrx_word' id='word_1_214' title='bbox 605 1853 712 1918; x_wconf 82' lang='grc' dir='ltr'>Μιᾷ</span> <span class='ocrx_word' id='word_1_215' title='bbox 782 1847 882 1924; x_wconf 79' lang='grc' dir='ltr'>γὰρ</span> <span class='ocrx_word' id='word_1_216' title='bbox 958 1849 1102 1902; x_wconf 85' lang='grc' dir='ltr'>νυκτὶ</span> <span class='ocrx_word' id='word_1_217' title='bbox 1153 1844 1594 1924; x_wconf 71' lang='grc' dir='ltr'>προσευχομένου</span> <span class='ocrx_word' id='word_1_218' title='bbox 1652 1847 1833 1921; x_wconf 61' lang='grc' dir='ltr'>αὖτοῦ,</span> 
     </span>
    </p>
   </div>
   <div class='ocr_carea' id='block_1_36' title="bbox 191 1931 1840 2010">
    <p class='ocr_par' dir='ltr' id='par_1_36' title="bbox 191 1931 1840 2010">
     <span class='ocr_line' id='line_1_36' title="bbox 191 1931 1840 2010; baseline -0.002 -21"><span class='ocrx_word' id='word_1_219' title='bbox 191 1934 506 1996; x_wconf 77' lang='grc' dir='ltr'>ἐπιστάντες</span> <span class='ocrx_word' id='word_1_220' title='bbox 569 1937 616 1991; x_wconf 81' lang='grc' dir='ltr'>οἱ</span> <span class='ocrx_word' id='word_1_221' title='bbox 676 1935 922 2010; x_wconf 84' lang='grc' dir='ltr'>δαίμονες</span> <span class='ocrx_word' id='word_1_222' title='bbox 968 1937 1042 1998; x_wconf 85' lang='grc' dir='ltr'>εἷς</span> <span class='ocrx_word' id='word_1_223' title='bbox 1084 1934 1285 2001; x_wconf 74' lang='grc' dir='ltr'>πλῆθος</span> <span class='ocrx_word' id='word_1_224' title='bbox 1344 1934 1584 2008; x_wconf 75' lang='grc' dir='ltr'>ἄπειρον,</span> <span class='ocrx_word' id='word_1_225' title='bbox 1633 1933 1687 1989; x_wconf 87' lang='grc' dir='ltr'>ἐν</span> <span class='ocrx_word' id='word_1_226' title='bbox 1731 1931 1840 1988; x_wconf 83' lang='grc' dir='ltr'>δια-</span> 
     </span>
    </p>
   </div>
   <div class='ocr_carea' id='block_1_37' title="bbox 190 2023 1833 2104">
    <p class='ocr_par' dir='ltr' id='par_1_37' title="bbox 190 2023 1833 2104">
     <span class='ocr_line' id='line_1_37' title="bbox 190 2023 1833 2104; baseline -0.002 -24"><span class='ocrx_word' id='word_1_227' title='bbox 190 2024 378 2103; x_wconf 78' lang='grc' dir='ltr'>φόροις</span> <span class='ocrx_word' id='word_1_228' title='bbox 423 2025 915 2104; x_wconf 77' lang='grc' dir='ltr'>σχηματιζόμένοι,</span> <span class='ocrx_word' id='word_1_229' title='bbox 988 2025 1470 2094; x_wconf 70' lang='grc' dir='ltr'>κατακτυποῦντες,</span> <span class='ocrx_word' id='word_1_230' title='bbox 1517 2023 1833 2101; x_wconf 78' lang='grc' dir='ltr'>βρύχοντες,</span> 
     </span>
    </p>
   </div>
   <div class='ocr_carea' id='block_1_38' title="bbox 190 2113 1833 2194">
    <p class='ocr_par' dir='ltr' id='par_1_38' title="bbox 190 2113 1833 2194">
     <span class='ocr_line' id='line_1_38' title="bbox 190 2113 1833 2194; baseline 0.001 -25"><span class='ocrx_word' id='word_1_231' title='bbox 190 2114 561 2188; x_wconf 69' lang='grc' dir='ltr'>ἀπειλοῦντες,</span> <span class='ocrx_word' id='word_1_232' title='bbox 612 2119 707 2173; x_wconf 75' lang='grc' dir='ltr'>οὐκ</span> <span class='ocrx_word' id='word_1_233' title='bbox 769 2114 1007 2194; x_wconf 72' lang='grc' dir='ltr'>ἴσχυσαν</span> <span class='ocrx_word' id='word_1_234' title='bbox 1056 2116 1148 2170; x_wconf 78' lang='grc' dir='ltr'>τὸν</span> <span class='ocrx_word' id='word_1_235' title='bbox 1193 2113 1310 2170; x_wconf 77' lang='grc' dir='ltr'>νοῦν</span> <span class='ocrx_word' id='word_1_236' title='bbox 1356 2113 1517 2169; x_wconf 70' lang='grc' dir='ltr'>αὐτοῦ</span> <span class='ocrx_word' id='word_1_237' title='bbox 1559 2118 1833 2189; x_wconf 82' lang='grc' dir='ltr'>πειρᾶσαι.</span> 
     </span>
    </p>
   </div>
   <div class='ocr_carea' id='block_1_39' title="bbox 197 2199 1836 2279">
    <p class='ocr_par' dir='ltr' id='par_1_39' title="bbox 197 2199 1836 2279">
     <span class='ocr_line' id='line_1_39' title="bbox 197 2199 1836 2279; baseline -0.001 -21"><span class='ocrx_word' id='word_1_238' title='bbox 197 2202 447 2279; x_wconf 75' lang='grc' dir='ltr'>Πληγαϊς</span> <span class='ocrx_word' id='word_1_239' title='bbox 493 2205 582 2257; x_wconf 74' lang='grc' dir='ltr'>οὖν</span> <span class='ocrx_word' id='word_1_240' title='bbox 628 2205 786 2259; x_wconf 72' lang='grc' dir='ltr'>αὐτὸν</span> <span class='ocrx_word' id='word_1_241' title='bbox 815 2206 1102 2278; x_wconf 78' lang='grc' dir='ltr'>κόψαντες,</span> <span class='ocrx_word' id='word_1_242' title='bbox 1135 2202 1304 2277; x_wconf 82' lang='grc' dir='ltr'>ᾢοντο</span> <span class='ocrx_word' id='word_1_243' title='bbox 1353 2200 1436 2259; x_wconf 84' lang='grc' dir='ltr'>διὰ</span> <span class='ocrx_word' id='word_1_244' title='bbox 1495 2207 1593 2268; x_wconf 79' lang='grc' dir='ltr'>τῆς</span> <span class='ocrx_word' id='word_1_245' title='bbox 1637 2199 1836 2278; x_wconf 75' lang='grc' dir='ltr'>θυρίδος</span> 
     </span>
    </p>
   </div>
   <div class='ocr_carea' id='block_1_40' title="bbox 194 2290 1835 2368">
    <p class='ocr_par' dir='ltr' id='par_1_40' title="bbox 194 2290 1835 2368">
     <span class='ocr_line' id='line_1_40' title="bbox 194 2290 1835 2368; baseline -0.001 -22"><span class='ocrx_word' id='word_1_246' title='bbox 194 2291 418 2356; x_wconf 79' lang='grc' dir='ltr'>ἐξωθοῦν</span> <span class='ocrx_word' id='word_1_247' title='bbox 464 2294 600 2366; x_wconf 84' lang='grc' dir='ltr'>μετά</span> <span class='ocrx_word' id='word_1_248' title='bbox 657 2291 864 2359; x_wconf 80' lang='grc' dir='ltr'>πολλῆς</span> <span class='ocrx_word' id='word_1_249' title='bbox 923 2293 1020 2360; x_wconf 67' lang='grc' dir='ltr'>τῆς</span> <span class='ocrx_word' id='word_1_250' title='bbox 1081 2294 1223 2368; x_wconf 76' lang='grc' dir='ltr'>βίας,</span> <span class='ocrx_word' id='word_1_251' title='bbox 1284 2290 1505 2368; x_wconf 87' lang='grc' dir='ltr'>θρύλλον</span> <span class='ocrx_word' id='word_1_252' title='bbox 1562 2297 1835 2354; x_wconf 70' lang='grc' dir='ltr'>ποιοόντες</span> 
     </span>
    </p>
   </div>
   <div class='ocr_carea' id='block_1_41' title="bbox 194 2379 1835 2458">
    <p class='ocr_par' dir='ltr' id='par_1_41' title="bbox 194 2379 1835 2458">
     <span class='ocr_line' id='line_1_41' title="bbox 194 2379 1835 2458; baseline -0.002 -21"><span class='ocrx_word' id='word_1_253' title='bbox 194 2383 286 2437; x_wconf 84' lang='grc' dir='ltr'>καὶ</span> <span class='ocrx_word' id='word_1_254' title='bbox 339 2380 781 2456; x_wconf 82' lang='grc' dir='ltr'>διαταράσσοντες</span> <span class='ocrx_word' id='word_1_255' title='bbox 839 2383 1052 2444; x_wconf 79' lang='grc' dir='ltr'>ἑαυτοὺς</span> <span class='ocrx_word' id='word_1_256' title='bbox 1128 2381 1330 2454; x_wconf 81' lang='grc' dir='ltr'>μᾶλλον</span> <span class='ocrx_word' id='word_1_257' title='bbox 1412 2379 1550 2458; x_wconf 72' lang='grc' dir='ltr'>ἥπερ</span> <span class='ocrx_word' id='word_1_258' title='bbox 1605 2380 1835 2454; x_wconf 74' lang='grc' dir='ltr'>ἐκεῖνον,</span> 
     </span>
    </p>
   </div>
   <div class='ocr_carea' id='block_1_42' title="bbox 198 2470 1836 2550">
    <p class='ocr_par' dir='ltr' id='par_1_42' title="bbox 198 2470 1836 2550">
     <span class='ocr_line' id='line_1_42' title="bbox 198 2470 1836 2550; baseline 0.002 -28"><span class='ocrx_word' id='word_1_259' title='bbox 198 2473 414 2550; x_wconf 77' lang='grc' dir='ltr'>φωναῖς</span> <span class='ocrx_word' id='word_1_260' title='bbox 459 2472 692 2546; x_wconf 81' lang='grc' dir='ltr'>ἀσήμοις</span> <span class='ocrx_word' id='word_1_261' title='bbox 723 2474 953 2547; x_wconf 80' lang='grc' dir='ltr'>βοῶντες</span> <span class='ocrx_word' id='word_1_262' title='bbox 989 2490 1002 2504; x_wconf 83' lang='grc'><strong>⁸</strong></span> <span class='ocrx_word' id='word_1_263' title='bbox 1038 2473 1099 2530; x_wconf 88' lang='grc' dir='ltr'>Τί</span> <span class='ocrx_word' id='word_1_264' title='bbox 1135 2494 1214 2528; x_wconf 83' lang='grc' dir='ltr'>σοι</span> <span class='ocrx_word' id='word_1_265' title='bbox 1267 2474 1352 2527; x_wconf 82' lang='grc' dir='ltr'>καὶ</span> <span class='ocrx_word' id='word_1_266' title='bbox 1401 2484 1524 2534; x_wconf 75' lang='grc' dir='ltr'>ταῖς</span> <span class='ocrx_word' id='word_1_267' title='bbox 1570 2470 1791 2549; x_wconf 74' lang='grc' dir='ltr'>ἐρήμοις</span> <span class='ocrx_word' id='word_1_268' title='bbox 1821 2491 1836 2542; x_wconf 89' lang='lat'><strong>;</strong></span> 
     </span>
    </p>
   </div>
   <div class='ocr_carea' id='block_1_43' title="bbox 1924 1839 3562 1920">
    <p class='ocr_par' dir='ltr' id='par_1_43' title="bbox 1924 1839 3562 1920">
     <span class='ocr_line' id='line_1_43' title="bbox 1924 1839 3562 1920; baseline -0.002 -17"><span class='ocrx_word' id='word_1_269' title='bbox 1924 1841 2083 1903; x_wconf 92' lang='lat' dir='ltr'>enim</span> <span class='ocrx_word' id='word_1_270' title='bbox 2119 1850 2296 1902; x_wconf 92' lang='lat' dir='ltr'>nocte</span> <span class='ocrx_word' id='word_1_271' title='bbox 2327 1859 2398 1901; x_wconf 93' lang='lat' dir='ltr'>eo</span> <span class='ocrx_word' id='word_1_272' title='bbox 2432 1841 3038 1920; x_wconf 87' lang='lat' dir='ltr'>orante,accedentes</span> <span class='ocrx_word' id='word_1_273' title='bbox 3061 1840 3363 1901; x_wconf 68' lang='lat' dir='ltr'>daemones</span> <span class='ocrx_word' id='word_1_274' title='bbox 3385 1839 3562 1902; x_wconf 87' lang='lat' dir='ltr'>innu-</span> 
     </span>
    </p>
   </div>
   <div class='ocr_carea' id='block_1_44' title="bbox 1924 1929 3561 2010">
    <p class='ocr_par' dir='ltr' id='par_1_44' title="bbox 1924 1929 3561 2010">
     <span class='ocr_line' id='line_1_44' title="bbox 1924 1929 3561 2010; baseline 0.001 -20"><span class='ocrx_word' id='word_1_275' title='bbox 1924 1930 2652 2006; x_wconf 87' lang='lat' dir='ltr'>merabiles,diversarum</span> <span class='ocrx_word' id='word_1_276' title='bbox 2677 1931 2973 1992; x_wconf 87' lang='lat' dir='ltr'>visionum</span> <span class='ocrx_word' id='word_1_277' title='bbox 2993 1929 3229 2010; x_wconf 92' lang='lat' dir='ltr'>species</span> <span class='ocrx_word' id='word_1_278' title='bbox 3251 1948 3369 2009; x_wconf 76' lang='lat' dir='ltr'>prae</span> <span class='ocrx_word' id='word_1_279' title='bbox 3391 1948 3456 1992; x_wconf 90' lang='lat' dir='ltr'>se</span> <span class='ocrx_word' id='word_1_280' title='bbox 3477 1930 3561 1992; x_wconf 82' lang='lat' dir='ltr'>fe-</span> 
     </span>
    </p>
   </div>
   <div class='ocr_carea' id='block_1_45' title="bbox 1919 2019 3560 2100">
    <p class='ocr_par' dir='ltr' id='par_1_45' title="bbox 1919 2019 3560 2100">
     <span class='ocr_line' id='line_1_45' title="bbox 1919 2019 3560 2100; baseline 0.001 -20"><span class='ocrx_word' id='word_1_281' title='bbox 1919 2019 3173 2100; x_wconf 87' lang='lat' dir='ltr'>rentes,strepentes,rugientes,minantes,</span> <span class='ocrx_word' id='word_1_282' title='bbox 3201 2037 3320 2080; x_wconf 89' lang='lat' dir='ltr'>non</span> <span class='ocrx_word' id='word_1_283' title='bbox 3345 2028 3560 2099; x_wconf 89' lang='lat' dir='ltr'>potue-</span> 
     </span>
    </p>
   </div>
   <div class='ocr_carea' id='block_1_46' title="bbox 1920 2108 3564 2188">
    <p class='ocr_par' dir='ltr' id='par_1_46' title="bbox 1920 2108 3564 2188">
     <span class='ocr_line' id='line_1_46' title="bbox 1920 2108 3564 2188; baseline -0.001 -17"><span class='ocrx_word' id='word_1_284' title='bbox 1920 2119 2064 2171; x_wconf 89' lang='lat' dir='ltr'>runt</span> <span class='ocrx_word' id='word_1_285' title='bbox 2097 2119 2357 2170; x_wconf 89' lang='lat' dir='ltr'>mentem</span> <span class='ocrx_word' id='word_1_286' title='bbox 2387 2111 2519 2188; x_wconf 90' lang='lat' dir='ltr'>ejus</span> <span class='ocrx_word' id='word_1_287' title='bbox 2556 2119 2808 2172; x_wconf 91' lang='lat' dir='ltr'>terrere.</span> <span class='ocrx_word' id='word_1_288' title='bbox 2839 2110 2986 2172; x_wconf 85' lang='lat' dir='ltr'>Cum</span> <span class='ocrx_word' id='word_1_289' title='bbox 3020 2127 3156 2170; x_wconf 93' lang='lat' dir='ltr'>eum</span> <span class='ocrx_word' id='word_1_290' title='bbox 3205 2126 3345 2186; x_wconf 90' lang='lat' dir='ltr'>ergo</span> <span class='ocrx_word' id='word_1_291' title='bbox 3378 2108 3564 2188; x_wconf 83' lang='lat' dir='ltr'>plagis</span> 
     </span>
    </p>
   </div>
   <div class='ocr_carea' id='block_1_47' title="bbox 1920 2197 3565 2280">
    <p class='ocr_par' dir='ltr' id='par_1_47' title="bbox 1920 2197 3565 2280">
     <span class='ocr_line' id='line_1_47' title="bbox 1920 2197 3565 2280; baseline 0 -20"><span class='ocrx_word' id='word_1_292' title='bbox 1920 2199 2285 2273; x_wconf 81' lang='lat' dir='ltr'>affecissent,</span> <span class='ocrx_word' id='word_1_293' title='bbox 2317 2199 2598 2280; x_wconf 85' lang='lat' dir='ltr'>putabant</span> <span class='ocrx_word' id='word_1_294' title='bbox 2639 2202 2768 2260; x_wconf 88' lang='lat' dir='ltr'>fore</span> <span class='ocrx_word' id='word_1_295' title='bbox 2795 2207 2855 2259; x_wconf 90' lang='lat' dir='ltr'>ut</span> <span class='ocrx_word' id='word_1_296' title='bbox 2880 2217 2944 2259; x_wconf 93' lang='lat' dir='ltr'>se</span> <span class='ocrx_word' id='word_1_297' title='bbox 2967 2197 3320 2259; x_wconf 88' lang='lat' dir='ltr'>duturbaret</span> <span class='ocrx_word' id='word_1_298' title='bbox 3346 2216 3452 2276; x_wconf 90' lang='lat' dir='ltr'>per</span> <span class='ocrx_word' id='word_1_299' title='bbox 3472 2198 3565 2260; x_wconf 89' lang='lat' dir='ltr'>fe-</span> 
     </span>
    </p>
   </div>
   <div class='ocr_carea' id='block_1_48' title="bbox 1925 2287 3565 2367">
    <p class='ocr_par' dir='ltr' id='par_1_48' title="bbox 1925 2287 3565 2367">
     <span class='ocr_line' id='line_1_48' title="bbox 1925 2287 3565 2367; baseline 0 -19"><span class='ocrx_word' id='word_1_300' title='bbox 1925 2298 2352 2362; x_wconf 82' lang='lat' dir='ltr'>nestram,cuin</span> <span class='ocrx_word' id='word_1_301' title='bbox 2385 2289 2441 2349; x_wconf 88' lang='lat' dir='ltr'>vi</span> <span class='ocrx_word' id='word_1_302' title='bbox 2465 2307 2676 2366; x_wconf 88' lang='lat' dir='ltr'>magna</span> <span class='ocrx_word' id='word_1_303' title='bbox 2700 2288 3019 2349; x_wconf 90' lang='lat' dir='ltr'>tumultum</span> <span class='ocrx_word' id='word_1_304' title='bbox 3046 2287 3385 2360; x_wconf 88' lang='lat' dir='ltr'>edentes,et</span> <span class='ocrx_word' id='word_1_305' title='bbox 3404 2287 3565 2367; x_wconf 84' lang='lat' dir='ltr'>seip-</span> 
     </span>
    </p>
   </div>
   <div class='ocr_carea' id='block_1_49' title="bbox 1924 2375 3563 2458">
    <p class='ocr_par' dir='ltr' id='par_1_49' title="bbox 1924 2375 3563 2458">
     <span class='ocr_line' id='line_1_49' title="bbox 1924 2375 3563 2458; baseline 0 -20"><span class='ocrx_word' id='word_1_306' title='bbox 1924 2396 2020 2441; x_wconf 86' lang='lat' dir='ltr'>sos</span> <span class='ocrx_word' id='word_1_307' title='bbox 2039 2384 2223 2457; x_wconf 88' lang='lat' dir='ltr'>magis</span> <span class='ocrx_word' id='word_1_308' title='bbox 2247 2397 2424 2458; x_wconf 89' lang='lat' dir='ltr'>quam</span> <span class='ocrx_word' id='word_1_309' title='bbox 2455 2378 2622 2438; x_wconf 90' lang='lat' dir='ltr'>illum</span> <span class='ocrx_word' id='word_1_310' title='bbox 2650 2375 3438 2449; x_wconf 84' lang='lat' dir='ltr'>conturbantes,inconditis</span> <span class='ocrx_word' id='word_1_311' title='bbox 3463 2396 3563 2439; x_wconf 88' lang='lat' dir='ltr'>vo-</span> 
     </span>
    </p>
   </div>
   <div class='ocr_carea' id='block_1_50' title="bbox 1925 2464 3566 2539">
    <p class='ocr_par' dir='ltr' id='par_1_50' title="bbox 1925 2464 3566 2539">
     <span class='ocr_line' id='line_1_50' title="bbox 1925 2464 3566 2539; baseline 0 -10"><span class='ocrx_word' id='word_1_312' title='bbox 1925 2468 2093 2529; x_wconf 89' lang='lat' dir='ltr'>cibus</span> <span class='ocrx_word' id='word_1_313' title='bbox 2112 2468 2534 2530; x_wconf 85' lang='lat' dir='ltr'>exclamantes:</span> <span class='ocrx_word' id='word_1_314' title='bbox 2564 2468 2720 2539; x_wconf 87' lang='lat' dir='ltr'>Quid</span> <span class='ocrx_word' id='word_1_315' title='bbox 2753 2467 2854 2528; x_wconf 87' lang='lat' dir='ltr'>tibi</span> <span class='ocrx_word' id='word_1_316' title='bbox 2876 2486 3008 2527; x_wconf 93' lang='lat' dir='ltr'>cum</span> <span class='ocrx_word' id='word_1_317' title='bbox 3037 2465 3258 2526; x_wconf 88' lang='lat' dir='ltr'>nostris</span> <span class='ocrx_word' id='word_1_318' title='bbox 3277 2464 3566 2530; x_wconf 83' lang='lat' dir='ltr'>desertis?</span> 
     </span>
    </p>
   </div>
   <div class='ocr_carea' id='block_1_51' title="bbox 195 2555 1835 2639">
    <p class='ocr_par' dir='ltr' id='par_1_51' title="bbox 195 2559 1835 2639">
     <span class='ocr_line' id='line_1_51' title="bbox 195 2559 1835 2639; baseline 0 -23"><span class='ocrx_word' id='word_1_319' title='bbox 195 2561 474 2639; x_wconf 77' lang='grc' dir='ltr'>ἀναχώρει</span> <span class='ocrx_word' id='word_1_320' title='bbox 518 2567 623 2618; x_wconf 82' lang='grc' dir='ltr'>τῶν</span> <span class='ocrx_word' id='word_1_321' title='bbox 667 2561 971 2639; x_wconf 77' lang='grc' dir='ltr'>ἡμετέρων,</span> <span class='ocrx_word' id='word_1_322' title='bbox 1031 2559 1182 2617; x_wconf 85' lang='grc' dir='ltr'>Ἀλλ’</span> <span class='ocrx_word' id='word_1_323' title='bbox 1218 2563 1244 2616; x_wconf 82' lang='grc' dir='ltr'><strong>ὁ</strong></span> <span class='ocrx_word' id='word_1_324' title='bbox 1277 2561 1536 2637; x_wconf 86' lang='grc' dir='ltr'>μακάριος</span> <span class='ocrx_word' id='word_1_325' title='bbox 1585 2561 1835 2638; x_wconf 81' lang='grc' dir='ltr'>γενναίως</span> 
     </span>
    </p>
   </div>
   <div class='ocr_carea' id='block_1_52' title="bbox 1968 2555 3563 2639">
    <p class='ocr_par' dir='ltr' id='par_1_52' title="bbox 1968 2555 3563 2634">
     <span class='ocr_line' id='line_1_52' title="bbox 1968 2555 3563 2634; baseline -0.001 -15"><span class='ocrx_word' id='word_1_326' title='bbox 1968 2557 2164 2619; x_wconf 77' lang='grc' dir='ltr'>,θεθιιε</span> <span class='ocrx_word' id='word_1_327' title='bbox 2195 2576 2227 2619; x_wconf 93' lang='lat' dir='ltr'>a</span> <span class='ocrx_word' id='word_1_328' title='bbox 2261 2557 2440 2618; x_wconf 89' lang='lat' dir='ltr'>rebus</span> <span class='ocrx_word' id='word_1_329' title='bbox 2471 2558 2712 2630; x_wconf 88' lang='lat' dir='ltr'>nostris,</span> <span class='ocrx_word' id='word_1_330' title='bbox 2750 2556 2902 2617; x_wconf 89' lang='lat' dir='ltr'>male</span> <span class='ocrx_word' id='word_1_331' title='bbox 2949 2555 3107 2616; x_wconf 90' lang='lat' dir='ltr'>enim</span> <span class='ocrx_word' id='word_1_332' title='bbox 3144 2573 3208 2615; x_wconf 93' lang='lat' dir='ltr'>es</span> <span class='ocrx_word' id='word_1_333' title='bbox 3239 2558 3563 2634; x_wconf 88' lang='lat' dir='ltr'>periturus.</span> 
     </span>
    </p>
   </div>
   <div class='ocr_carea' id='block_1_53' title="bbox 196 2645 1835 2728">
    <p class='ocr_par' dir='ltr' id='par_1_53' title="bbox 196 2649 1835 2728">
     <span class='ocr_line' id='line_1_53' title="bbox 196 2649 1835 2728; baseline -0.002 -24"><span class='ocrx_word' id='word_1_334' title='bbox 196 2649 395 2728; x_wconf 69' lang='grc' dir='ltr'>φέρων,</span> <span class='ocrx_word' id='word_1_335' title='bbox 443 2651 534 2705; x_wconf 70' lang='grc' dir='ltr'>τὸν</span> <span class='ocrx_word' id='word_1_336' title='bbox 564 2652 725 2707; x_wconf 88' lang='grc' dir='ltr'>τύπον</span> <span class='ocrx_word' id='word_1_337' title='bbox 775 2659 869 2706; x_wconf 74' lang='grc' dir='ltr'>τοῦ</span> <span class='ocrx_word' id='word_1_338' title='bbox 915 2651 1180 2728; x_wconf 78' lang='grc' dir='ltr'>σωτηρίου</span> <span class='ocrx_word' id='word_1_339' title='bbox 1225 2649 1448 2726; x_wconf 87' lang='grc' dir='ltr'>σταυροῦ</span> <span class='ocrx_word' id='word_1_340' title='bbox 1491 2651 1612 2706; x_wconf 87' lang='grc' dir='ltr'>κατ’</span> <span class='ocrx_word' id='word_1_341' title='bbox 1669 2651 1835 2706; x_wconf 80' lang='grc' dir='ltr'>αὐτῶν</span> 
     </span>
    </p>
   </div>
   <div class='ocr_carea' id='block_1_54' title="bbox 1968 2645 3561 2728">
    <p class='ocr_par' dir='ltr' id='par_1_54' title="bbox 1972 2645 3561 2724">
     <span class='ocr_line' id='line_1_54' title="bbox 1972 2645 3561 2724; baseline -0.001 -16"><span class='ocrx_word' id='word_1_342' title='bbox 1972 2649 2041 2708; x_wconf 84' lang='lat' dir='ltr'>ed</span> <span class='ocrx_word' id='word_1_343' title='bbox 2075 2645 2284 2708; x_wconf 89' lang='lat' dir='ltr'>beatus</span> <span class='ocrx_word' id='word_1_344' title='bbox 2323 2647 2656 2708; x_wconf 85' lang='lat' dir='ltr'>Auxentius</span> <span class='ocrx_word' id='word_1_345' title='bbox 2687 2646 2919 2707; x_wconf 82' lang='lat' dir='ltr'>fortiter</span> <span class='ocrx_word' id='word_1_346' title='bbox 2948 2645 3376 2724; x_wconf 89' lang='lat' dir='ltr'>ferens,crucis</span> <span class='ocrx_word' id='word_1_347' title='bbox 3406 2645 3561 2724; x_wconf 86' lang='lat' dir='ltr'>ﬁgu—</span> 
     </span>
    </p>
   </div>
   <div class='ocr_carea' id='block_1_55' title="bbox 195 2733 1835 2817">
    <p class='ocr_par' dir='ltr' id='par_1_55' title="bbox 195 2736 1835 2817">
     <span class='ocr_line' id='line_1_55' title="bbox 195 2736 1835 2817; baseline 0.001 -24"><span class='ocrx_word' id='word_1_348' title='bbox 195 2736 525 2817; x_wconf 78' lang='grc' dir='ltr'>διαχαράξας</span> <span class='ocrx_word' id='word_1_349' title='bbox 560 2787 576 2812; x_wconf 81' lang='grc'><em>,</em></span> <span class='ocrx_word' id='word_1_350' title='bbox 663 2740 1020 2816; x_wconf 73' lang='grc' dir='ltr'>ἀτονωτέρους</span> <span class='ocrx_word' id='word_1_351' title='bbox 1132 2738 1492 2800; x_wconf 78' lang='grc' dir='ltr'>ἀπεδείκνυεν,</span> <span class='ocrx_word' id='word_1_352' title='bbox 1585 2739 1690 2796; x_wconf 72' lang='grc' dir='ltr'>Καί</span> <span class='ocrx_word' id='word_1_353' title='bbox 1775 2738 1835 2806; x_wconf 81' lang='grc' dir='ltr'>δὴ</span> 
     </span>
    </p>
   </div>
   <div class='ocr_carea' id='block_1_56' title="bbox 1968 2733 3561 2817">
    <p class='ocr_par' dir='ltr' id='par_1_56' title="bbox 1968 2733 3561 2817">
     <span class='ocr_line' id='line_1_56' title="bbox 1968 2733 3561 2817; baseline -0.001 -19"><span class='ocrx_word' id='word_1_354' title='bbox 1968 2755 2049 2798; x_wconf 74' lang='lat' dir='ltr'>am</span> <span class='ocrx_word' id='word_1_355' title='bbox 2084 2736 2143 2796; x_wconf 90' lang='lat' dir='ltr'>in</span> <span class='ocrx_word' id='word_1_356' title='bbox 2168 2754 2270 2797; x_wconf 93' lang='lat' dir='ltr'>eos</span> <span class='ocrx_word' id='word_1_357' title='bbox 2294 2735 2934 2817; x_wconf 83' lang='lat' dir='ltr'>exprimens,reddidit</span> <span class='ocrx_word' id='word_1_358' title='bbox 2955 2733 3561 2798; x_wconf 80' lang='lat' dir='ltr'>imbecilliores.Cum</span> 
     </span>
    </p>
   </div>
   <div class='ocr_carea' id='block_1_57' title="bbox 193 2824 1835 2905">
    <p class='ocr_par' dir='ltr' id='par_1_57' title="bbox 193 2828 1835 2905">
     <span class='ocr_line' id='line_1_57' title="bbox 193 2828 1835 2905; baseline 0.015 -22"><span class='ocrx_word' id='word_1_359' title='bbox 193 2831 411 2903; x_wconf 76' lang='grc' dir='ltr'>πρωίας</span> <span class='ocrx_word' id='word_1_360' title='bbox 460 2829 755 2905; x_wconf 77' lang='grc' dir='ltr'>γενομένης</span> <span class='ocrx_word' id='word_1_361' title='bbox 808 2828 927 2886; x_wconf 71' lang='grc' dir='ltr'>κατ’</span> <span class='ocrx_word' id='word_1_362' title='bbox 987 2830 1224 2886; x_wconf 72' lang='grc' dir='ltr'>εὐδοκίαν</span> <span class='ocrx_word' id='word_1_363' title='bbox 1281 2836 1374 2886; x_wconf 78' lang='grc' dir='ltr'>τοῦ</span> <span class='ocrx_word' id='word_1_364' title='bbox 1428 2835 1581 2902; x_wconf 74' lang='grc' dir='ltr'>Θεοῦ,</span> <span class='ocrx_word' id='word_1_365' title='bbox 1629 2829 1688 2884; x_wconf 71' lang='grc' dir='ltr'>ἐκ</span> <span class='ocrx_word' id='word_1_366' title='bbox 1746 2829 1835 2885; x_wconf 68' lang='grc' dir='ltr'>τοῧ</span> 
     </span>
    </p>
   </div>
   <div class='ocr_carea' id='block_1_58' title="bbox 1968 2824 3564 2905">
    <p class='ocr_par' dir='ltr' id='par_1_58' title="bbox 1968 2824 3564 2904">
     <span class='ocr_line' id='line_1_58' title="bbox 1968 2824 3564 2904; baseline 0 -18"><span class='ocrx_word' id='word_1_367' title='bbox 1968 2826 2134 2887; x_wconf 83' lang='lat' dir='ltr'>iisset</span> <span class='ocrx_word' id='word_1_368' title='bbox 2165 2837 2361 2886; x_wconf 90' lang='lat' dir='ltr'>autem</span> <span class='ocrx_word' id='word_1_369' title='bbox 2402 2845 2596 2899; x_wconf 90' lang='lat' dir='ltr'>mane,</span> <span class='ocrx_word' id='word_1_370' title='bbox 2629 2836 2692 2886; x_wconf 93' lang='lat' dir='ltr'>ut</span> <span class='ocrx_word' id='word_1_371' title='bbox 2717 2824 2840 2886; x_wconf 91' lang='lat' dir='ltr'>Deo</span> <span class='ocrx_word' id='word_1_372' title='bbox 2866 2824 3105 2903; x_wconf 89' lang='lat' dir='ltr'>placuit,</span> <span class='ocrx_word' id='word_1_373' title='bbox 3136 2842 3204 2885; x_wconf 81' lang='lat' dir='ltr'>ex</span> <span class='ocrx_word' id='word_1_374' title='bbox 3226 2841 3384 2904; x_wconf 67' lang='lat' dir='ltr'>saepe</span> <span class='ocrx_word' id='word_1_375' title='bbox 3406 2824 3564 2886; x_wconf 90' lang='lat' dir='ltr'>dicto</span> 
     </span>
    </p>
   </div>
   <div class='ocr_carea' id='block_1_59' title="bbox 194 2912 1835 2998">
    <p class='ocr_par' dir='ltr' id='par_1_59' title="bbox 194 2912 1835 2998">
     <span class='ocr_line' id='line_1_59' title="bbox 194 2912 1835 2998; baseline 0.001 -26"><span class='ocrx_word' id='word_1_376' title='bbox 194 2918 478 2994; x_wconf 82' lang='grc' dir='ltr'>εἰρημένου</span> <span class='ocrx_word' id='word_1_377' title='bbox 536 2917 800 2983; x_wconf 76' lang='grc' dir='ltr'>πολλάκις</span> <span class='ocrx_word' id='word_1_378' title='bbox 860 2918 1116 2998; x_wconf 77' lang='grc' dir='ltr'>ἐμπορίου</span> <span class='ocrx_word' id='word_1_379' title='bbox 1166 2912 1539 2998; x_wconf 68' lang='grc' dir='ltr'>Ῥουφινιανῶν</span> <span class='ocrx_word' id='word_1_380' title='bbox 1598 2919 1686 2974; x_wconf 86' lang='grc' dir='ltr'>καὶ</span> <span class='ocrx_word' id='word_1_381' title='bbox 1745 2925 1835 2974; x_wconf 81' lang='grc' dir='ltr'>τοῦ</span> 
     </span>
    </p>
   </div>
   <div class='ocr_carea' id='block_1_60' title="bbox 1968 2912 3564 2998">
    <p class='ocr_par' dir='ltr' id='par_1_60' title="bbox 1968 2912 3564 2994">
     <span class='ocr_line' id='line_1_60' title="bbox 1968 2912 3564 2994; baseline -0.001 -18"><span class='ocrx_word' id='word_1_382' title='bbox 1968 2915 2192 2994; x_wconf 90' lang='lat' dir='ltr'>mporio</span> <span class='ocrx_word' id='word_1_383' title='bbox 2213 2915 2780 2994; x_wconf 83' lang='lat' dir='ltr'>Ruffinianarum,et</span> <span class='ocrx_word' id='word_1_384' title='bbox 2803 2912 3067 2994; x_wconf 89' lang='lat' dir='ltr'>eo,quod</span> <span class='ocrx_word' id='word_1_385' title='bbox 3093 2912 3216 2973; x_wconf 88' lang='lat' dir='ltr'>illic</span> <span class='ocrx_word' id='word_1_386' title='bbox 3242 2923 3392 2993; x_wconf 89' lang='lat' dir='ltr'>erat,</span> <span class='ocrx_word' id='word_1_387' title='bbox 3429 2933 3564 2976; x_wconf 90' lang='lat' dir='ltr'>mo-</span> 
     </span>
    </p>
   </div>
   <div class='ocr_carea' id='block_1_61' title="bbox 193 3002 1835 3088">
    <p class='ocr_par' dir='ltr' id='par_1_61' title="bbox 193 3007 1835 3088">
     <span class='ocr_line' id='line_1_61' title="bbox 193 3007 1835 3088; baseline 0.002 -27"><span class='ocrx_word' id='word_1_388' title='bbox 193 3007 376 3063; x_wconf 74' lang='grc' dir='ltr'>ἐκεϊσε</span> <span class='ocrx_word' id='word_1_389' title='bbox 458 3010 816 3086; x_wconf 84' lang='grc' dir='ltr'>μοναστηρίου</span> <span class='ocrx_word' id='word_1_390' title='bbox 893 3009 1249 3086; x_wconf 73' lang='grc' dir='ltr'>παρεγένοντο</span> <span class='ocrx_word' id='word_1_391' title='bbox 1307 3011 1548 3072; x_wconf 79' lang='grc' dir='ltr'>πλείονες</span> <span class='ocrx_word' id='word_1_392' title='bbox 1603 3009 1835 3088; x_wconf 84' lang='grc' dir='ltr'>μοναχοί</span> 
     </span>
    </p>
   </div>
   <div class='ocr_carea' id='block_1_62' title="bbox 1968 3002 3560 3088">
    <p class='ocr_par' dir='ltr' id='par_1_62' title="bbox 1968 3002 3560 3084">
     <span class='ocr_line' id='line_1_62' title="bbox 1968 3002 3560 3084; baseline -0.001 -19"><span class='ocrx_word' id='word_1_393' title='bbox 1968 3005 2601 3076; x_wconf 81' lang='lat' dir='ltr'>asterio,accesserunt</span> <span class='ocrx_word' id='word_1_394' title='bbox 2624 3003 2828 3084; x_wconf 85' lang='lat' dir='ltr'>plures</span> <span class='ocrx_word' id='word_1_395' title='bbox 2855 3002 3132 3064; x_wconf 89' lang='lat' dir='ltr'>monachi</span> <span class='ocrx_word' id='word_1_396' title='bbox 3167 3009 3226 3062; x_wconf 91' lang='lat' dir='ltr'>et</span> <span class='ocrx_word' id='word_1_397' title='bbox 3251 3002 3560 3079; x_wconf 88' lang='lat' dir='ltr'>mundani,</span> 
     </span>
    </p>
   </div>
   <div class='ocr_carea' id='block_1_63' title="bbox 191 3092 1835 3178">
    <p class='ocr_par' dir='ltr' id='par_1_63' title="bbox 191 3095 1835 3174">
     <span class='ocr_line' id='line_1_63' title="bbox 191 3095 1835 3174; baseline 0.004 -27"><span class='ocrx_word' id='word_1_398' title='bbox 191 3113 253 3148; x_wconf 87' lang='grc' dir='ltr'>τε</span> <span class='ocrx_word' id='word_1_399' title='bbox 315 3095 412 3150; x_wconf 76' lang='grc' dir='ltr'>καῖ</span> <span class='ocrx_word' id='word_1_400' title='bbox 469 3097 718 3170; x_wconf 82' lang='grc' dir='ltr'>κοσμικοὶ</span> <span class='ocrx_word' id='word_1_401' title='bbox 768 3097 855 3151; x_wconf 71' lang='grc' dir='ltr'>ἰπὶ</span> <span class='ocrx_word' id='word_1_402' title='bbox 901 3099 962 3152; x_wconf 79' lang='grc' dir='ltr'>τὸ</span> <span class='ocrx_word' id='word_1_403' title='bbox 1021 3095 1372 3174; x_wconf 78' lang='grc' dir='ltr'>εὐλογηθῆναι</span> <span class='ocrx_word' id='word_1_404' title='bbox 1405 3098 1494 3152; x_wconf 86' lang='grc' dir='ltr'>καὶ</span> <span class='ocrx_word' id='word_1_405' title='bbox 1535 3096 1835 3154; x_wconf 83' lang='grc' dir='ltr'>ἀπολαῦσαι</span> 
     </span>
    </p>
   </div>
   <div class='ocr_carea' id='block_1_64' title="bbox 1968 3092 3569 3178">
    <p class='ocr_par' dir='ltr' id='par_1_64' title="bbox 1968 3092 3569 3168">
     <span class='ocr_line' id='line_1_64' title="bbox 1968 3092 3569 3168; baseline -0.001 -14"><span class='ocrx_word' id='word_1_406' title='bbox 1968 3093 2486 3154; x_wconf 87' lang='lat' dir='ltr'>tbenedictionem</span> <span class='ocrx_word' id='word_1_407' title='bbox 2503 3093 2574 3154; x_wconf 93' lang='lat' dir='ltr'>ab</span> <span class='ocrx_word' id='word_1_408' title='bbox 2597 3111 2666 3154; x_wconf 91' lang='lat' dir='ltr'>eo</span> <span class='ocrx_word' id='word_1_409' title='bbox 2686 3100 3202 3168; x_wconf 83' lang='lat' dir='ltr'>consequerentur</span> <span class='ocrx_word' id='word_1_410' title='bbox 3222 3100 3279 3151; x_wconf 95' lang='lat' dir='ltr'>et</span> <span class='ocrx_word' id='word_1_411' title='bbox 3296 3092 3569 3153; x_wconf 87' lang='lat' dir='ltr'>frueren-</span> 
     </span>
    </p>
   </div>
   <div class='ocr_carea' id='block_1_65' title="bbox 190 3176 1835 3264">
    <p class='ocr_par' dir='ltr' id='par_1_65' title="bbox 190 3176 1835 3264">
     <span class='ocr_line' id='line_1_65' title="bbox 190 3176 1835 3264; baseline 0.003 -28"><span class='ocrx_word' id='word_1_412' title='bbox 190 3181 289 3246; x_wconf 66' lang='grc' dir='ltr'>τῆς</span> <span class='ocrx_word' id='word_1_413' title='bbox 331 3181 620 3249; x_wconf 80' lang='grc' dir='ltr'>καλλίστης</span> <span class='ocrx_word' id='word_1_414' title='bbox 665 3184 823 3240; x_wconf 75' lang='grc' dir='ltr'>αὐτου</span> <span class='ocrx_word' id='word_1_415' title='bbox 853 3185 1164 3264; x_wconf 88' lang='grc' dir='ltr'>συντυχίας.</span> <span class='ocrx_word' id='word_1_416' title='bbox 1207 3176 1297 3247; x_wconf 60' lang='grc' dir='ltr'>εΩς</span> <span class='ocrx_word' id='word_1_417' title='bbox 1344 3183 1399 3240; x_wconf 73' lang='grc' dir='ltr'>δὲ</span> <span class='ocrx_word' id='word_1_418' title='bbox 1445 3183 1505 3240; x_wconf 84' lang='grc' dir='ltr'>ἐκ</span> <span class='ocrx_word' id='word_1_419' title='bbox 1548 3188 1644 3253; x_wconf 82' lang='grc' dir='ltr'>τῆς</span> <span class='ocrx_word' id='word_1_420' title='bbox 1704 3185 1835 3263; x_wconf 80' lang='grc' dir='ltr'>ἄγαν</span> 
     </span>
    </p>
   </div>
   <div class='ocr_carea' id='block_1_66' title="bbox 1968 3176 3567 3264">
    <p class='ocr_par' dir='ltr' id='par_1_66' title="bbox 1968 3178 3567 3262">
     <span class='ocr_line' id='line_1_66' title="bbox 1968 3178 3567 3262; baseline -0.001 -19"><span class='ocrx_word' id='word_1_421' title='bbox 1968 3201 2021 3243; x_wconf 84' lang='lat' dir='ltr'>1r</span> <span class='ocrx_word' id='word_1_422' title='bbox 2046 3182 2448 3262; x_wconf 90' lang='lat' dir='ltr'>pulcherrima</span> <span class='ocrx_word' id='word_1_423' title='bbox 2475 3184 2608 3259; x_wconf 87' lang='lat' dir='ltr'>ejus</span> <span class='ocrx_word' id='word_1_424' title='bbox 2627 3178 3195 3242; x_wconf 88' lang='lat' dir='ltr'>contentione.Cum</span> <span class='ocrx_word' id='word_1_425' title='bbox 3221 3198 3361 3240; x_wconf 92' lang='lat' dir='ltr'>vero</span> <span class='ocrx_word' id='word_1_426' title='bbox 3386 3198 3567 3260; x_wconf 90' lang='lat' dir='ltr'>prop-</span> 
     </span>
    </p>
   </div>
   <div class='ocr_carea' id='block_1_67' title="bbox 189 3267 1835 3351">
    <p class='ocr_par' dir='ltr' id='par_1_67' title="bbox 189 3273 1835 3351">
     <span class='ocr_line' id='line_1_67' title="bbox 189 3273 1835 3351; baseline 0.004 -26"><span class='ocrx_word' id='word_1_427' title='bbox 189 3277 304 3326; x_wconf 85' lang='grc' dir='ltr'>τῶν</span> <span class='ocrx_word' id='word_1_428' title='bbox 361 3273 669 3351; x_wconf 83' lang='grc' dir='ltr'>ἀκαθάρτων</span> <span class='ocrx_word' id='word_1_429' title='bbox 731 3281 1051 3350; x_wconf 81' lang='grc' dir='ltr'>πνευμάτων</span> <span class='ocrx_word' id='word_1_430' title='bbox 1089 3275 1457 3351; x_wconf 79' lang='grc' dir='ltr'>ταλαιπωρίας</span> <span class='ocrx_word' id='word_1_431' title='bbox 1514 3274 1678 3348; x_wconf 76' lang='grc' dir='ltr'>μόλις</span> <span class='ocrx_word' id='word_1_432' title='bbox 1737 3278 1835 3332; x_wconf 84' lang='grc' dir='ltr'>αὒ-</span> 
     </span>
    </p>
   </div>
   <div class='ocr_carea' id='block_1_68' title="bbox 1968 3267 3566 3351">
    <p class='ocr_par' dir='ltr' id='par_1_68' title="bbox 1968 3267 3566 3349">
     <span class='ocr_line' id='line_1_68' title="bbox 1968 3267 3566 3349; baseline -0.003 -16"><span class='ocrx_word' id='word_1_433' title='bbox 1968 3290 2014 3333; x_wconf 68' lang='lat' dir='ltr'>er</span> <span class='ocrx_word' id='word_1_434' title='bbox 2039 3271 2280 3332; x_wconf 89' lang='lat' dir='ltr'>nimiam</span> <span class='ocrx_word' id='word_1_435' title='bbox 2333 3271 2780 3330; x_wconf 90' lang='lat' dir='ltr'>immundorum</span> <span class='ocrx_word' id='word_1_436' title='bbox 2829 3269 3148 3349; x_wconf 89' lang='lat' dir='ltr'>spirituum</span> <span class='ocrx_word' id='word_1_437' title='bbox 3178 3267 3566 3330; x_wconf 86' lang='lat' dir='ltr'>alllictionem</span> 
     </span>
    </p>
   </div>
   <div class='ocr_carea' id='block_1_69' title="bbox 191 3357 1835 3440">
    <p class='ocr_par' dir='ltr' id='par_1_69' title="bbox 191 3360 1835 3440">
     <span class='ocr_line' id='line_1_69' title="bbox 191 3360 1835 3440; baseline 0.001 -24"><span class='ocrx_word' id='word_1_438' title='bbox 191 3373 317 3423; x_wconf 77' lang='grc' dir='ltr'>τοῖς</span> <span class='ocrx_word' id='word_1_439' title='bbox 375 3362 476 3426; x_wconf 74' lang='grc' dir='ltr'>τὴν</span> <span class='ocrx_word' id='word_1_440' title='bbox 531 3360 707 3440; x_wconf 82' lang='grc' dir='ltr'>θυρίδα</span> <span class='ocrx_word' id='word_1_441' title='bbox 749 3363 974 3437; x_wconf 78' lang='grc' dir='ltr'>ἀνέῳξεν</span> <span class='ocrx_word' id='word_1_442' title='bbox 1006 3365 1120 3420; x_wconf 66' lang='grc' dir='ltr'>’καὶ</span> <span class='ocrx_word' id='word_1_443' title='bbox 1181 3363 1609 3439; x_wconf 84' lang='grc' dir='ltr'>παρακλητικοϊς</span> <span class='ocrx_word' id='word_1_444' title='bbox 1655 3362 1835 3440; x_wconf 86' lang='grc' dir='ltr'>λόγοις</span> 
     </span>
    </p>
   </div>
   <div class='ocr_carea' id='block_1_70' title="bbox 1968 3357 3567 3440">
    <p class='ocr_par' dir='ltr' id='par_1_70' title="bbox 1968 3357 3567 3439">
     <span class='ocr_line' id='line_1_70' title="bbox 1968 3357 3567 3439; baseline 0.001 -19"><span class='ocrx_word' id='word_1_445' title='bbox 1968 3362 2015 3421; x_wconf 83' lang='lat' dir='ltr'>ix</span> <span class='ocrx_word' id='word_1_446' title='bbox 2041 3359 2281 3421; x_wconf 92' lang='lat' dir='ltr'>tandem</span> <span class='ocrx_word' id='word_1_447' title='bbox 2309 3359 2398 3420; x_wconf 91' lang='lat' dir='ltr'>eis</span> <span class='ocrx_word' id='word_1_448' title='bbox 2423 3360 2761 3439; x_wconf 88' lang='lat' dir='ltr'>aperuisset</span> <span class='ocrx_word' id='word_1_449' title='bbox 2781 3357 3567 3434; x_wconf 86' lang='lat' dir='ltr'>fenestram,etverbisusus</span> 
     </span>
    </p>
   </div>
   <div class='ocr_carea' id='block_1_71' title="bbox 191 3449 1835 3531">
    <p class='ocr_par' dir='ltr' id='par_1_71' title="bbox 191 3449 1835 3531">
     <span class='ocr_line' id='line_1_71' title="bbox 191 3449 1835 3531; baseline 0.023 -26"><span class='ocrx_word' id='word_1_450' title='bbox 191 3449 464 3529; x_wconf 77' lang='grc' dir='ltr'>ἐκέχρητο</span> <span class='ocrx_word' id='word_1_451' title='bbox 500 3456 709 3531; x_wconf 75' lang='grc' dir='ltr'>αὐτοῖς,</span> <span class='ocrx_word' id='word_1_452' title='bbox 769 3456 843 3516; x_wconf 83' lang='grc' dir='ltr'>ὡς</span> <span class='ocrx_word' id='word_1_453' title='bbox 903 3455 1001 3521; x_wconf 77' lang='grc' dir='ltr'>τὴν</span> <span class='ocrx_word' id='word_1_454' title='bbox 1059 3455 1230 3509; x_wconf 73' lang='grc' dir='ltr'>αἰτίαν</span> <span class='ocrx_word' id='word_1_455' title='bbox 1289 3458 1387 3519; x_wconf 70' lang='grc' dir='ltr'>τῆς</span> <span class='ocrx_word' id='word_1_456' title='bbox 1419 3453 1685 3520; x_wconf 69' lang='grc' dir='ltr'>τοσαύτης</span> <span class='ocrx_word' id='word_1_457' title='bbox 1717 3452 1835 3508; x_wconf 74' lang='grc' dir='ltr'>ἀτο·</span> 
     </span>
    </p>
   </div>
   <div class='ocr_carea' id='block_1_72' title="bbox 1968 3449 3566 3531">
    <p class='ocr_par' dir='ltr' id='par_1_72' title="bbox 1968 3452 3566 3524">
     <span class='ocr_line' id='line_1_72' title="bbox 1968 3452 3566 3524; baseline 0 -14"><span class='ocrx_word' id='word_1_458' title='bbox 1968 3463 2073 3510; x_wconf 65' lang='lat' dir='ltr'>sset</span> <span class='ocrx_word' id='word_1_459' title='bbox 2094 3452 2248 3522; x_wconf 85' lang='lat' dir='ltr'>apud</span> <span class='ocrx_word' id='word_1_460' title='bbox 2264 3468 2362 3511; x_wconf 91' lang='lat' dir='ltr'>eos</span> <span class='ocrx_word' id='word_1_461' title='bbox 2387 3453 2816 3518; x_wconf 88' lang='lat' dir='ltr'>consolatoriis,</span> <span class='ocrx_word' id='word_1_462' title='bbox 2832 3462 3116 3524; x_wconf 80' lang='lat' dir='ltr'>rogarunt</span> <span class='ocrx_word' id='word_1_463' title='bbox 3136 3466 3369 3508; x_wconf 80' lang='lat' dir='ltr'>causam</span> <span class='ocrx_word' id='word_1_464' title='bbox 3394 3460 3566 3510; x_wconf 71' lang='lat' dir='ltr'>tantae</span> 
     </span>
    </p>
   </div>
   <div class='ocr_carea' id='block_1_73' title="bbox 191 3535 1835 3621">
    <p class='ocr_par' dir='ltr' id='par_1_73' title="bbox 191 3540 1835 3621">
     <span class='ocr_line' id='line_1_73' title="bbox 191 3540 1835 3621; baseline 0.001 -25"><span class='ocrx_word' id='word_1_465' title='bbox 191 3541 310 3601; x_wconf 86' lang='grc' dir='ltr'>νίας</span> <span class='ocrx_word' id='word_1_466' title='bbox 355 3540 608 3597; x_wconf 78' lang='grc' dir='ltr'>ἐπύθοντο</span> <span class='ocrx_word' id='word_1_467' title='bbox 640 3556 654 3570; x_wconf 85' lang='grc'><strong>⁸</strong></span> <span class='ocrx_word' id='word_1_468' title='bbox 690 3549 780 3598; x_wconf 82' lang='grc' dir='ltr'>τοῦ</span> <span class='ocrx_word' id='word_1_469' title='bbox 811 3540 866 3597; x_wconf 77' lang='grc' dir='ltr'>δὲ</span> <span class='ocrx_word' id='word_1_470' title='bbox 898 3542 1166 3609; x_wconf 77' lang='grc' dir='ltr'>φήσαντος</span> <span class='ocrx_word' id='word_1_471' title='bbox 1215 3541 1291 3616; x_wconf 82' lang='grc' dir='ltr'>μὴ</span> <span class='ocrx_word' id='word_1_472' title='bbox 1353 3543 1498 3598; x_wconf 76' lang='grc' dir='ltr'>εἶναι</span> <span class='ocrx_word' id='word_1_473' title='bbox 1541 3543 1835 3621; x_wconf 84' lang='grc' dir='ltr'>κακουχίαν</span> 
     </span>
    </p>
   </div>
   <div class='ocr_carea' id='block_1_74' title="bbox 1968 3535 3564 3621">
    <p class='ocr_par' dir='ltr' id='par_1_74' title="bbox 1968 3535 3564 3607">
     <span class='ocr_line' id='line_1_74' title="bbox 1968 3535 3564 3607; baseline -0.001 -9"><span class='ocrx_word' id='word_1_474' title='bbox 1968 3537 2534 3601; x_wconf 86' lang='lat' dir='ltr'>nbecillitatis.Cum</span> <span class='ocrx_word' id='word_1_475' title='bbox 2563 3538 2613 3598; x_wconf 91' lang='lat' dir='ltr'>is</span> <span class='ocrx_word' id='word_1_476' title='bbox 2635 3546 2831 3598; x_wconf 91' lang='lat' dir='ltr'>autem</span> <span class='ocrx_word' id='word_1_477' title='bbox 2859 3537 3130 3607; x_wconf 80' lang='lat' dir='ltr'>dixisset,</span> <span class='ocrx_word' id='word_1_478' title='bbox 3156 3554 3275 3597; x_wconf 92' lang='lat' dir='ltr'>non</span> <span class='ocrx_word' id='word_1_479' title='bbox 3309 3553 3441 3597; x_wconf 91' lang='lat' dir='ltr'>esse</span> <span class='ocrx_word' id='word_1_480' title='bbox 3471 3535 3564 3597; x_wconf 88' lang='lat' dir='ltr'>af-</span> 
     </span>
    </p>
   </div>
   <div class='ocr_carea' id='block_1_75' title="bbox 194 3625 1835 3710">
    <p class='ocr_par' dir='ltr' id='par_1_75' title="bbox 194 3628 1835 3710">
     <span class='ocr_line' id='line_1_75' title="bbox 194 3628 1835 3710; baseline 0.003 -29"><span class='ocrx_word' id='word_1_481' title='bbox 194 3629 542 3708; x_wconf 68' lang='grc' dir='ltr'>σωματικην,</span> <span class='ocrx_word' id='word_1_482' title='bbox 602 3628 722 3685; x_wconf 82' lang='grc' dir='ltr'>ἀλλ’</span> <span class='ocrx_word' id='word_1_483' title='bbox 782 3630 1050 3710; x_wconf 75' lang='grc' dir='ltr'>ἐνέργειαν</span> <span class='ocrx_word' id='word_1_484' title='bbox 1109 3629 1448 3699; x_wconf 79' lang='grc' dir='ltr'>διαϐολικὴν,</span> <span class='ocrx_word' id='word_1_485' title='bbox 1505 3631 1719 3709; x_wconf 85' lang='grc' dir='ltr'>γνόντες</span> <span class='ocrx_word' id='word_1_486' title='bbox 1791 3635 1835 3686; x_wconf 72' lang='grc' dir='ltr'>οἱ</span> 
     </span>
    </p>
   </div>
   <div class='ocr_carea' id='block_1_76' title="bbox 1968 3625 3560 3710">
    <p class='ocr_par' dir='ltr' id='par_1_76' title="bbox 1969 3625 3560 3709">
     <span class='ocr_line' id='line_1_76' title="bbox 1969 3625 3560 3709; baseline -0.001 -21"><span class='ocrx_word' id='word_1_487' title='bbox 1969 3628 2249 3688; x_wconf 91' lang='lat' dir='ltr'>ictionem</span> <span class='ocrx_word' id='word_1_488' title='bbox 2277 3629 2570 3709; x_wconf 89' lang='lat' dir='ltr'>corporis,</span> <span class='ocrx_word' id='word_1_489' title='bbox 2596 3628 2702 3688; x_wconf 89' lang='lat' dir='ltr'>sed</span> <span class='ocrx_word' id='word_1_490' title='bbox 2735 3627 3091 3688; x_wconf 88' lang='lat' dir='ltr'>diabolicam</span> <span class='ocrx_word' id='word_1_491' title='bbox 3123 3625 3560 3706; x_wconf 88' lang='lat' dir='ltr'>operationem,</span> 
     </span>
    </p>
   </div>
   <div class='ocr_carea' id='block_1_77' title="bbox 195 3715 1835 3799">
    <p class='ocr_par' dir='ltr' id='par_1_77' title="bbox 195 3715 1835 3799">
     <span class='ocr_line' id='line_1_77' title="bbox 195 3715 1835 3799; baseline 0.003 -27"><span class='ocrx_word' id='word_1_492' title='bbox 195 3715 455 3795; x_wconf 72' lang='grc' dir='ltr'>παρόντες</span> <span class='ocrx_word' id='word_1_493' title='bbox 529 3718 808 3799; x_wconf 72' lang='grc' dir='ltr'>ἡσύχασαν</span> <span class='ocrx_word' id='word_1_494' title='bbox 841 3738 854 3752; x_wconf 81' lang='grc'><strong><em>⁸</em></strong></span> <span class='ocrx_word' id='word_1_495' title='bbox 930 3722 1019 3777; x_wconf 86' lang='grc' dir='ltr'>καὶ</span> <span class='ocrx_word' id='word_1_496' title='bbox 1091 3720 1378 3798; x_wconf 86' lang='grc' dir='ltr'>παράθεσιν</span> <span class='ocrx_word' id='word_1_497' title='bbox 1433 3719 1835 3795; x_wconf 76' lang='grc' dir='ltr'>ἐξαιτησάμενοι</span> 
     </span>
    </p>
   </div>
   <div class='ocr_carea' id='block_1_78' title="bbox 1968 3715 3562 3799">
    <p class='ocr_par' dir='ltr' id='par_1_78' title="bbox 1968 3716 3562 3797">
     <span class='ocr_line' id='line_1_78' title="bbox 1968 3716 3562 3797; baseline -0.002 -19"><span class='ocrx_word' id='word_1_498' title='bbox 1968 3718 2454 3796; x_wconf 90' lang='lat' dir='ltr'>lcognoscentes,</span> <span class='ocrx_word' id='word_1_499' title='bbox 2482 3724 2580 3797; x_wconf 90' lang='lat' dir='ltr'>qui</span> <span class='ocrx_word' id='word_1_500' title='bbox 2606 3717 2876 3788; x_wconf 89' lang='lat' dir='ltr'>aderant,</span> <span class='ocrx_word' id='word_1_501' title='bbox 2905 3716 3206 3777; x_wconf 86' lang='lat' dir='ltr'>siluerunt</span> <span class='ocrx_word' id='word_1_502' title='bbox 3229 3723 3287 3776; x_wconf 92' lang='lat' dir='ltr'>et</span> <span class='ocrx_word' id='word_1_503' title='bbox 3310 3724 3562 3777; x_wconf 83' lang='lat' dir='ltr'>conten-</span> 
     </span>
    </p>
   </div>
   <div class='ocr_carea' id='block_1_79' title="bbox 188 3803 1835 3889">
    <p class='ocr_par' dir='ltr' id='par_1_79' title="bbox 188 3806 1835 3889">
     <span class='ocr_line' id='line_1_79' title="bbox 188 3806 1835 3889; baseline 0.002 -27"><span class='ocrx_word' id='word_1_504' title='bbox 188 3806 512 3881; x_wconf 69' lang='grc' dir='ltr'>’κατῄεισαν.</span> <span class='ocrx_word' id='word_1_505' title='bbox 565 3809 914 3888; x_wconf 84' lang='grc' dir='ltr'>Συχνοτέρως</span> <span class='ocrx_word' id='word_1_506' title='bbox 969 3808 1022 3864; x_wconf 77' lang='grc' dir='ltr'><em>δὲ</em></span> <span class='ocrx_word' id='word_1_507' title='bbox 1080 3808 1319 3889; x_wconf 74' lang='grc' dir='ltr'>ἤρχοντο</span> <span class='ocrx_word' id='word_1_508' title='bbox 1369 3811 1500 3888; x_wconf 82' lang='grc' dir='ltr'>πρὸς</span> <span class='ocrx_word' id='word_1_509' title='bbox 1562 3810 1835 3886; x_wconf 75' lang='grc' dir='ltr'>ἐπίσκεψιν</span> 
     </span>
    </p>
   </div>
   <div class='ocr_carea' id='block_1_80' title="bbox 1968 3803 3562 3889">
    <p class='ocr_par' dir='ltr' id='par_1_80' title="bbox 1974 3803 3562 3886">
     <span class='ocr_line' id='line_1_80' title="bbox 1974 3803 3562 3886; baseline 0.001 -18"><span class='ocrx_word' id='word_1_510' title='bbox 1974 3827 2149 3868; x_wconf 90' lang='lat' dir='ltr'>onem</span> <span class='ocrx_word' id='word_1_511' title='bbox 2195 3807 2412 3868; x_wconf 89' lang='lat' dir='ltr'>auferri</span> <span class='ocrx_word' id='word_1_512' title='bbox 2459 3807 2859 3886; x_wconf 88' lang='lat' dir='ltr'>deprecantes</span> <span class='ocrx_word' id='word_1_513' title='bbox 2902 3805 3378 3868; x_wconf 86' lang='lat' dir='ltr'>descendebant.</span> <span class='ocrx_word' id='word_1_514' title='bbox 3412 3803 3562 3869; x_wconf 83' lang='lat' dir='ltr'>Fre-</span> 
     </span>
    </p>
   </div>
   <div class='ocr_carea' id='block_1_81' title="bbox 196 3894 1835 3978">
    <p class='ocr_par' dir='ltr' id='par_1_81' title="bbox 196 3894 1835 3974">
     <span class='ocr_line' id='line_1_81' title="bbox 196 3894 1835 3974; baseline 0.001 -23"><span class='ocrx_word' id='word_1_515' title='bbox 196 3897 380 3969; x_wconf 76' lang='grc' dir='ltr'>αύτοῦ,</span> <span class='ocrx_word' id='word_1_516' title='bbox 430 3894 662 3970; x_wconf 88' lang='grc' dir='ltr'>μάλιστα</span> <span class='ocrx_word' id='word_1_517' title='bbox 705 3901 752 3953; x_wconf 82' lang='grc' dir='ltr'>οἱ</span> <span class='ocrx_word' id='word_1_518' title='bbox 805 3899 864 3955; x_wconf 78' lang='grc' dir='ltr'>ἐκ</span> <span class='ocrx_word' id='word_1_519' title='bbox 909 3905 1004 3955; x_wconf 82' lang='grc' dir='ltr'>τοῦ</span> <span class='ocrx_word' id='word_1_520' title='bbox 1056 3899 1436 3974; x_wconf 81' lang='grc' dir='ltr'>μοναστηρίοο.</span> <span class='ocrx_word' id='word_1_521' title='bbox 1499 3898 1696 3974; x_wconf 83' lang='grc' dir='ltr'>Ἠμεϊς</span> <span class='ocrx_word' id='word_1_522' title='bbox 1753 3899 1835 3956; x_wconf 80' lang='grc' dir='ltr'>οὖν</span> 
     </span>
    </p>
   </div>
   <div class='ocr_carea' id='block_1_82' title="bbox 1968 3894 3561 3978">
    <p class='ocr_par' dir='ltr' id='par_1_82' title="bbox 1968 3895 3561 3959">
     <span class='ocr_line' id='line_1_82' title="bbox 1968 3895 3561 3959; baseline 0 -1"><span class='ocrx_word' id='word_1_523' title='bbox 1968 3897 2210 3959; x_wconf 91' lang='lat' dir='ltr'>uentius</span> <span class='ocrx_word' id='word_1_524' title='bbox 2232 3907 2431 3958; x_wconf 89' lang='lat' dir='ltr'>autem</span> <span class='ocrx_word' id='word_1_525' title='bbox 2473 3895 2844 3958; x_wconf 81' lang='lat' dir='ltr'>accedebant</span> <span class='ocrx_word' id='word_1_526' title='bbox 2883 3896 2956 3958; x_wconf 87' lang='lat' dir='ltr'>ad</span> <span class='ocrx_word' id='word_1_527' title='bbox 3007 3913 3144 3958; x_wconf 91' lang='lat' dir='ltr'>eum</span> <span class='ocrx_word' id='word_1_528' title='bbox 3197 3895 3561 3958; x_wconf 90' lang='lat' dir='ltr'>visitandum</span> 
     </span>
    </p>
   </div>
   <div class='ocr_carea' id='block_1_83' title="bbox 195 3984 1835 4069">
    <p class='ocr_par' dir='ltr' id='par_1_83' title="bbox 195 3986 1834 4064">
     <span class='ocr_line' id='line_1_83' title="bbox 195 3986 1834 4064; baseline 0.002 -24"><span class='ocrx_word' id='word_1_529' title='bbox 195 3987 330 4062; x_wconf 81' lang='grc' dir='ltr'>πρὸς</span> <span class='ocrx_word' id='word_1_530' title='bbox 388 3986 448 4039; x_wconf 83' lang='grc' dir='ltr'>τὸ</span> <span class='ocrx_word' id='word_1_531' title='bbox 492 3986 569 4058; x_wconf 77' lang='grc' dir='ltr'>μὴ</span> <span class='ocrx_word' id='word_1_532' title='bbox 615 3987 759 4064; x_wconf 85' lang='grc' dir='ltr'>παρὰ</span> <span class='ocrx_word' id='word_1_533' title='bbox 801 3989 862 4042; x_wconf 86' lang='grc' dir='ltr'>τὸ</span> <span class='ocrx_word' id='word_1_534' title='bbox 899 3987 1088 4064; x_wconf 79' lang='grc' dir='ltr'>μέτρον</span> <span class='ocrx_word' id='word_1_535' title='bbox 1137 3989 1229 4043; x_wconf 80' lang='grc' dir='ltr'>τὸν</span> <span class='ocrx_word' id='word_1_536' title='bbox 1276 3988 1434 4064; x_wconf 77' lang='grc' dir='ltr'>λόγον</span> <span class='ocrx_word' id='word_1_537' title='bbox 1477 3992 1834 4063; x_wconf 82' lang='grc' dir='ltr'>μηκυνθῆναι,</span> 
     </span>
    </p>
   </div>
   <div class='ocr_carea' id='block_1_84' title="bbox 1968 3984 3564 4069">
    <p class='ocr_par' dir='ltr' id='par_1_84' title="bbox 1968 3984 3564 4069">
     <span class='ocr_line' id='line_1_84' title="bbox 1968 3984 3564 4069; baseline -0.001 -22"><span class='ocrx_word' id='word_1_538' title='bbox 1968 3993 2188 4050; x_wconf 78' lang='lat' dir='ltr'>iaxime</span> <span class='ocrx_word' id='word_1_539' title='bbox 2211 3988 2507 4069; x_wconf 87' lang='lat' dir='ltr'>quierant</span> <span class='ocrx_word' id='word_1_540' title='bbox 2530 4007 2598 4049; x_wconf 88' lang='lat' dir='ltr'>ex</span> <span class='ocrx_word' id='word_1_541' title='bbox 2628 3988 3015 4063; x_wconf 83' lang='lat' dir='ltr'>monasterio;</span> <span class='ocrx_word' id='word_1_542' title='bbox 3050 4003 3159 4047; x_wconf 90' lang='lat' dir='ltr'>nos</span> <span class='ocrx_word' id='word_1_543' title='bbox 3199 4003 3361 4061; x_wconf 90' lang='lat' dir='ltr'>vero,</span> <span class='ocrx_word' id='word_1_544' title='bbox 3393 4001 3471 4046; x_wconf 89' lang='lat' dir='ltr'>ne</span> <span class='ocrx_word' id='word_1_545' title='bbox 3499 3984 3564 4046; x_wconf 90' lang='lat' dir='ltr'>in</span> 
     </span>
    </p>
   </div>
   <div class='ocr_carea' id='block_1_85' title="bbox 194 4070 1835 4155">
    <p class='ocr_par' dir='ltr' id='par_1_85' title="bbox 194 4070 1835 4155">
     <span class='ocr_line' id='line_1_85' title="bbox 194 4070 1835 4155; baseline 0.002 -26"><span class='ocrx_word' id='word_1_546' title='bbox 194 4074 319 4131; x_wconf 82' lang='grc' dir='ltr'>τοὺς</span> <span class='ocrx_word' id='word_1_547' title='bbox 383 4070 603 4138; x_wconf 81' lang='grc' dir='ltr'>λοιποὺς</span> <span class='ocrx_word' id='word_1_548' title='bbox 661 4077 988 4152; x_wconf 68' lang='grc' dir='ltr'>πειρασμοὺς</span> <span class='ocrx_word' id='word_1_549' title='bbox 1030 4075 1084 4132; x_wconf 89' lang='grc' dir='ltr'>ἐν</span> <span class='ocrx_word' id='word_1_550' title='bbox 1147 4083 1223 4150; x_wconf 79' lang='grc' dir='ltr'>τῷ</span> <span class='ocrx_word' id='word_1_551' title='bbox 1290 4076 1530 4155; x_wconf 78' lang='grc' dir='ltr'>προτέρῳ</span> <span class='ocrx_word' id='word_1_552' title='bbox 1583 4077 1691 4154; x_wconf 75' lang='grc' dir='ltr'>ὄρει</span> <span class='ocrx_word' id='word_1_553' title='bbox 1751 4079 1835 4134; x_wconf 85' lang='grc' dir='ltr'>καὶ</span> 
     </span>
    </p>
   </div>
   <div class='ocr_carea' id='block_1_86' title="bbox 1968 4070 3558 4155">
    <p class='ocr_par' dir='ltr' id='par_1_86' title="bbox 1968 4074 3558 4155">
     <span class='ocr_line' id='line_1_86' title="bbox 1968 4074 3558 4155; baseline -0.002 -18"><span class='ocrx_word' id='word_1_554' title='bbox 1968 4095 2282 4138; x_wconf 91' lang='lat' dir='ltr'>nmensum</span> <span class='ocrx_word' id='word_1_555' title='bbox 2307 4087 2608 4139; x_wconf 90' lang='lat' dir='ltr'>cresceret</span> <span class='ocrx_word' id='word_1_556' title='bbox 2630 4078 2842 4151; x_wconf 87' lang='lat' dir='ltr'>oratio,</span> <span class='ocrx_word' id='word_1_557' title='bbox 2879 4077 3143 4155; x_wconf 90' lang='lat' dir='ltr'>reliquas</span> <span class='ocrx_word' id='word_1_558' title='bbox 3177 4074 3558 4150; x_wconf 88' lang='lat' dir='ltr'>tentationes,</span> 
     </span>
    </p>
   </div>
   <div class='ocr_carea' id='block_1_87' title="bbox 192 4163 1835 4247">
    <p class='ocr_par' dir='ltr' id='par_1_87' title="bbox 192 4163 1835 4245">
     <span class='ocr_line' id='line_1_87' title="bbox 192 4163 1835 4245; baseline 0.003 -27"><span class='ocrx_word' id='word_1_559' title='bbox 192 4165 248 4218; x_wconf 71' lang='grc' dir='ltr'>ἐν</span> <span class='ocrx_word' id='word_1_560' title='bbox 292 4163 464 4235; x_wconf 81' lang='grc' dir='ltr'>τούτῳ</span> <span class='ocrx_word' id='word_1_561' title='bbox 506 4164 901 4241; x_wconf 78' lang='grc' dir='ltr'>γεγενημένους</span> <span class='ocrx_word' id='word_1_562' title='bbox 933 4163 1019 4220; x_wconf 83' lang='grc' dir='ltr'>ἐπ’</span> <span class='ocrx_word' id='word_1_563' title='bbox 1065 4165 1208 4240; x_wconf 74' lang='grc' dir='ltr'>αὐτῷ</span> <span class='ocrx_word' id='word_1_564' title='bbox 1240 4163 1596 4244; x_wconf 71' lang='grc' dir='ltr'>διηγήσασθαι</span> <span class='ocrx_word' id='word_1_565' title='bbox 1652 4189 1835 4245; x_wconf 78' lang='grc' dir='ltr'>παρῃ-</span> 
     </span>
    </p>
   </div>
   <div class='ocr_carea' id='block_1_88' title="bbox 1968 4163 3555 4247">
    <p class='ocr_par' dir='ltr' id='par_1_88' title="bbox 1968 4164 3555 4246">
     <span class='ocr_line' id='line_1_88' title="bbox 1968 4164 3555 4246; baseline -0.003 -18"><span class='ocrx_word' id='word_1_566' title='bbox 1968 4186 2057 4228; x_wconf 76' lang='lat' dir='ltr'>uae</span> <span class='ocrx_word' id='word_1_567' title='bbox 2081 4167 2141 4227; x_wconf 94' lang='lat' dir='ltr'>in</span> <span class='ocrx_word' id='word_1_568' title='bbox 2167 4168 2349 4246; x_wconf 91' lang='lat' dir='ltr'>priori</span> <span class='ocrx_word' id='word_1_569' title='bbox 2379 4177 2581 4229; x_wconf 92' lang='lat' dir='ltr'>monte</span> <span class='ocrx_word' id='word_1_570' title='bbox 2607 4176 2662 4227; x_wconf 93' lang='lat' dir='ltr'>et</span> <span class='ocrx_word' id='word_1_571' title='bbox 2704 4166 2765 4226; x_wconf 90' lang='lat' dir='ltr'>in</span> <span class='ocrx_word' id='word_1_572' title='bbox 2804 4164 2918 4226; x_wconf 90' lang='lat' dir='ltr'>hoc</span> <span class='ocrx_word' id='word_1_573' title='bbox 2957 4164 3126 4226; x_wconf 77' lang='lat' dir='ltr'>factae</span> <span class='ocrx_word' id='word_1_574' title='bbox 3149 4172 3286 4226; x_wconf 92' lang='lat' dir='ltr'>sunt</span> <span class='ocrx_word' id='word_1_575' title='bbox 3308 4164 3369 4224; x_wconf 90' lang='lat' dir='ltr'>in</span> <span class='ocrx_word' id='word_1_576' title='bbox 3394 4181 3555 4240; x_wconf 90' lang='lat' dir='ltr'>eum,</span> 
     </span>
    </p>
   </div>
   <div class='ocr_carea' id='block_1_89' title="bbox 191 4251 1835 4335">
    <p class='ocr_par' dir='ltr' id='par_1_89' title="bbox 191 4251 1834 4335">
     <span class='ocr_line' id='line_1_89' title="bbox 191 4251 1834 4335; baseline 0.002 -27"><span class='ocrx_word' id='word_1_577' title='bbox 191 4251 470 4327; x_wconf 77' lang='grc' dir='ltr'>τησάμεθα</span> <span class='ocrx_word' id='word_1_578' title='bbox 506 4271 524 4288; x_wconf 77' lang='grc' dir='ltr'><strong>ο</strong></span> <span class='ocrx_word' id='word_1_579' title='bbox 570 4255 658 4309; x_wconf 88' lang='grc' dir='ltr'>καὶ</span> <span class='ocrx_word' id='word_1_580' title='bbox 701 4255 802 4332; x_wconf 83' lang='grc' dir='ltr'>γὰρ</span> <span class='ocrx_word' id='word_1_581' title='bbox 848 4255 919 4317; x_wconf 86' lang='grc' dir='ltr'>εἰς</span> <span class='ocrx_word' id='word_1_582' title='bbox 953 4253 1183 4334; x_wconf 77' lang='grc' dir='ltr'>ἄγγελον</span> <span class='ocrx_word' id='word_1_583' title='bbox 1243 4258 1416 4335; x_wconf 80' lang='grc' dir='ltr'>φωτὸς</span> <span class='ocrx_word' id='word_1_584' title='bbox 1477 4253 1834 4330; x_wconf 76' lang='grc' dir='ltr'>μεταϐληθεὶς</span> 
     </span>
    </p>
   </div>
   <div class='ocr_carea' id='block_1_90' title="bbox 1968 4251 3562 4335">
    <p class='ocr_par' dir='ltr' id='par_1_90' title="bbox 1968 4253 3562 4333">
     <span class='ocr_line' id='line_1_90' title="bbox 1968 4253 3562 4333; baseline -0.003 -15"><span class='ocrx_word' id='word_1_585' title='bbox 1968 4275 2168 4318; x_wconf 87' lang='lat' dir='ltr'>arrare</span> <span class='ocrx_word' id='word_1_586' title='bbox 2191 4256 2696 4318; x_wconf 90' lang='lat' dir='ltr'>recusavimus.ln</span> <span class='ocrx_word' id='word_1_587' title='bbox 2717 4254 2992 4333; x_wconf 83' lang='lat' dir='ltr'>angelum</span> <span class='ocrx_word' id='word_1_588' title='bbox 3023 4253 3183 4315; x_wconf 91' lang='lat' dir='ltr'>enim</span> <span class='ocrx_word' id='word_1_589' title='bbox 3205 4253 3356 4314; x_wconf 92' lang='lat' dir='ltr'>lucis</span> <span class='ocrx_word' id='word_1_590' title='bbox 3373 4261 3562 4314; x_wconf 88' lang='lat' dir='ltr'>muta-</span> 
     </span>
    </p>
   </div>
   <div class='ocr_carea' id='block_1_91' title="bbox 191 4341 1835 4424">
    <p class='ocr_par' dir='ltr' id='par_1_91' title="bbox 191 4341 1833 4424">
     <span class='ocr_line' id='line_1_91' title="bbox 191 4341 1833 4424; baseline 0.004 -27"><span class='ocrx_word' id='word_1_591' title='bbox 191 4344 221 4397; x_wconf 79' lang='grc' dir='ltr'>ὁ</span> <span class='ocrx_word' id='word_1_592' title='bbox 281 4343 539 4417; x_wconf 82' lang='grc' dir='ltr'>πονηρὸς,</span> <span class='ocrx_word' id='word_1_593' title='bbox 601 4341 675 4404; x_wconf 81' lang='grc' dir='ltr'>ὥς</span> <span class='ocrx_word' id='word_1_594' title='bbox 733 4365 895 4422; x_wconf 76' lang='grc' dir='ltr'>φησιν</span> <span class='ocrx_word' id='word_1_595' title='bbox 954 4345 981 4398; x_wconf 84' lang='grc' dir='ltr'>ὁ</span> <span class='ocrx_word' id='word_1_596' title='bbox 1034 4341 1384 4424; x_wconf 67' lang='grc' dir='ltr'>Ἀπόστολος,</span> <span class='ocrx_word' id='word_1_597' title='bbox 1440 4345 1833 4418; x_wconf 81' lang='grc' dir='ltr'>ἀπατᾷναύτὸν</span> 
     </span>
    </p>
   </div>
   <div class='ocr_carea' id='block_1_92' title="bbox 1968 4341 3560 4424">
    <p class='ocr_par' dir='ltr' id='par_1_92' title="bbox 1968 4341 3560 4424">
     <span class='ocr_line' id='line_1_92' title="bbox 1968 4341 3560 4424; baseline -0.002 -19"><span class='ocrx_word' id='word_1_598' title='bbox 1968 4363 2012 4406; x_wconf 88' lang='lat' dir='ltr'>IS</span> <span class='ocrx_word' id='word_1_599' title='bbox 2037 4345 2423 4423; x_wconf 87' lang='lat' dir='ltr'>malignus,ut</span> <span class='ocrx_word' id='word_1_600' title='bbox 2449 4345 2596 4406; x_wconf 89' lang='lat' dir='ltr'>dicit</span> <span class='ocrx_word' id='word_1_601' title='bbox 2616 4343 2941 4424; x_wconf 86' lang='lat' dir='ltr'>Apostolus</span> <span class='ocrx_word' id='word_1_602' title='bbox 2961 4341 3298 4422; x_wconf 54' lang='lat' dir='ltr'>aht,putabat</span> <span class='ocrx_word' id='word_1_603' title='bbox 3320 4359 3386 4403; x_wconf 89' lang='lat' dir='ltr'>se</span> <span class='ocrx_word' id='word_1_604' title='bbox 3419 4359 3560 4402; x_wconf 90' lang='lat' dir='ltr'>eum</span> 
     </span>
    </p>
   </div>
   <div class='ocr_carea' id='block_1_93' title="bbox 189 4429 1835 4514">
    <p class='ocr_par' dir='ltr' id='par_1_93' title="bbox 189 4429 1833 4514">
     <span class='ocr_line' id='line_1_93' title="bbox 189 4429 1833 4514; baseline 0.005 -30"><span class='ocrx_word' id='word_1_605' title='bbox 189 4431 354 4504; x_wconf 77' lang='grc' dir='ltr'>ᾣετο⁹</span> <span class='ocrx_word' id='word_1_606' title='bbox 417 4429 538 4487; x_wconf 76' lang='grc' dir='ltr'>ἀλλ’</span> <span class='ocrx_word' id='word_1_607' title='bbox 593 4436 690 4490; x_wconf 77' lang='grc' dir='ltr'>οὐκ</span> <span class='ocrx_word' id='word_1_608' title='bbox 721 4433 786 4500; x_wconf 75' lang='grc' dir='ltr'>ἦν</span> <span class='ocrx_word' id='word_1_609' title='bbox 831 4431 1097 4498; x_wconf 77' lang='grc' dir='ltr'>εὐάλωτος</span> <span class='ocrx_word' id='word_1_610' title='bbox 1149 4436 1176 4489; x_wconf 88' lang='grc' dir='ltr'>ὁ</span> <span class='ocrx_word' id='word_1_611' title='bbox 1229 4437 1514 4514; x_wconf 73' lang='grc' dir='ltr'>μακάριος³</span> <span class='ocrx_word' id='word_1_612' title='bbox 1550 4434 1747 4514; x_wconf 73' lang='grc' dir='ltr'>σφόδρα</span> <span class='ocrx_word' id='word_1_613' title='bbox 1779 4434 1833 4492; x_wconf 78' lang='grc' dir='ltr'>δὲ</span> 
     </span>
    </p>
   </div>
   <div class='ocr_carea' id='block_1_94' title="bbox 1968 4429 3557 4514">
    <p class='ocr_par' dir='ltr' id='par_1_94' title="bbox 1968 4429 3557 4514">
     <span class='ocr_line' id='line_1_94' title="bbox 1968 4429 3557 4514; baseline -0.001 -18"><span class='ocrx_word' id='word_1_614' title='bbox 1968 4442 2334 4514; x_wconf 86' lang='lat' dir='ltr'>ecepturum.</span> <span class='ocrx_word' id='word_1_615' title='bbox 2362 4432 2479 4496; x_wconf 87' lang='lat' dir='ltr'>Sed</span> <span class='ocrx_word' id='word_1_616' title='bbox 2513 4453 2633 4494; x_wconf 92' lang='lat' dir='ltr'>non</span> <span class='ocrx_word' id='word_1_617' title='bbox 2665 4433 2838 4494; x_wconf 81' lang='lat' dir='ltr'>facile</span> <span class='ocrx_word' id='word_1_618' title='bbox 2870 4432 3004 4512; x_wconf 86' lang='lat' dir='ltr'>capi</span> <span class='ocrx_word' id='word_1_619' title='bbox 3035 4440 3266 4512; x_wconf 84' lang='lat' dir='ltr'>poterat</span> <span class='ocrx_word' id='word_1_620' title='bbox 3295 4429 3506 4492; x_wconf 88' lang='lat' dir='ltr'>beatus</span> <span class='ocrx_word' id='word_1_621' title='bbox 3541 4451 3557 4494; x_wconf 86' lang='lat'><strong>:</strong></span> 
     </span>
    </p>
   </div>
   <div class='ocr_carea' id='block_1_95' title="bbox 189 4513 1835 4605">
    <p class='ocr_par' dir='ltr' id='par_1_95' title="bbox 189 4513 1832 4605">
     <span class='ocr_line' id='line_1_95' title="bbox 189 4513 1832 4605; baseline 0.004 -30"><span class='ocrx_word' id='word_1_622' title='bbox 189 4519 400 4595; x_wconf 82' lang='grc' dir='ltr'>μᾶλλον</span> <span class='ocrx_word' id='word_1_623' title='bbox 457 4521 709 4599; x_wconf 69' lang='grc' dir='ltr'>ἔμπειρος</span> <span class='ocrx_word' id='word_1_624' title='bbox 771 4523 830 4578; x_wconf 81' lang='grc' dir='ltr'>ἐκ</span> <span class='ocrx_word' id='word_1_625' title='bbox 886 4524 986 4589; x_wconf 73' lang='grc' dir='ltr'>τῆς</span> <span class='ocrx_word' id='word_1_626' title='bbox 1045 4529 1152 4580; x_wconf 86' lang='grc' dir='ltr'>τῶν</span> <span class='ocrx_word' id='word_1_627' title='bbox 1207 4526 1358 4582; x_wconf 89' lang='grc' dir='ltr'>θείων</span> <span class='ocrx_word' id='word_1_628' title='bbox 1410 4513 1630 4605; x_wconf 74' lang='grc' dir='ltr'>Γραφῶν</span> <span class='ocrx_word' id='word_1_629' title='bbox 1681 4513 1832 4582; x_wconf 82' lang='grc' dir='ltr'>διδα-</span> 
     </span>
    </p>
   </div>
   <div class='ocr_carea' id='block_1_96' title="bbox 1968 4513 3564 4605">
    <p class='ocr_par' dir='ltr' id='par_1_96' title="bbox 1968 4513 3564 4604">
     <span class='ocr_line' id='line_1_96' title="bbox 1968 4513 3564 4604; baseline -0.001 -21"><span class='ocrx_word' id='word_1_630' title='bbox 1968 4531 1979 4583; x_wconf 81' lang='lat' dir='ltr'>t</span> <span class='ocrx_word' id='word_1_631' title='bbox 2028 4513 2275 4604; x_wconf 82' lang='lat' dir='ltr'>pulchre</span> <span class='ocrx_word' id='word_1_632' title='bbox 2311 4522 2651 4597; x_wconf 89' lang='lat' dir='ltr'>resistebat,</span> <span class='ocrx_word' id='word_1_633' title='bbox 2714 4539 2848 4584; x_wconf 89' lang='lat' dir='ltr'>cum</span> <span class='ocrx_word' id='word_1_634' title='bbox 2899 4529 3063 4582; x_wconf 91' lang='lat' dir='ltr'>esset</span> <span class='ocrx_word' id='word_1_635' title='bbox 3114 4521 3284 4583; x_wconf 86' lang='lat' dir='ltr'>valde</span> <span class='ocrx_word' id='word_1_636' title='bbox 3334 4521 3564 4603; x_wconf 85' lang='lat' dir='ltr'>peritus</span> 
     </span>
    </p>
   </div>
   <div class='ocr_carea' id='block_1_97' title="bbox 190 4607 442 4673">
    <p class='ocr_par' dir='ltr' id='par_1_97' title="bbox 190 4607 442 4673">
     <span class='ocr_line' id='line_1_97' title="bbox 190 4607 442 4673; baseline 0 -9"><span class='ocrx_word' id='word_1_637' title='bbox 190 4607 416 4673; x_wconf 83' lang='grc' dir='ltr'>σκαλίας</span> <span class='ocrx_word' id='word_1_638' title='bbox 427 4657 442 4672; x_wconf 89' lang='grc'><em>,</em></span> 
     </span>
    </p>
   </div>
   <div class='ocr_carea' id='block_1_98' title="bbox 272 4698 1832 4785">
    <p class='ocr_par' dir='ltr' id='par_1_98' title="bbox 272 4698 1832 4785">
     <span class='ocr_line' id='line_1_98' title="bbox 272 4698 1832 4785; baseline 0.006 -33"><span class='ocrx_word' id='word_1_639' title='bbox 272 4698 412 4759; x_wconf 82' lang='grc' dir='ltr'>ΜΕ’.</span> <span class='ocrx_word' id='word_1_640' title='bbox 476 4699 636 4757; x_wconf 65' lang='grc' dir='ltr'>εὈθεν</span> <span class='ocrx_word' id='word_1_641' title='bbox 691 4701 782 4757; x_wconf 86' lang='grc' dir='ltr'>καὶ</span> <span class='ocrx_word' id='word_1_642' title='bbox 836 4713 958 4766; x_wconf 76' lang='grc' dir='ltr'>τοῖς</span> <span class='ocrx_word' id='word_1_643' title='bbox 1013 4700 1391 4782; x_wconf 82' lang='grc' dir='ltr'>συντρέχουσιν</span> <span class='ocrx_word' id='word_1_644' title='bbox 1441 4702 1501 4758; x_wconf 80' lang='grc' dir='ltr'>ἐκ</span> <span class='ocrx_word' id='word_1_645' title='bbox 1528 4709 1628 4770; x_wconf 81' lang='grc' dir='ltr'>τῆς</span> <span class='ocrx_word' id='word_1_646' title='bbox 1661 4728 1832 4785; x_wconf 89' lang='grc' dir='ltr'>μεγα-</span> 
     </span>
    </p>
   </div>
   <div class='ocr_carea' id='block_1_99' title="bbox 190 4789 1833 4864">
    <p class='ocr_par' dir='ltr' id='par_1_99' title="bbox 190 4789 1833 4864">
     <span class='ocr_line' id='line_1_99' title="bbox 190 4789 1833 4864; baseline 0.005 -20"><span class='ocrx_word' id='word_1_647' title='bbox 190 4789 438 4864; x_wconf 79' lang='grc' dir='ltr'>λωνύμου</span> <span class='ocrx_word' id='word_1_648' title='bbox 500 4790 1110 4857; x_wconf 84' lang='grc' dir='ltr'>Κωνσταντινουπόλεως</span> <span class='ocrx_word' id='word_1_649' title='bbox 1170 4796 1264 4848; x_wconf 84' lang='grc' dir='ltr'>καί</span> <span class='ocrx_word' id='word_1_650' title='bbox 1325 4805 1444 4854; x_wconf 81' lang='grc' dir='ltr'>τοῖς</span> <span class='ocrx_word' id='word_1_651' title='bbox 1477 4792 1694 4858; x_wconf 80' lang='grc' dir='ltr'>λοιποῖς</span> <span class='ocrx_word' id='word_1_652' title='bbox 1729 4803 1833 4852; x_wconf 85' lang='grc' dir='ltr'>τῶν</span> 
     </span>
    </p>
   </div>
   <div class='ocr_carea' id='block_1_100' title="bbox 189 4879 1831 4961">
    <p class='ocr_par' dir='ltr' id='par_1_100' title="bbox 189 4879 1831 4961">
     <span class='ocr_line' id='line_1_100' title="bbox 189 4879 1831 4961; baseline 0.005 -27"><span class='ocrx_word' id='word_1_653' title='bbox 189 4879 499 4958; x_wconf 81' lang='grc' dir='ltr'>ἐπιχωρίων</span> <span class='ocrx_word' id='word_1_654' title='bbox 543 4882 820 4958; x_wconf 77' lang='grc' dir='ltr'>προσηνὴς</span> <span class='ocrx_word' id='word_1_655' title='bbox 875 4881 942 4948; x_wconf 83' lang='grc' dir='ltr'>ἧν</span> <span class='ocrx_word' id='word_1_656' title='bbox 995 4884 1083 4936; x_wconf 84' lang='grc' dir='ltr'>καὶ</span> <span class='ocrx_word' id='word_1_657' title='bbox 1139 4881 1570 4961; x_wconf 72' lang='grc' dir='ltr'>παρακλητικὸς,</span> <span class='ocrx_word' id='word_1_658' title='bbox 1630 4886 1675 4940; x_wconf 82' lang='grc' dir='ltr'>εἰ</span> <span class='ocrx_word' id='word_1_659' title='bbox 1733 4890 1831 4942; x_wconf 65' lang='grc' dir='ltr'>καὶ</span> 
     </span>
    </p>
   </div>
   <div class='ocr_carea' id='block_1_101' title="bbox 187 4967 1830 5048">
    <p class='ocr_par' dir='ltr' id='par_1_101' title="bbox 187 4967 1830 5048">
     <span class='ocr_line' id='line_1_101' title="bbox 187 4967 1830 5048; baseline 0.003 -23"><span class='ocrx_word' id='word_1_660' title='bbox 187 4990 270 5030; x_wconf 86' lang='grc' dir='ltr'>τις</span> <span class='ocrx_word' id='word_1_661' title='bbox 327 4967 515 5046; x_wconf 70' lang='grc' dir='ltr'>ἄλλος³</span> <span class='ocrx_word' id='word_1_662' title='bbox 576 4975 676 5036; x_wconf 79' lang='grc' dir='ltr'>τῆς</span> <span class='ocrx_word' id='word_1_663' title='bbox 721 4970 915 5048; x_wconf 81' lang='grc' dir='ltr'>ἀρετῆς</span> <span class='ocrx_word' id='word_1_664' title='bbox 978 4971 1085 5028; x_wconf 80' lang='grc' dir='ltr'>τῶν</span> <span class='ocrx_word' id='word_1_665' title='bbox 1141 4969 1317 5048; x_wconf 88' lang='grc' dir='ltr'>λόγων</span> <span class='ocrx_word' id='word_1_666' title='bbox 1375 4973 1536 5029; x_wconf 75' lang='grc' dir='ltr'>αὐτοῦ</span> <span class='ocrx_word' id='word_1_667' title='bbox 1590 4972 1830 5039; x_wconf 77' lang='grc' dir='ltr'>ἅπαντας</span> 
     </span>
    </p>
   </div>
   <div class='ocr_carea' id='block_1_102' title="bbox 187 5058 1831 5138">
    <p class='ocr_par' dir='ltr' id='par_1_102' title="bbox 187 5058 1831 5138">
     <span class='ocr_line' id='line_1_102' title="bbox 187 5058 1831 5138; baseline 0.003 -24"><span class='ocrx_word' id='word_1_668' title='bbox 187 5058 665 5134; x_wconf 80' lang='grc' dir='ltr'>προσκαλουμένης</span> <span class='ocrx_word' id='word_1_669' title='bbox 699 5061 784 5115; x_wconf 75' lang='grc' dir='ltr'>καὶ</span> <span class='ocrx_word' id='word_1_670' title='bbox 827 5064 926 5126; x_wconf 82' lang='grc' dir='ltr'>τῆς</span> <span class='ocrx_word' id='word_1_671' title='bbox 976 5062 1094 5138; x_wconf 88' lang='grc' dir='ltr'>περὶ</span> <span class='ocrx_word' id='word_1_672' title='bbox 1139 5061 1298 5118; x_wconf 77' lang='grc' dir='ltr'>αὐτοῦ</span> <span class='ocrx_word' id='word_1_673' title='bbox 1341 5061 1527 5138; x_wconf 81' lang='grc' dir='ltr'>φήμης</span> <span class='ocrx_word' id='word_1_674' title='bbox 1577 5065 1665 5118; x_wconf 82' lang='grc' dir='ltr'>καὶ</span> <span class='ocrx_word' id='word_1_675' title='bbox 1710 5066 1831 5127; x_wconf 78' lang='grc' dir='ltr'>τοὺς</span> 
     </span>
    </p>
   </div>
   <div class='ocr_carea' id='block_1_103' title="bbox 185 5145 1830 5226">
    <p class='ocr_par' dir='ltr' id='par_1_103' title="bbox 185 5145 1830 5226">
     <span class='ocr_line' id='line_1_103' title="bbox 185 5145 1830 5226; baseline 0.004 -24"><span class='ocrx_word' id='word_1_676' title='bbox 185 5145 366 5225; x_wconf 78' lang='grc' dir='ltr'>πορῥω</span> <span class='ocrx_word' id='word_1_677' title='bbox 397 5147 761 5226; x_wconf 77' lang='grc' dir='ltr'>ἐφελκομένης</span> <span class='ocrx_word' id='word_1_678' title='bbox 803 5165 816 5178; x_wconf 81' lang='grc'><strong>⁸</strong></span> <span class='ocrx_word' id='word_1_679' title='bbox 871 5150 1009 5204; x_wconf 83' lang='grc' dir='ltr'>κατὰ</span> <span class='ocrx_word' id='word_1_680' title='bbox 1068 5150 1157 5206; x_wconf 82' lang='grc' dir='ltr'>οὖν</span> <span class='ocrx_word' id='word_1_681' title='bbox 1207 5150 1268 5205; x_wconf 82' lang='grc' dir='ltr'>τὸ</span> <span class='ocrx_word' id='word_1_682' title='bbox 1297 5149 1477 5212; x_wconf 70' lang='grc' dir='ltr'>εἰωθὸς</span> <span class='ocrx_word' id='word_1_683' title='bbox 1510 5152 1652 5225; x_wconf 75' lang='grc' dir='ltr'>αύτῷ</span> <span class='ocrx_word' id='word_1_684' title='bbox 1711 5153 1830 5215; x_wconf 85' lang='grc' dir='ltr'>τοὺς</span> 
     </span>
    </p>
   </div>
   <div class='ocr_carea' id='block_1_104' title="bbox 185 5237 1827 5317">
    <p class='ocr_par' dir='ltr' id='par_1_104' title="bbox 185 5237 1827 5317">
     <span class='ocr_line' id='line_1_104' title="bbox 185 5237 1827 5317; baseline 0.002 -23"><span class='ocrx_word' id='word_1_685' title='bbox 185 5241 421 5315; x_wconf 74' lang='grc' dir='ltr'>πρωϊθεν</span> <span class='ocrx_word' id='word_1_686' title='bbox 475 5237 800 5317; x_wconf 80' lang='grc' dir='ltr'>ἐρχομένους</span> <span class='ocrx_word' id='word_1_687' title='bbox 863 5239 1000 5312; x_wconf 82' lang='grc' dir='ltr'>μετὰ</span> <span class='ocrx_word' id='word_1_688' title='bbox 1044 5240 1227 5316; x_wconf 86' lang='grc' dir='ltr'>τρίτην</span> <span class='ocrx_word' id='word_1_689' title='bbox 1285 5237 1426 5316; x_wconf 81' lang='grc' dir='ltr'>ὥραν</span> <span class='ocrx_word' id='word_1_690' title='bbox 1456 5239 1682 5298; x_wconf 79' lang='grc' dir='ltr'>ἀπέλυεν</span> <span class='ocrx_word' id='word_1_691' title='bbox 1736 5244 1827 5298; x_wconf 81' lang='grc' dir='ltr'>καί</span> 
     </span>
    </p>
   </div>
   <div class='ocr_carea' id='block_1_105' title="bbox 183 5325 1830 5409">
    <p class='ocr_par' dir='ltr' id='par_1_105' title="bbox 183 5325 1830 5409">
     <span class='ocr_line' id='line_1_105' title="bbox 183 5325 1830 5409; baseline 0.003 -26"><span class='ocrx_word' id='word_1_692' title='bbox 183 5327 306 5391; x_wconf 84' lang='grc' dir='ltr'>τοὺς</span> <span class='ocrx_word' id='word_1_693' title='bbox 351 5326 536 5383; x_wconf 73' lang='grc' dir='ltr'>ἔπειτα</span> <span class='ocrx_word' id='word_1_694' title='bbox 569 5331 704 5402; x_wconf 84' lang='grc' dir='ltr'>μέτα</span> <span class='ocrx_word' id='word_1_695' title='bbox 745 5327 844 5393; x_wconf 76' lang='grc' dir='ltr'>τὴν</span> <span class='ocrx_word' id='word_1_696' title='bbox 881 5325 1044 5394; x_wconf 74' lang='grc' dir='ltr'>ἕκτην</span> <span class='ocrx_word' id='word_1_697' title='bbox 1071 5349 1088 5367; x_wconf 82' lang='grc' dir='ltr'><strong><em>ο</em></strong></span> <span class='ocrx_word' id='word_1_698' title='bbox 1123 5329 1218 5384; x_wconf 76' lang='grc' dir='ltr'>οὐκ</span> <span class='ocrx_word' id='word_1_699' title='bbox 1260 5329 1316 5384; x_wconf 78' lang='grc' dir='ltr'>ἐν</span> <span class='ocrx_word' id='word_1_700' title='bbox 1346 5327 1504 5406; x_wconf 79' lang='grc' dir='ltr'>ἀγρίᾳ</span> <span class='ocrx_word' id='word_1_701' title='bbox 1543 5326 1596 5384; x_wconf 84' lang='grc' dir='ltr'><em>δὲ</em></span> <span class='ocrx_word' id='word_1_702' title='bbox 1657 5353 1830 5409; x_wconf 88' lang='grc' dir='ltr'>προσ-</span> 
     </span>
    </p>
   </div>
   <div class='ocr_carea' id='block_1_106' title="bbox 185 5414 1832 5498">
    <p class='ocr_par' dir='ltr' id='par_1_106' title="bbox 185 5414 1832 5498">
     <span class='ocr_line' id='line_1_106' title="bbox 185 5414 1832 5498; baseline 0.004 -26"><span class='ocrx_word' id='word_1_703' title='bbox 185 5414 412 5494; x_wconf 84' lang='grc' dir='ltr'>εδρεύειν</span> <span class='ocrx_word' id='word_1_704' title='bbox 481 5418 602 5479; x_wconf 81' lang='grc' dir='ltr'>τοὺς</span> <span class='ocrx_word' id='word_1_705' title='bbox 656 5415 1115 5494; x_wconf 82' lang='grc' dir='ltr'>ἐπισυνηγμὲνους</span> <span class='ocrx_word' id='word_1_706' title='bbox 1165 5417 1332 5498; x_wconf 76' lang='grc' dir='ltr'>ἠφίει,</span> <span class='ocrx_word' id='word_1_707' title='bbox 1387 5416 1508 5474; x_wconf 82' lang='grc' dir='ltr'>ἀλλ’</span> <span class='ocrx_word' id='word_1_708' title='bbox 1552 5419 1588 5487; x_wconf 80' lang='grc' dir='ltr'>ἣ</span> <span class='ocrx_word' id='word_1_709' title='bbox 1645 5419 1700 5479; x_wconf 78' lang='grc' dir='ltr'>ἐν</span> <span class='ocrx_word' id='word_1_710' title='bbox 1754 5425 1832 5498; x_wconf 79' lang='grc' dir='ltr'>τῷ</span> 
     </span>
    </p>
   </div>
   <div class='ocr_carea' id='block_1_107' title="bbox 265 5575 1104 5646">
    <p class='ocr_par' dir='ltr' id='par_1_107' title="bbox 265 5575 1104 5646">
     <span class='ocr_line' id='line_1_107' title="bbox 265 5575 1104 5646; baseline 0.004 -6"><span class='ocrx_word' id='word_1_711' title='bbox 265 5579 325 5631; x_wconf 68' lang='grc'>³5</span> <span class='ocrx_word' id='word_1_712' title='bbox 361 5578 518 5642; x_wconf 87' lang='lat' dir='ltr'>Psal.</span> <span class='ocrx_word' id='word_1_713' title='bbox 552 5595 631 5644; x_wconf 81' lang='lat' dir='ltr'>cr.</span> <span class='ocrx_word' id='word_1_714' title='bbox 715 5578 780 5630; x_wconf 70' lang='grc'><strong>94</strong></span> <span class='ocrx_word' id='word_1_715' title='bbox 811 5575 864 5642; x_wconf 83' lang='grc' dir='ltr'>ΙΙ</span> <span class='ocrx_word' id='word_1_716' title='bbox 895 5577 1031 5646; x_wconf 85' lang='lat' dir='ltr'>Cor.</span> <span class='ocrx_word' id='word_1_717' title='bbox 1066 5599 1104 5644; x_wconf 85' lang='grc' dir='ltr'>ι.</span> 
     </span>
    </p>
   </div>
   <div class='ocr_carea' id='block_1_108' title="bbox 1917 4611 3535 4691">
    <p class='ocr_par' dir='ltr' id='par_1_108' title="bbox 1917 4611 3535 4691">
     <span class='ocr_line' id='line_1_108' title="bbox 1917 4611 3535 4691; baseline -0.004 -16"><span class='ocrx_word' id='word_1_718' title='bbox 1917 4613 2207 4675; x_wconf 74' lang='lat' dir='ltr'>doctrinae</span> <span class='ocrx_word' id='word_1_719' title='bbox 2235 4613 2568 4673; x_wconf 89' lang='lat' dir='ltr'>divinarum</span> <span class='ocrx_word' id='word_1_720' title='bbox 2605 4611 3080 4691; x_wconf 85' lang='lat' dir='ltr'>Scripturarum.</span> <span class='ocrx_word' id='word_1_721' title='bbox 3531 4650 3535 4654; x_wconf 85' lang='lat'><strong><em>-</em></strong></span> 
     </span>
    </p>
   </div>
   <div class='ocr_carea' id='block_1_109' title="bbox 1997 4696 3564 4780">
    <p class='ocr_par' dir='ltr' id='par_1_109' title="bbox 1997 4696 3564 4780">
     <span class='ocr_line' id='line_1_109' title="bbox 1997 4696 3564 4780; baseline -0.001 -17"><span class='ocrx_word' id='word_1_722' title='bbox 1997 4700 2346 4765; x_wconf 81' lang='lat' dir='ltr'>XLV.Unde</span> <span class='ocrx_word' id='word_1_723' title='bbox 2374 4702 2552 4762; x_wconf 89' lang='lat' dir='ltr'>etiam</span> <span class='ocrx_word' id='word_1_724' title='bbox 2584 4699 2660 4762; x_wconf 89' lang='lat' dir='ltr'>iis</span> <span class='ocrx_word' id='word_1_725' title='bbox 2682 4700 2786 4779; x_wconf 90' lang='lat' dir='ltr'>qui</span> <span class='ocrx_word' id='word_1_726' title='bbox 2805 4701 2876 4762; x_wconf 91' lang='lat' dir='ltr'>ad</span> <span class='ocrx_word' id='word_1_727' title='bbox 2898 4701 3093 4780; x_wconf 90' lang='lat' dir='ltr'>ipsum</span> <span class='ocrx_word' id='word_1_728' title='bbox 3119 4696 3564 4761; x_wconf 79' lang='lat' dir='ltr'>conveniebant</span> 
     </span>
    </p>
   </div>
   <div class='ocr_carea' id='block_1_110' title="bbox 1917 4788 3564 4872">
    <p class='ocr_par' dir='ltr' id='par_1_110' title="bbox 1917 4788 3564 4872">
     <span class='ocr_line' id='line_1_110' title="bbox 1917 4788 3564 4872; baseline -0.003 -19"><span class='ocrx_word' id='word_1_729' title='bbox 1917 4810 1986 4853; x_wconf 83' lang='lat' dir='ltr'>ex</span> <span class='ocrx_word' id='word_1_730' title='bbox 2018 4793 2350 4854; x_wconf 90' lang='lat' dir='ltr'>clarissima</span> <span class='ocrx_word' id='word_1_731' title='bbox 2381 4789 2898 4872; x_wconf 87' lang='lat' dir='ltr'>Constantinopoli</span> <span class='ocrx_word' id='word_1_732' title='bbox 2919 4800 2979 4851; x_wconf 91' lang='lat' dir='ltr'>et</span> <span class='ocrx_word' id='word_1_733' title='bbox 3000 4789 3256 4869; x_wconf 89' lang='lat' dir='ltr'>reliquis</span> <span class='ocrx_word' id='word_1_734' title='bbox 3293 4789 3425 4868; x_wconf 89' lang='lat' dir='ltr'>ejus</span> <span class='ocrx_word' id='word_1_735' title='bbox 3447 4788 3564 4851; x_wconf 90' lang='lat' dir='ltr'>loci</span> 
     </span>
    </p>
   </div>
   <div class='ocr_carea' id='block_1_111' title="bbox 1917 4877 3565 4959">
    <p class='ocr_par' dir='ltr' id='par_1_111' title="bbox 1917 4877 3565 4959">
     <span class='ocr_line' id='line_1_111' title="bbox 1917 4877 3565 4959; baseline -0.002 -16"><span class='ocrx_word' id='word_1_736' title='bbox 1917 4882 2286 4957; x_wconf 90' lang='lat' dir='ltr'>hominibus,</span> <span class='ocrx_word' id='word_1_737' title='bbox 2323 4891 2452 4942; x_wconf 83' lang='lat' dir='ltr'>erat</span> <span class='ocrx_word' id='word_1_738' title='bbox 2481 4881 2652 4941; x_wconf 86' lang='lat' dir='ltr'>valde</span> <span class='ocrx_word' id='word_1_739' title='bbox 2684 4881 2846 4941; x_wconf 86' lang='lat' dir='ltr'>mitis</span> <span class='ocrx_word' id='word_1_740' title='bbox 2878 4889 2937 4940; x_wconf 94' lang='lat' dir='ltr'>et</span> <span class='ocrx_word' id='word_1_741' title='bbox 2969 4879 3330 4959; x_wconf 88' lang='lat' dir='ltr'>placidus,et</span> <span class='ocrx_word' id='word_1_742' title='bbox 3351 4877 3424 4938; x_wconf 85' lang='lat' dir='ltr'>ad</span> <span class='ocrx_word' id='word_1_743' title='bbox 3459 4896 3565 4940; x_wconf 87' lang='lat' dir='ltr'>eos</span> 
     </span>
    </p>
   </div>
   <div class='ocr_carea' id='block_1_112' title="bbox 1914 4965 3560 5048">
    <p class='ocr_par' dir='ltr' id='par_1_112' title="bbox 1914 4965 3560 5048">
     <span class='ocr_line' id='line_1_112' title="bbox 1914 4965 3560 5048; baseline -0.004 -16"><span class='ocrx_word' id='word_1_744' title='bbox 1914 4971 2312 5033; x_wconf 89' lang='lat' dir='ltr'>consolandos</span> <span class='ocrx_word' id='word_1_745' title='bbox 2342 4967 2852 5048; x_wconf 88' lang='lat' dir='ltr'>accommodatus,</span> <span class='ocrx_word' id='word_1_746' title='bbox 2873 4978 2941 5028; x_wconf 84' lang='lat' dir='ltr'>ut</span> <span class='ocrx_word' id='word_1_747' title='bbox 2969 4967 3021 5028; x_wconf 89' lang='lat' dir='ltr'>si</span> <span class='ocrx_word' id='word_1_748' title='bbox 3054 4967 3188 5046; x_wconf 90' lang='lat' dir='ltr'>quis</span> <span class='ocrx_word' id='word_1_749' title='bbox 3218 4965 3396 5040; x_wconf 86' lang='lat' dir='ltr'>alius,</span> <span class='ocrx_word' id='word_1_750' title='bbox 3425 4984 3560 5028; x_wconf 90' lang='lat' dir='ltr'>om-</span> 
     </span>
    </p>
   </div>
   <div class='ocr_carea' id='block_1_113' title="bbox 1916 5055 3562 5138">
    <p class='ocr_par' dir='ltr' id='par_1_113' title="bbox 1916 5055 3562 5138">
     <span class='ocr_line' id='line_1_113' title="bbox 1916 5055 3562 5138; baseline -0.001 -18"><span class='ocrx_word' id='word_1_751' title='bbox 1916 5078 2026 5122; x_wconf 92' lang='lat' dir='ltr'>nes</span> <span class='ocrx_word' id='word_1_752' title='bbox 2053 5060 2378 5122; x_wconf 88' lang='lat' dir='ltr'>advocante</span> <span class='ocrx_word' id='word_1_753' title='bbox 2409 5061 2540 5138; x_wconf 82' lang='lat' dir='ltr'>ejus</span> <span class='ocrx_word' id='word_1_754' title='bbox 2563 5057 2881 5118; x_wconf 89' lang='lat' dir='ltr'>verborum</span> <span class='ocrx_word' id='word_1_755' title='bbox 2907 5060 3218 5136; x_wconf 88' lang='lat' dir='ltr'>virtute,et</span> <span class='ocrx_word' id='word_1_756' title='bbox 3247 5055 3383 5136; x_wconf 90' lang='lat' dir='ltr'>ejus</span> <span class='ocrx_word' id='word_1_757' title='bbox 3404 5055 3562 5118; x_wconf 88' lang='lat' dir='ltr'>fama</span> 
     </span>
    </p>
   </div>
   <div class='ocr_carea' id='block_1_114' title="bbox 1918 5143 3560 5228">
    <p class='ocr_par' dir='ltr' id='par_1_114' title="bbox 1918 5143 3560 5228">
     <span class='ocr_line' id='line_1_114' title="bbox 1918 5143 3560 5228; baseline -0.001 -18"><span class='ocrx_word' id='word_1_758' title='bbox 1918 5150 2192 5211; x_wconf 87' lang='lat' dir='ltr'>trahente</span> <span class='ocrx_word' id='word_1_759' title='bbox 2229 5167 2333 5210; x_wconf 90' lang='lat' dir='ltr'>eos</span> <span class='ocrx_word' id='word_1_760' title='bbox 2374 5149 2547 5210; x_wconf 90' lang='lat' dir='ltr'>etiam</span> <span class='ocrx_word' id='word_1_761' title='bbox 2581 5147 2685 5228; x_wconf 88' lang='lat' dir='ltr'>qui</span> <span class='ocrx_word' id='word_1_762' title='bbox 2747 5146 2952 5227; x_wconf 85' lang='lat' dir='ltr'>procul</span> <span class='ocrx_word' id='word_1_763' title='bbox 2987 5157 3155 5208; x_wconf 88' lang='lat' dir='ltr'>erant</span> <span class='ocrx_word' id='word_1_764' title='bbox 3204 5145 3448 5208; x_wconf 87' lang='lat' dir='ltr'>remoti.</span> <span class='ocrx_word' id='word_1_765' title='bbox 3482 5143 3560 5208; x_wconf 84' lang='lat' dir='ltr'>Ut</span> 
     </span>
    </p>
   </div>
   <div class='ocr_carea' id='block_1_115' title="bbox 1916 5234 3561 5318">
    <p class='ocr_par' dir='ltr' id='par_1_115' title="bbox 1916 5234 3561 5318">
     <span class='ocr_line' id='line_1_115' title="bbox 1916 5234 3561 5318; baseline -0.004 -17"><span class='ocrx_word' id='word_1_766' title='bbox 1916 5258 2056 5318; x_wconf 86' lang='lat' dir='ltr'>ergo</span> <span class='ocrx_word' id='word_1_767' title='bbox 2115 5245 2534 5315; x_wconf 87' lang='lat' dir='ltr'>consueverat,</span> <span class='ocrx_word' id='word_1_768' title='bbox 2586 5255 2688 5297; x_wconf 91' lang='lat' dir='ltr'>eos</span> <span class='ocrx_word' id='word_1_769' title='bbox 2739 5236 2840 5315; x_wconf 87' lang='lat' dir='ltr'>qui</span> <span class='ocrx_word' id='word_1_770' title='bbox 2873 5254 3046 5296; x_wconf 90' lang='lat' dir='ltr'>mane</span> <span class='ocrx_word' id='word_1_771' title='bbox 3076 5234 3427 5311; x_wconf 89' lang='lat' dir='ltr'>veniebant,</span> <span class='ocrx_word' id='word_1_772' title='bbox 3463 5234 3561 5296; x_wconf 86' lang='lat' dir='ltr'>di-</span> 
     </span>
    </p>
   </div>
   <div class='ocr_carea' id='block_1_116' title="bbox 1917 5326 3563 5408">
    <p class='ocr_par' dir='ltr' id='par_1_116' title="bbox 1917 5326 3563 5408">
     <span class='ocr_line' id='line_1_116' title="bbox 1917 5326 3563 5408; baseline -0.002 -18"><span class='ocrx_word' id='word_1_773' title='bbox 1917 5327 2191 5391; x_wconf 84' lang='lat' dir='ltr'>mittebat</span> <span class='ocrx_word' id='word_1_774' title='bbox 2223 5334 2355 5408; x_wconf 86' lang='lat' dir='ltr'>post</span> <span class='ocrx_word' id='word_1_775' title='bbox 2384 5327 2591 5387; x_wconf 90' lang='lat' dir='ltr'>horam</span> <span class='ocrx_word' id='word_1_776' title='bbox 2625 5327 2859 5388; x_wconf 90' lang='lat' dir='ltr'>tertiam</span> <span class='ocrx_word' id='word_1_777' title='bbox 2887 5343 2901 5388; x_wconf 92' lang='lat'>:</span> <span class='ocrx_word' id='word_1_778' title='bbox 2957 5338 3016 5386; x_wconf 85' lang='lat' dir='ltr'>et</span> <span class='ocrx_word' id='word_1_779' title='bbox 3039 5326 3142 5404; x_wconf 91' lang='lat' dir='ltr'>qui</span> <span class='ocrx_word' id='word_1_780' title='bbox 3171 5332 3395 5402; x_wconf 89' lang='lat' dir='ltr'>postea,</span> <span class='ocrx_word' id='word_1_781' title='bbox 3428 5332 3563 5405; x_wconf 89' lang='lat' dir='ltr'>post</span> 
     </span>
    </p>
   </div>
   <div class='ocr_carea' id='block_1_117' title="bbox 1915 5412 3561 5482">
    <p class='ocr_par' dir='ltr' id='par_1_117' title="bbox 1915 5412 3561 5482">
     <span class='ocr_line' id='line_1_117' title="bbox 1915 5412 3561 5482; baseline -0.002 0"><span class='ocrx_word' id='word_1_782' title='bbox 1915 5426 2169 5482; x_wconf 83' lang='lat' dir='ltr'>sextam.</span> <span class='ocrx_word' id='word_1_783' title='bbox 2201 5418 2334 5480; x_wconf 87' lang='lat' dir='ltr'>Non</span> <span class='ocrx_word' id='word_1_784' title='bbox 2365 5415 2601 5478; x_wconf 89' lang='lat' dir='ltr'>sinebat</span> <span class='ocrx_word' id='word_1_785' title='bbox 2621 5423 2821 5478; x_wconf 88' lang='lat' dir='ltr'>autem</span> <span class='ocrx_word' id='word_1_786' title='bbox 2854 5415 2915 5476; x_wconf 92' lang='lat' dir='ltr'>in</span> <span class='ocrx_word' id='word_1_787' title='bbox 2946 5412 3068 5476; x_wconf 89' lang='lat' dir='ltr'>otio</span> <span class='ocrx_word' id='word_1_788' title='bbox 3099 5412 3418 5476; x_wconf 88' lang='lat' dir='ltr'>considere</span> <span class='ocrx_word' id='word_1_789' title='bbox 3453 5431 3561 5479; x_wconf 85' lang='lat' dir='ltr'>eos</span> 
     </span>
    </p>
   </div>
  </div>
