3932 6140
151 211 309 292 1417

1437 208 1638 286 -ἯΤΑ
1679 217 1741 284 S.
1790 207 2190 284 AUXENTII.

3365 211 3525 286 1418

146 360 282 437 οῦσῃ
343 360 434 419 καὶ
495 355 888 437 πεπηρωμένῃ,
941 359 1014 423 ὡς
1076 356 1213 434 μήτε
1288 356 1390 424 τὴν
1444 355 1698 414 διδασκαλ

1948 359 2120 415 »σείει
2149 369 2288 432 ergo
2316 350 2501 414 menti
2535 358 2770 431 nostra},
2801 363 2937 434 Quae
2966 345 3047 416 ita
3076 361 3167 417 est
3189 364 3501 430 occaecata,

144 457 254 506 τῶν
297 451 450 507 θείων
495 450 716 529 Γραφῶν
782 449 1140 528 εἰσδέχεσθαι,
1170 447 1206 515 ἢ
1237 460 1545 522 κατανοεῖν,
1593 445 1788 525 ὁδηγὸν

143 539 461 596 ἐπισπεῖσαι
503 541 597 596 τὸν
659 537 851 605 εὐσεϐῆ
895 538 1157 617 λογισμὸν
1226 538 1315 594 καὶ
1367 536 1788 615 προηγουμένως

141 631 236 685 τὸν
290 627 452 708 φόϐον
495 635 588 686 τοῦ
635 635 789 703 Θεοῦ,
840 627 986 691 ὅστις
1032 631 1382 706 κατορθοῦται
1440 624 1523 682 διὰ
1581 649 1784 707 συχνο·-

141 717 301 795 τέρας
358 715 593 788 δεήσεως
637 740 695 774 τε
731 718 820 775 καὶ
853 722 1163 796 προτευχῆς
1207 717 1340 794 πρὸς
1378 717 1440 772 τὸ
1483 716 1786 773 ἀπολιποῦ-

145 828 247 863 σαν
319 806 385 863 τὰ
443 805 618 882 γεώδη
675 809 765 865 καὶ
843 807 1064 884 φθαρτὰ,
1141 805 1227 863 ἐπὶ
1295 806 1363 862 τά
1432 807 1645 884 οὐράνια
1699 807 1790 862 καὶ

145 894 388 975 ἄφθαρτα
457 893 780 952 ἀπεϐὶέπειν
835 895 1148 974 πράγματα,
1217 897 1277 953 '0
1347 896 1448 972 γὰρ
1491 895 1788 973 διορατικὸς

145 987 218 1060 τῇ
287 989 444 1064 ψυχῇ
514 986 604 1041 καὶ
654 983 1081 1059 πεπαιδευμένος
1144 990 1212 1061 τῇ
1254 982 1479 1063 διανοίᾳ,
1527 989 1586 1044 οὗ
1626 985 1787 1061 μόνον

148 1085 270 1138 τοῖς
318 1087 652 1150 σωματικοῖς
685 1073 982 1153 ὀφθαλμοῖς
1025 1073 1296 1151 ἐπιτρέπει
1353 1074 1454 1142 τὴν
1499 1079 1606 1130 τῶν
1649 1077 1789 1153 ὁρω-

149 1161 330 1238 μὲνων
365 1163 666 1238 ἐπίσκεψιν,
729 1162 868 1220 ἀλλὰ
923 1165 1012 1220 καὶ
1070 1176 1189 1228 τοῖς
1233 1168 1332 1231 τῆς
1364 1166 1552 1244 ψυχῆς
1584 1163 1788 1231 μᾶλλον

150 1251 466 1323 ἐνατενίζειν
501 1255 576 1314 εἷς
620 1263 716 1319 τὴν
757 1259 865 1310 τῶν
908 1253 1148 1331 ἀοράτων
1193 1253 1537 1319 κατανόησιν·
1577 1257 1790 1329 θεωρῶν

151 1340 250 1415 μὲν
300 1346 408 1396 τῶν
453 1340 752 1415 νοουμένων
799 1363 856 1397 τε
899 1343 988 1398 καὶ
1030 1344 1134 1399 τῶν
1178 1342 1577 1419 πιστευομένων
1621 1342 1790 1400 ἀπλα-

147 1431 258 1494 νῶς
315 1431 416 1498 τὴν
458 1429 780 1511 ὑπόστασιν,
828 1431 1038 1509 φεύγων
1101 1429 1156 1486 δὲ
1217 1432 1311 1498 τὴν
1369 1431 1790 1508 πεπλανημένην

147 1521 239 1575 καὶ
299 1519 579 1600 μοχθηρὰν
636 1527 732 1576 τοῦ
790 1520 906 1597 βίου
965 1521 1324 1596 προσπάθειαθ
1367 1523 1454 1578 καὶ
1510 1523 1788 1600 γυμνάζων

146 1606 380 1686 ἀκριϐῶς
424 1610 490 1666 τὰ
537 1611 856 1689 αἰσθητήρια
905 1611 1039 1689 πρὸς
1081 1610 1180 1677 τὴν
1222 1620 1317 1670 τοῦ
1359 1610 1525 1667 καλοῦ
1555 1613 1642 1668 καὶ
1684 1633 1788 1668 κα-

1873 452 1934 506 ut
1962 463 2163 525 neque
2197 443 2532 505 divinarum
2565 444 3013 526 Scripturarum
3043 445 3376 509 doctrinam
3409 447 3509 509 ad-

1872 533 2063 594 mittat
2089 545 2190 595 aut
2215 533 2529 612 intelligat,
2557 533 2847 597 adhibere
2881 534 3096 598 ducem
3133 537 3287 616 piam
3321 536 3509 597 ratio-

1872 631 2104 697 nem,et
2129 622 2429 703 praecipue
2464 623 2740 686 timorem
2774 623 3020 702 Dei,qui
3049 633 3216 687 recte
3247 645 3355 687 suo
3381 626 3513 687 func

1876 713 2031 791 gitur
2061 713 2258 774 ofﬁcio
2291 731 2400 793 per
2430 713 2800 792 frequentem
2826 715 3261 789 0rationem,ad
3286 717 3399 778 hoc
3423 724 3510 791 ut,

1872 803 2097 864 relictis
2124 801 2307 864 rebus
2340 802 2728 864 terrestribus
2759 812 2816 864 et
2847 804 2906 864 in
2941 823 3089 884 quas
3142 805 3300 866 cadit
3349 806 3512 866 inte-

1871 889 2045 966 ritus,
2080 892 2154 952 ad
2188 892 2452 954 cmlestia
2509 893 2816 973 suscipiat.
2853 893 2967 965 Qui
2999 895 3158 954 enim
3194 903 3281 955 est
3311 895 3512 956 animo

1872 983 2186 1062 perspicax
2220 989 2279 1044 et
2335 989 2536 1042 mente
2582 982 2876 1055 eruditus,
2913 1002 3031 1044 non
3065 984 3374 1065 corporeis
3403 1004 3507 1046 so-

1873 1069 1994 1131 lum
2031 1070 2273 1132 mandat
2303 1071 2490 1132 oculis
2514 1070 2949 1150 inspectionem
2980 1090 3187 1134 eorum
3220 1093 3350 1154 quae
3373 1091 3510 1135 cer-

1873 1162 2230 1233 nuntur,sed
2263 1160 2477 1220 animae
2507 1171 2948 1242 quoque,atque
2978 1162 3125 1222 adeo
3164 1163 3346 1226 multo
3380 1182 3511 1224 ma-

1872 1248 1983 1328 gis,
2009 1249 2197 1311 oculis
2221 1249 2536 1310 intendere.
2562 1249 3113 1312 considerationem
3143 1269 3348 1314 eorum
3376 1271 3510 1334 quae

1873 1357 1994 1400 non
2026 1341 2246 1400 cadunt
2275 1338 2385 1399 sub
2416 1348 2967 1419 aspectum,eorum
3001 1360 3133 1418 quae
3165 1342 3510 1420 intelligen-

1875 1428 1954 1488 tia
1987 1428 2419 1508 percipiuntur,
2475 1429 2888 1510 contemplans
2918 1430 3049 1492 sine
3094 1449 3298 1494 errore
3329 1432 3509 1494 subs-

1874 1518 2144 1596 tantiam,
2198 1517 2433 1594 fugiens
2486 1525 2684 1580 autem
2741 1529 3042 1580 errantem
3077 1530 3137 1583 et
3175 1523 3510 1603 improbam

1873 1607 2006 1668 vitae
2035 1607 2434 1681 affectionem,
2500 1615 2560 1668 et
2607 1625 2818 1669 sensus
2877 1608 3196 1688 diligenter
3228 1629 3513 1673 exercens

144 1705 243 1755 κοῦ
295 1696 578 1776 διάκρισιν.
641 1698 996 1765 Ἀποστάντες
1081 1701 1181 1778 γὰρ
1271 1701 1316 1755 οἱ
1373 1699 1637 1779 ἄνθρωποι
1690 1724 1697 1737 ι

1974 1696 2115 1758 boni
2144 1703 2205 1758 et
2235 1695 2375 1758 mali
2407 1696 2851 1760 discretionem.
2887 1697 3171 1760 Homines
3205 1701 3510 1782 enim,qui

147 1787 275 1865 περί
331 1795 422 1844 τοῦ
479 1787 648 1852 ὄντως
705 1788 903 1867 ἀγαθοῦ
957 1786 1190 1856 σπουδῆς
1255 1811 1312 1845 τε
1356 1792 1445 1846 καὶ
1481 1789 1700 1865 ἐπιμελε

1961 1804 2079 1848 :ura
2109 1793 2166 1846 et
2197 1785 2393 1846 studio
2427 1786 2580 1865 ejus,
2616 1787 2773 1862 quod
2806 1796 2895 1848 est
2925 1806 3064 1851 vere
3096 1787 3514 1866 bonum,(lefe-

149 1875 244 1933 Exi
295 1875 493 1954 ἔρωτας
537 1879 805 1954 σωμάτων
846 1880 934 1935 καὶ
965 1879 1064 1946 τὴν
1094 1878 1321 1958 ἄψυχων
1352 1878 1486 1947 ὕλην
1514 1886 1622 1935 τῶν
1649 1903 1789 1960 χρη-

153 1967 342 2042 μάτων
399 1965 486 2022 διὰ
541 1972 637 2034 τῆς
697 1966 1004 2032 πλεονεξίας
1050 1967 1479 2044 κατωλίσθησαν,
1526 1971 1614 2025 καὶ
1661 1970 1789 2048 περΐ

150 2057 243 2112 τὸν
302 2053 498 2130 λαιμὸν
553 2057 642 2112 καὶ
701 2057 799 2123 τὴν
859 2055 1087 2135 γαστέρα
1169 2059 1268 2124 τὴν
1325 2063 1502 2114 πᾶσαν
1557 2057 1790 2126 σπουδήν

153 2146 352 2218 ἔθεντο,
410 2145 529 2201 ὅθεν
579 2146 716 2220 ἡμῖν
771 2147 858 2202 καὶ
915 2147 949 2214 ἡ
1010 2145 1210 2224 ἀρχαία
1269 2145 1532 2211 ἔκπτωσις
1572 2146 1788 2214 συνέϐη.

157 2237 216 2294 Εἰ
277 2237 366 2292 οὗν
407 2235 608 2291 τούτων
650 2234 1002 2308 ἀποστάντες,
1047 2236 1147 2302 τὴν
1201 2236 1385 2314 ψυχὴν
1429 2238 1513 2292 ἐπὶ
1543 2239 1608 2293 τὰ
1645 2236 1792 2294 θειό-

154 2346 282 2402 τερα
338 2324 722 2402 πτερώσωμεν,
810 2323 1200 2400 ἀπολαύσωμεν
1283 2327 1382 2390 τῆς
1444 2325 1792 2405 μεγαλοπρε-

156 2415 306 2480 πείας
363 2413 592 2487 ἐκείνης,
655 2418 756 2479 τῆς
813 2413 1124 2491 ἐπηρμένης
1185 2413 1282 2489 μὲν
1338 2414 1467 2492 ὑπὲρ
1516 2413 1627 2472 ἅνω
1687 2422 1794 2472 τῶν

159 2504 415 2583 οὐρανῶν,
471 2501 886 2582 ἐπηγγελμένης
917 2501 972 2558 δὲ
1019 2509 1150 2560 πᾶσι
1193 2516 1312 2565 τοῖς
1365 2502 1666 2579 ἐκλεκτοῖς,
1707 2508 1795 2562 καὶ

156 2592 305 2652 οὐδὲν
347 2593 464 2654 ἀπὸ,
496 2593 592 2660 τῆς
635 2599 729 2650 τοῦ
787 2593 1040 2668 σώματος
1083 2595 1444 2671 προσπαθείας
1499 2595 1794 2671 πεισόμεθα

155 2685 343 2758 κακὸν,
390 2681 511 2738 ἀλλ’
569 2680 702 2748 ἄξιοι
745 2684 1008 2759 γενόμεθα
1039 2687 1144 2738 τῶν
1175 2683 1401 2739 αίωιίων
1447 2683 1677 2761 ἀγαθῶν,
1737 2675 1794 2742 Ὀ

155 2775 254 2853 γὰρ
299 2773 430 2836 Θεὸς
479 2771 839 2837 αὒτεξουσίους
898 2773 1041 2846 ἡμᾶς
1097 2771 1347 2840 ἐποίησεν
1400 2770 1516 2829 063%.
1549 2779 1646 2848 μιᾷ
1689 2780 1794 2830 τῶν

154 2863 346 2929 ’ἔξωθεν
373 2862 582 2940 ἀνάγκῃ
626 2860 1069 2936 δεδουλωμένους,
1130 2858 1268 2917 ἀλλὰ
1314 2867 1380 2939 τῇ
1412 2864 1580 2937 οἰκείᾳ
1607 2864 1802 2940 γνώμῃ

155 2955 216 3010 τὸ
243 2952 472 3030 ἀρέσκον
499 2953 638 3022 ἡμῖν
665 2949 789 3007 κατ’
821 2950 1057 3016 ἐξουσίαν
1083 2951 1446 3030 αἱρουμένους.

1874 1884 2107 1950 cerunt,
2143 1877 2216 1938 ad
2249 1894 2513 1937 amorem
2575 1894 2916 1956 corporum,
2975 1887 3152 1960 atque
3184 1879 3507 1941 inanimam

1873 1969 2146 2047 pecuniae
2177 1965 2513 2040 materiam,
2548 1983 2654 2044 per
2683 1966 2990 2028 avaritiam
3055 1969 3317 2050 prolapsi
3373 1981 3515 2031 sunt

1876 2063 1934 2118 et
1977 2055 2138 2116 circa
2169 2056 2368 2132 gulam
2403 2073 2470 2116 ac
2523 2065 2798 2116 ventrem
2833 2075 3011 2118 omne
3041 2076 3214 2119 suum
3245 2059 3510 2120 studium

1876 2152 2229 2226 posuerunt.
2261 2142 2432 2206 Unde
2492 2141 2666 2204 nobis
2723 2163 2959 2226 quoque
3006 2148 3285 2228 antiquus
3315 2147 3513 2228 lapsus

1877 2232 2266 2313 c0ntigit.Qui
2299 2251 2439 2312 ergo
2471 2231 2541 2294 ab
2575 2233 2668 2294 his
2701 2233 3363 2318 defecimus,erigamus
3387 2237 3514 2298 ani-

1877 2341 2040 2385 mum
2074 2323 2146 2384 ad
2180 2341 2249 2384 ea
2282 2341 2412 2402 quae
2441 2331 2579 2384 sunt
2601 2322 2916 2387 diviniora.
2942 2327 3234 2387 Fruamur
3261 2326 3359 2387 illa
3383 2345 3512 2388 ma-

1877 2412 2243 2493 gnificentia,
2298 2430 2430 2490 quae
2487 2421 2576 2474 est
2635 2431 2817 2491 supra
2843 2415 3028 2476 caelos
3060 2415 3299 2496 quidem
3335 2417 3510 2489 elata,

1880 2501 2175 2583 promissa
2200 2508 2290 2563 est
2310 2510 2501 2561 autem
2529 2500 2812 2563 omnibus
2837 2503 3078 2564 electis:
3107 2512 3165 2565 et
3195 2505 3341 2566 nihil
3377 2505 3514 2566 mali

1881 2591 2178 2672 patiamur
2208 2609 2242 2651 a
2272 2591 2441 2670 lapsu
2465 2591 2824 2667 affectionis,
2854 2593 2958 2655 sed
2987 2592 3318 2655 efficiamur
3353 2594 3518 2674 digni

1879 2681 2054 2743 bonis
2085 2680 2350 2743 aeternis.
2413 2679 2570 2741 Deus
2616 2679 2776 2742 enim
2821 2700 2930 2744 nos
2958 2682 3096 2744 fecit
3125 2682 3315 2745 libero
3345 2685 3514 2746 arbi-

1882 2770 1997 2832 trio
2033 2769 2338 2849 praeditos,
2383 2786 2581 2847 neque
2608 2769 2943 2833 servientes
2973 2771 3080 2832 ulli
3113 2781 3373 2835 externae
3404 2791 3512 2836 ne-

1880 2859 2166 2935 cessitati,
2227 2859 2334 2920 sed
2393 2858 2583 2920 libere
2643 2867 2844 2922 nostro
2902 2861 3195 2925 arbitratu
3226 2863 3515 2943 eligentes

1881 2949 2039 3033 quod
2067 2948 2242 3011 nobis
2275 2949 2490 3029 placet.

239 3040 386 3104 MB'.
421 3041 529 3108 Τὴν
558 3041 657 3119 γὰρ
709 3041 982 3119 συμφορὰν
1023 3041 1224 3107 ταύτην
1279 3042 1380 3108 τὴν
1423 3048 1511 3099 νῦν
1568 3046 1792 3120 κρατοῧ-

1969 3039 2171 3103 XLIX.
2205 3038 2370 3100 Hanc
2402 3039 2560 3100 enim
2595 3039 3140 3122 ealamitatem,qua
3173 3061 3332 3104 nunc
3355 3050 3522 3105 tene-

162 3155 259 3190 σαν
314 3133 376 3188 τὸ
427 3131 754 3210 ἀνθρώπινον
819 3130 970 3208 γένος
1034 3136 1102 3206 τῇ
1145 3131 1328 3208 ἀπάτῃ
1387 3135 1799 3213 παρενεχθέντες

163 3222 602 3300 ἐπεσπασοίμεθα,
647 3220 708 3274 οὗ
766 3221 908 3299 παρὰ
971 3226 1104 3276 Θεοῦ
1169 3221 1486 3297 γενομένην,
1544 3220 1623 3277 ὅτι
1671 3226 1799 3286 Θεὸς

164 3312 390 3368 θάνατον
448 3311 544 3367 οὒκ
600 3309 875 3384 ἐποίησεν,
929 3306 1045 3367 οὐδὲ
1115 3309 1364 3387 τέρπεται
1421 3309 1509 3366 ἐπ’
1561 3309 1801 3384 ἀπωλείᾳ

164 3401 402 3474 ζώντων,
436 3398 575 3455 ἀλλὰ
621 3397 819 3478 τρόπον
875 3399 994 3455 τινὰ
1037 3400 1205 3473 ἡμεῖς
1243 3400 1447 3455 κτίσται
1491 3406 1581 3457 τοῦ
1635 3409 1802 3460 κακοῦ

163 3491 419 3571 γινόμεθα
464 3492 513 3545 οἱ
556 3486 847 3568 ἅνθρωποι.
892 3487 1103 3567 ’Ὥσπερ
1132 3488 1233 3568 γὰρ
1288 3490 1350 3544 τὸ
1399 3489 1629 3557 ἡλιακὸν
1689 3493 1801 3570 φῶς

166 3585 319 3656 κοινῇ
374 3581 688 3657 πρόσκειται
748 3578 910 3635 πᾶσιν
981 3578 1073 3640 οἷς
1139 3580 1175 3646 ἡ
1252 3576 1470 3654 δύναμις
1527 3587 1620 3636 τοῦ
1679 3582 1802 3659 ὁρᾷν

165 3670 442 3749 πρόσεστι,
489 3667 702 3724 δύναταί
749 3688 850 3740 τις,
906 3667 996 3724 ἐὰν
1054 3665 1310 3743 βουληθῇ,
1372 3669 1656 3743 καμμύσας
1710 3678 1802 3726 τὸν

165 3756 463 3838 ὀφθαλμὸν,
497 3755 829 3837 χωρισθῆναι
861 3756 960 3823 τῆς
991 3765 1083 3814 τοῦ
1114 3758 1289 3836 φωτὸς
1352 3753 1573 3837 δωρεᾶς,
1609 3757 1670 3813 οὔ
1712 3764 1804 3815 τοῦ

162 3848 318 3916 ἡλίου
370 3848 433 3903 τὸ
493 3847 684 3910 σκότος
740 3847 796 3900 ἐν
852 3844 1040 3920 ἐκείνῳ
1094 3847 1444 3921 ποιήσαντος,
1519 3847 1657 3904 ἀλλά
1710 3853 1804 3905 τοῦ

163 3934 600 4015 ἀποστραφέντος
687 3935 786 4003 τὴν
872 3934 1039 4001 αὒτὴν
1096 3939 1196 4004 τῆς
1265 3935 1484 3999 ἀκτῖνος
1554 3935 1804 4001 ἑκουσίως

163 4024 596 4108 ἐφελκυσαμένου
643 4027 706 4082 τὸ
733 4024 946 4102 σκότος,
983 4022 1163 4104 ὥσπερ
1195 4025 1248 4080 εἴ
1299 4047 1379 4089 τις
1424 4025 1590 4083 οίκίαν
1634 4029 1806 4101 ἑαυτῷ

164 4113 602 4189 κατασκευάζων,
653 4111 919 4190 μηδεμίαν
982 4113 1194 4190 ἐντέμοι
1250 4119 1327 4187 τῷ
1371 4116 1504 4194 φωτὶ
1562 4118 1662 4185 τὴν
1720 4117 1806 4174 ἐπὶ

163 4206 232 4263 τὰ
286 4204 394 4261 ἔσω
456 4203 712 4285 πάροδον,
773 4203 980 4280 ἀναυγῆ
1040 4203 1393 4282 ἀπεργάζεται
1454 4205 1550 4273 τὴν
1584 4204 1803 4286 ὀῖκίαν,

170 4297 339 4360 οὕτως
400 4297 486 4352 καὶ
541 4297 706 4370 ἡμεῖς
767 4293 820 4350 ἐν
882 4300 951 4370 τῇ
1011 4293 1163 4373 φύσει
1220 4296 1282 4349 τὸ
1362 4293 1526 4351 καλόν
1582 4315 1640 4352 τε
1709 4296 1806 4353 καὶ

1883 3139 1980 3192 tur
2012 3131 2335 3190 humanum
2388 3147 2598 3206 genus,
2651 3130 2858 3192 fraude
2890 3131 3115 3192 inducti
3147 3133 3516 3208 attraximus,

1885 3238 2005 3281 non
2037 3237 2071 3279 a
2100 3218 2224 3282 Deo
2258 3218 2490 3280 factam.
2527 3217 2684 3279 Deus
2715 3220 2874 3280 enim
2921 3229 3171 3282 mortem
3207 3241 3321 3282 non
3354 3221 3521 3298 fecit,

1885 3325 2084 3387 neque
2115 3307 2446 3368 delectatur
2472 3307 2712 3367 interitu
2735 3309 2997 3369 vivorum
3036 3329 3049 3367 :
3083 3309 3186 3370 sed
3229 3310 3522 3392 quodam-

1887 3396 2063 3457 modo
2097 3414 2205 3456 nos
2235 3395 2509 3456 homines
2542 3413 2747 3457 sumus
2776 3397 2911 3458 mali
2937 3398 3523 3472 creatores.Quomo-

1887 3485 1961 3546 do
1993 3484 2152 3546 enim
2187 3483 2288 3544 lux
2319 3483 2460 3545 solis
2492 3493 2580 3546 est
2609 3486 3008 3547 communiter
3054 3488 3358 3567 proposita
3387 3507 3524 3549 om-

1889 3573 2064 3635 nibus
2097 3573 2314 3654 quibus
2343 3573 2416 3634 ad
2441 3582 2531 3634 est
2561 3574 2648 3635 vis
2677 3574 2955 3653 videndi;
2991 3584 3184 3657 potest
3213 3591 3436 3652 autem,
3470 3579 3522 3639 si

1887 3663 2027 3726 velit
2057 3663 2376 3744 quispiam,
2413 3663 2698 3725 claudens
2728 3665 3272 3746 oculum,separari
3303 3685 3335 3728 a
3366 3666 3523 3728 dono

1887 3753 2039 3816 lucis
2074 3755 2216 3833 (non
2247 3751 2403 3831 quod
2435 3753 2520 3814 sol
2560 3752 2621 3812 in
2655 3753 2757 3814 illo
2788 3755 3057 3816 effecerit
3089 3756 3392 3830 tenebras,
3417 3757 3524 3818 sed

1889 3843 2044 3924 quod
2076 3841 2224 3903 radii
2282 3842 2668 3920 splendorem
2726 3851 3050 3920 aversatus,
3114 3845 3392 3908 tenebras
3423 3864 3530 3907 sua

1890 3940 2102 4012 sponte
2132 3931 2461 4011 attraxerit)
2501 3951 2514 3994 :
2549 3934 2849 4012 quomodo
2891 3934 2942 3995 si
2975 3934 3107 4014 quis
3136 3935 3379 3996 domum
3412 3936 3528 3997 sibi

1892 4031 2275 4092 construens,
2312 4020 2538 4081 nullum
2589 4022 2699 4082 luci
2753 4020 2975 4083 aditum
3013 4022 3275 4103 przebeat
3306 4024 3527 4084 intrin-

1889 4129 2086 4186 secus,
2120 4109 2434 4173 obscuram
2467 4109 2710 4171 domum
2746 4110 2926 4173 efticit
2959 4134 2971 4170 :
3032 4113 3114 4173 ita
3148 4131 3254 4173 nos
3286 4130 3522 4194 quoque

1888 4200 1950 4262 in
1999 4210 2210 4262 natura
2261 4201 2550 4262 habentes
2585 4200 2804 4262 bonum
2840 4210 2897 4262 et
2940 4201 3282 4278 honestum,
3319 4212 3524 4264 nostro

1889 4289 2176 4351 arbitratu
2206 4289 2582 4358 innovamvs,
2620 4307 2755 4366 quin
2808 4298 2947 4350 sunt
2977 4298 3193 4369 praeter
3224 4298 3524 4364 naturam,

170 4379 370 4465 ἀγαθὸν
399 4384 622 4465 ἔχοντες
655 4382 772 4440 κατ’
819 4380 1058 4448 ἐξουσίαν
1108 4383 1175 4439 τὰ
1217 4384 1360 4462 παρὰ
1411 4384 1564 4464 φύσιν
1617 4407 1723 4442 καιπ

1979 4388 2092 4440 stra
2128 4388 2340 4459 sponte
2399 4379 2690 4441 malorum
2746 4379 3172 4459 experientiam
3205 4378 3268 4440 in
3301 4379 3442 4440 honi
3474 4389 3532 4442 et

169 4476 463 4551 τομοῦμεν,
523 4473 777 4537 ἑκουσίως
819 4472 918 4540 τὴν
962 4474 1130 4528 κακοῦ
1185 4487 1378 4548 πεῖραν
1432 4474 1486 4529 ἐν
1547 4480 1616 4551 τῇ
1667 4476 1810 4533 ἀπο-

171 4570 377 4645 στροφῇ
423 4570 516 4620 τοῦ
557 4562 726 4621 καλοῦ
776 4569 846 4640 τῇ
903 4560 1008 4635 ἰδίᾳ
1062 4563 1364 4643 προαιρέσει
1422 4564 1812 4644 δημιουργοῦν-

165 4674 266 4719 τες
290 4672 308 4691 ο
358 4655 525 4710 κακὸν
583 4654 681 4733 γάρ
740 4652 839 4718 ἔξω
901 4653 1233 4726 προσθέσεως
1265 4651 1385 4709 κατ’
1416 4651 1550 4710 ἰδίαν
1581 4654 1814 4712 ὑπόστα-

166 4766 252 4801 σιν
308 4743 672 4822 θεωρούμενον
713 4742 766 4800 iv
810 4748 880 4818 τῇ
929 4742 1079 4823 φύσει
1110 4748 1216 4798 τῶν
1245 4742 1433 4817 ὄντων,
1469 4741 1610 4799 ἔστιν
1640 4743 1810 4807 οὐδέν,

170 4840 280 4890 Πᾶν
342 4833 446 4912 γὰρ
487 4833 685 4908 κτίσμα
735 4839 868 4890 Θεοῦ
915 4832 1104 4903 καλὸν,
1139 4831 1238 4888 καί
1270 4832 1442 4888 πάντα
1476 4831 1572 4888 ὅσα
1619 4833 1813 4900 ἐποίη-

171 4944 262 4981 σεν
295 4925 324 4979 ὁ
357 4923 512 4998 Θεὸς,
545 4921 686 4978 καλά
715 4920 856 4982 λίαν.
906 4919 1068 4978 Ἀλλ’“
1091 4920 1275 4990 ἐπειδὴ
1302 4922 1439 4978 κατά
1468 4923 1562 4978 τὸν
1591 4922 1814 5000 ῥηθέντα

169 5013 370 5092 τρόπον
412 5011 680 5083 ἐπενοήθη
721 5016 836 5088 ζωῇ
895 5013 1050 5087 ἡμῶν
1111 5011 1173 5068 τὸ
1221 5011 1546 5090 ἁμαρτάνειν
1605 5013 1691 5069 καὶ
1747 5014 1816 5088 τῇ

170 5101 455 5176 ἀκολουθίᾳ
514 5101 578 5157 ἐκ
625 5107 818 5180 μικρᾶς
879 5099 1123 5180 ἀφορμῆς
1196 5101 1458 5178 μεγίστης
1515 5102 1703 5166 κακίας
1761 5101 1815 5158 ἐν

171 5195 309 5268 ἡμῖν
359 5191 784 5270 καταχυθείσης,
841 5193 915 5255 ὡς
945 5192 1006 5247 τό
1034 5188 1261 5255 θεοειδές
1294 5189 1474 5248 ἐκεῖνο
1503 5195 1600 5258 τῆς
1629 5196 1815 5270 ψυχῆς

171 5280 371 5346 κάλλος
429 5283 566 5338 κατὰ
625 5281 854 5358 μίμησιν
930 5286 1022 5338 τοῦ
1091 5279 1436 5358 πρωτοτύπου
1505 5280 1813 5359 γενόμενον,

171 5371 412 5451 καθάπερ
445 5368 661 5451 σίδηρον
704 5369 1170 5449 καταμελανθῆνάι
1221 5377 1298 5447 τῷ
1349 5373 1450 5438 τῆς
1510 5369 1697 5438 κακίας
1727 5371 1818 5448 ἰῷ,

223 5504 582 5604 ’βϐϐοιιριρ
1047 5559 1050 5562 .

426 5617 686 5681 Parnm.
738 5615 854 5682 Gn.
900 5614 1114 5684 CXIV.

1895 4469 2130 4531 honesti
2161 4470 2496 4542 aversione,
2560 4468 2860 4531 electione
2912 4479 3117 4530 nostra
3168 4477 3229 4530 et
3259 4468 3532 4532 instituto

1894 4559 2277 4621 fabricantes.
2313 4558 2528 4620 Malum
2565 4559 2721 4619 enim
2757 4568 2919 4620 extra
2950 4559 3348 4639 propositum,
3384 4579 3532 4641 pro-

1896 4649 2027 4730 pria
2050 4647 2384 4710 substantia
2410 4648 3116 4723 consideratum,nullum
3140 4651 3305 4711 estin
3332 4668 3535 4712 rerum

1896 4748 2130 4802 natura.
2157 4737 2458 4815 Quidquid
2488 4739 2645 4800 enim
2677 4759 2710 4800 ιι
2743 4737 2866 4800 Deo
2897 4749 3161 4801 creatum
3191 4737 3534 4818 est,b0num

1898 4837 2009 4904 est,
2045 4837 2104 4889 et
2135 4827 2335 4888 omnia
2391 4843 2764 4906 quaecunque
2811 4827 2952 4890 fecit
2985 4831 3163 4908 Deus,
3198 4835 3335 4888 sunt
3365 4827 3540 4889 valde

1898 4918 2055 4980 bona
2083 4917 2291 4980 96.Sed
2315 4919 2596 4998 quoniam
2624 4935 2694 4978 eo
2719 4916 2898 4978 modo
2922 4914 3026 4997 qui
3057 4917 3252 4978 dictus
3284 4926 3546 4998 est,pec-

1899 5026 2040 5070 care
2061 5008 2192 5070 vitae
2222 5018 2439 5068 nostra}
2469 5007 2578 5067 fuit
2608 5006 3032 5085 excogitatum,
3069 5016 3127 5068 et
3156 5025 3537 5088 consequen-

1899 5106 1992 5160 ter
2023 5116 2096 5160 ex
2130 5115 2307 5179 parva
2337 5096 2653 5159 occasione
2684 5097 2742 5157 in
2777 5114 2885 5157 nos
2910 5099 3236 5158 maximum
3269 5108 3357 5159 est
3387 5097 3539 5159 effu-

1901 5205 2032 5249 sum
2065 5186 2296 5262 vitium,
2329 5185 2479 5247 adeo
2513 5195 2576 5247 ut
2608 5185 2805 5248 divina
2832 5184 2934 5247 ilia
2957 5186 3173 5247 anima:
3204 5186 3544 5268 pulchritu-

1901 5278 2002 5354 do,
2036 5296 2170 5358 quae
2200 5277 2352 5338 facta
2381 5283 2508 5338 erat
2535 5275 2608 5337 ad
2640 5275 3030 5337 imitationem
3060 5275 3377 5357 primariae,
3409 5285 3546 5338 tan-

1903 5385 2079 5453 quam
2102 5366 2326 5430 ferrum
2349 5373 2442 5429 est
2462 5364 2794 5448 nigrefacta
2813 5364 3098 5448 rubigine
3121 5366 3396 5445 vitii,non
3418 5385 3541 5431 am-

3149 5555 3288 5684 45.
