3932 6140
420 191 573 274 1419
1679 191 1958 282 MENSIS

2340 192 2504 273 tIUS.
3619 199 3764 276 ’(420
3869 187 3893 274 έ

417 345 574 426 plius
596 341 770 406 nobis
791 341 1054 425 propria,
1079 359 1114 402 a
1137 348 1344 403 natura
1359 339 1434 402 ad
1455 339 1772 420 imaginem
1800 360 1970 406 conse

2198 367 2230 400 κ
2272 343 2388 401 ἔστι
2433 349 2534 412 τῆς
2565 345 2756 411 οἰκείας
2783 347 2919 423 ἡμῖν
2948 346 3218 428 ἐκφύσεως
3251 347 3367 407 κατ’
3415 350 3594 406 εἰκόνα
3649 349 3751 427 χά-

419 442 548 498 vata
576 433 789 515 gratia,
823 431 928 495 sed
984 431 1054 494 ad
1116 440 1446 493 extremum
1499 431 1727 511 peccati
1759 433 1972 496 transfc

2203 456 2277 500 τος
2310 433 2635 510 σωζομένου,
2691 434 2830 492 ἀλλά
2861 438 2992 516 πρὸς
3041 440 3103 496 τὸ
3162 438 3394 519 ἔσχάτον
3435 439 3532 506 τῆς
3587 438 3756 515 ἀμαρ-

418 532 596 600 mata,
627 533 691 586 ut
723 532 1044 605 propterea
1073 519 1247 582 nobis
1279 520 1527 602 perierit
1569 520 1824 601 dignitas
1853 521 1971 584 inct

2200 546 2249 585 ις
2303 527 2840 603 μεταμορφωθείσης,
2897 529 2970 590 ὡς
3014 527 3111 585 καί
3183 526 3268 585 διὰ
3315 536 3470 586 τοῦτο
3493 530 3638 604 ἡμᾶς
3667 527 3753 595 τὴν

416 613 736 696 ruptionis,
770 631 903 694 quae
931 617 1022 674 est
1067 610 1402 674 secundum
1453 610 1772 689 imaginem
1810 634 1824 671 :
1859 612 1969 675 deb

2203 616 2280 672 ίαν
2337 620 2437 685 τῆς
2492 616 2610 674 κατ’
2670 618 2848 676 εἰκόνα
2901 619 3191 698 ἀφθαρσίας
3251 619 3565 698 ἀπολέσθαι,
3621 620 3756 694 πέσῃ

423 722 555 766 mus
606 703 769 766 omni
815 700 1014 764 studio
1065 719 1101 762 a
1148 701 1398 763 mortuis
1429 700 1710 782 operibus
1738 721 1976 765 recurre

2204 703 2340 781 πουδῇ
2395 705 2677 786 ὀφείλομεν
2730 708 2838 765 ἀπὸ
2881 713 2987 767 τῶν
3031 716 3231 788 νεκρῶν
3274 709 3442 789 ἔργων
3473 708 3632 767 πάλιν
3670 707 3757 764 ὶπί

421 793 496 856 ad
523 811 704 875 opera
733 792 865 854 vitae
897 809 1005 872 per
1036 789 1468 871 pcenitentiam,
1501 797 1566 852 ut
1595 801 1864 854 nostram
1895 811 1974 855 τοι

2230 795 2330 862 τῆς
2359 800 2504 866 ζωῆς
2563 794 2654 853 διὰ
2717 799 2996 872 μετανοίας
3047 799 3373 878 ἀναδραμεῖν
3401 800 3536 878 πρὸς
3571 799 3631 854 τὸ
3669 799 3756 864 τὴν

421 883 654 966 piamus
686 890 954 944 naturam
1006 899 1240 942 summo
1290 879 1400 942 Dei
1449 898 1724 944 munero.
1756 881 1821 944 Si
1851 899 1974 960 ergt

2204 887 2332 940 ιείαν
2359 883 2510 964 φύσιν
2538 883 2836 944 ἀπολαϐεῖν
2886 888 2984 956 τῆς
3037 895 3130 945 τοῦ
3179 896 3309 946 Θεοῦ
3341 885 3757 968 μεγαλοδωρεᾶς.

419 971 594 1036 nobis
624 987 1024 1052 expurgemus
1054 968 1267 1032 sordes
1318 988 1450 1050 qua;
1478 988 1512 1032 a
1544 970 1684 1032 vitio
1709 970 1972 1034 inuruntt

2206 973 2265 1028 ἀν
2323 976 2412 1030 οὖν
2467 972 2843 1055 ἐκκαθάρωμεν
2897 976 2991 1056 ἀφ’
3055 977 3206 1053 ἡμῶν
3253 979 3344 1037 τόν
3401 975 3759 1056 ἒπιγινόμενον

419 1072 479 1126 et
509 1080 642 1144 qua:
700 1061 842 1124 latet
891 1061 950 1122 in
998 1059 1198 1122 anima
1253 1059 1622 1122 illustremus
1653 1060 1972 1140 pulchritut

2206 1063 2239 1118 τὸ
2297 1064 2488 1126 κακίας
2545 1064 2704 1141 ῥύπον
2779 1067 2864 1122 καὶ
2921 1068 2980 1122 τὸ
3050 1067 3548 1143 ἓπικεκαλυμμὲνον
3601 1065 3654 1122 ιν

418 1171 580 1229 nem,
617 1161 758 1215 tunc
819 1151 884 1213 iit
941 1149 1098 1212 intra
1153 1168 1262 1212 nos
1311 1168 1562 1227 regnum
1614 1149 1772 1232 Dei;
1830 1158 1965 1215 eten

2206 1157 2295 1232 ’χῇ
2346 1151 2542 1216 κάλλος
2578 1151 3010 1237 διαφωτίσωμεν,
3059 1157 3175 1215 τότε
3206 1156 3353 1222 ἐντὸς
3409 1160 3569 1232 ἡμῶν
3627 1154 3759 1233 γίνε-

417 1241 711 1308 Dominus
779 1239 968 1316 dixit,
1031 1239 1182 1312 Quia
1257 1257 1508 1320 regnum
1582 1239 1691 1303 Dei
1744 1241 1900 1303 intra
1959 1261 1970 1301 ι

2207 1265 2223 1297 ι
2347 1241 2590 1318 βασιλείᾶ
2633 1252 2726 1302 τοῦ
2770 1251 2900 1303 Θεοῦ
2933 1261 2948 1275 ⁶
2998 1247 3084 1304 καὶ
3125 1247 3226 1325 γὰρ
3275 1249 3303 1304 ὁ
3366 1247 3557 1326 Κύριος
3600 1247 3759 1316 εἶπεν,

417 1341 508 1398 est
531 1332 612 1394 2Ἰ.
649 1359 676 1390 s
2138 1330 2246 1411 ὅτι,
2277 1324 2348 1412 ΔἩ
2379 1331 2620 1408 βασιλεία
2653 1340 2747 1391 τοῦ
2777 1341 2907 1395 Θεοῦ
2935 1335 3081 1401 ἐντὸς
3114 1324 3264 1412 ῦμῶν
3295 1324 3464 1396 ἐστιντ

499 1423 562 1486 L.
602 1423 728 1486 Hoc
751 1428 947 1485 autem
973 1418 1207 1496 dicens,
1240 1421 1502 1483 ostendit
1522 1420 1675 1502 quod
1697 1421 1919 1484 bonum
1948 1421 2052 1484 Dei

2219 1409 2304 1483 Ν..
2353 1429 2520 1479 Τοῦτο
2563 1421 2619 1478 δὲ
2651 1421 2824 1502 λέγων
2853 1423 3199 1506 ἐνδείκνυται,
3233 1425 3314 1482 ὅτι
3344 1427 3406 1482 τὸ
3449 1423 3649 1501 ἀγαθὸν
3687 1428 3768 1480 τοῦ

418 1531 537 1576 non
555 1522 645 1575 est
667 1519 1009 1593 separatum
1035 1530 1066 1572 a
1090 1517 1297 1573 nostra
1320 1511 1664 1592 natura,qui
1687 1509 1971 1573 liberum]

2215 1517 2274 1568 06
2318 1514 2376 1569 οὐ
2434 1513 2768 1592 κεχώρισται
2826 1517 2924 1583 τῆς
2980 1517 3186 1595 φύσεως
3233 1517 3407 1595 ἡμῶν,
3453 1513 3577 1572 οῦδὲ
3605 1511 3768 1591 πόρρω

416 1606 627 1665 bemus
648 1600 988 1664 arbitrium:
1015 1599 1120 1662 sed
1141 1607 1232 1662 est
1255 1600 1314 1661 in
1337 1618 1699 1682 unoquoque
1720 1601 1969 1680 ignorati

2214 1621 2242 1656 υ
2313 1607 2420 1656 τῶν
2478 1608 2666 1672 ζητεῖν
2725 1601 2883 1658 at.sz
2969 1604 3408 1684 προαιρουμένων
3465 1603 3767 1674 ἀπόκειται,

419 1692 662 1774 quidem
679 1701 735 1754 et
753 1689 1211 1772 latens,quando
1225 1708 1258 1751 a
1271 1690 1430 1751 curis
1453 1697 1511 1752 et
1531 1689 1928 1770 voluptatibus
1952 1691 1972 1752 l

2247 1687 2261 1709 ’
2295 1689 2309 1709 θ
2461 1690 2483 1708 -Ι
2741 1692 2755 1712 \
2840 1691 2854 1712 9
3012 1694 3023 1714 1
3279 1694 3294 1712 \
3446 1695 3462 1716 \
3497 1691 3521 1712 λ
3725 1692 3736 1710 Ι

2216 1697 2242 1745 λ
2291 1711 2346 1745 εν
2388 1691 2599 1765 ἑκαστῳ
2648 1689 2789 1748 ἐστιν
2831 1715 3191 1772 αγνοουμενον
3235 1717 3333 1769 μεν
3373 1717 3464 1752 και
3493 1690 3769 1748 οιαλανθα-

413 1783 516 1863 jus
541 1781 746 1844 mundi
770 1781 1114 1843 suffocatur:
1145 1779 1443 1841 invenitur
1465 1788 1659 1842 autem
1681 1788 1738 1841 et
1754 1797 1966 1857 cognos

2218 1802 2252 1861 ο,
2299 1777 2380 1836 ὅτ’
2422 1780 2485 1834 ἃν
2527 1780 2631 1838 ὕπὸ
2662 1786 2768 1838 τῶν
2797 1789 3068 1861 μεριμνῶν
3099 1791 3192 1841 τοῦ
3233 1785 3348 1860 βίο)
3391 1788 3771 1861 συμπνίγηται,

417 1870 785 1954 tur,quando
805 1871 876 1931 ad
899 1869 1066 1930 illum
1085 1869 1276 1930 solum
1298 1877 1560 1930 nostram
1587 1869 1970 1930 converterit:

2221 1869 2514 1945 ιισκόμενόν
2557 1891 2614 1926 τε
2657 1872 2745 1928 καὶ
2775 1873 3198 1952 γινωσκόμενον,
3233 1871 3312 1929 ὅτ’
3364 1871 3427 1928 ἂν
3473 1874 3550 1938 εἰς
3609 1874 3774 1926 ἓκεῖνο

419 1957 1000 2041 cogitationemJloc
1021 1958 1180 2020 enim
1203 1959 1380 2020 etiam
1402 1957 1462 2019 in
1487 1959 1972 2039 drachmae,quaa|

2222 1959 2234 2014 ἰ
2281 1962 2446 2035 μόνον
2504 1963 2604 2028 τὴν
2661 1959 2899 2018 διάνοιαν
2943 1964 3100 2037 ἡμῶν
3145 1962 3582 2039 ἐπιστρέψωμεν.
3627 1962 3775 2018 Τοῦτο

418 2051 542 2124 riit,
578 2049 966 2127 inquisitione
988 2046 1164 2109 nobis
1193 2047 1484 2109 Dominus
1508 2049 1672 2127 ponit
1694 2047 1753 2108 in
1789 2050 1971 2128 Evang

2221 2053 2358 2127 ρκαὶ
2402 2049 2455 2106 ἐν
2501 2055 2569 2126 τῇ
2615 2052 2839 2122 ζητήσει
2883 2051 3245 2128 ἀπολωμένης
3296 2051 3549 2132 δραχμῆς
3583 2053 3642 2106 ἓν
3671 2063 3774 2111 τοῖς

418 2138 678 2203 liis’3.Si
701 2137 859 2200 enim
879 2155 1130 2200 accensa
1149 2135 1395 2199 lucerna
1418 2145 1636 2198 nostrae
1655 2137 1971 2216 cogitation

2223 2138 2483 2218 αγγελίοις
2517 2142 2544 2196 ὁ
2591 2141 2778 2217 Κύριος
2833 2143 2967 2217 ἡμῖν
3019 2143 3349 2204 ὑποτίθεται.
3383 2143 3444 2199 Εἰ
3472 2141 3580 2220 γὰρ
3611 2140 3776 2214 ἅψαν-

417 2247 552 2311 (ιιιω
576 2227 718 2291 latet
741 2235 799 2290 et
823 2225 1024 2306 periit,
1059 2224 1405 2288 drachmam
1438 2225 1922 2306 inquisierimus,
1947 2245 1970 2286 s

2220 2253 2228 2294 ;
2282 2232 2373 2285 τὸν
2427 2228 2630 2310 λύχνον
2673 2230 2772 2299 τῆς
2825 2229 3058 2296 διανοίας
3117 2233 3272 2307 ἡμῶν
3311 2231 3644 2306 ζητήσωμεν
3688 2227 3773 2294 τὴν

417 2329 687 2382 stercore
710 2335 840 2380 eam
865 2315 1114 2378 omnino
1140 2314 1795 2379 inveniemus.Stercus
1810 2334 1948 2377 vero

2225 2318 2514 2396 ιρυμμένην
2584 2320 2674 2376 καὶ
2749 2317 3111 2396 ἀπολωμένην
3154 2320 3428 2400 δραχμὴν,
3490 2319 3778 2398 εὑρήσομεν

420 2407 696 2488 telligere
722 2414 956 2488 oportet
977 2405 1188 2468 sordes
1229 2405 1450 2467 carnis.
1481 2404 1706 2477 Quibus
1725 2404 1965 2477 ablatis,

2222 2430 2356 2474 ντως
2413 2410 2516 2466 ὑπὸ
2571 2410 2672 2477 τὴν
2726 2411 2950 2490 κόπρον.
3003 2411 3209 2490 Κόπρον
3255 2409 3309 2466 δὲ
3369 2409 3480 2489 χρὴ
3509 2420 3661 2464 νοεῖν
3689 2407 3774 2472 τήν

419 2517 527 2580 per
553 2499 723 2559 bonae
767 2497 898 2558 vitae
947 2513 1151 2557 curam
1184 2513 1257 2557 ac
1279 2493 1540 2557 studium
1564 2495 1926 2575 repurgatis,
1961 2500 1972 2556 t

2222 2520 2242 2561 ς
2305 2499 2503 2576 σαρκὸς
2571 2500 2851 2577 ῥυπαρίαν,
2911 2503 2978 2568 ἧς
3048 2499 3486 2578 ἀποσαρωθείσης
3537 2498 3630 2554 καὶ
3670 2495 3775 2552 δια-

419 2589 796 2651 manifestum
817 2584 976 2666 quod
999 2585 1291 2666 quaeritur
1323 2605 1338 2648 :
1366 2593 1423 2646 et
1445 2602 1579 2647 cum
1603 2586 1896 2648 invenerit
1924 2606 1972 2648 ai

2223 2588 2544 2666 θαρισθείσης
2589 2586 2674 2645 διὰ
2716 2593 2816 2655 τῆς
2861 2586 3171 2665 ἐπιμελείας
3215 2593 3308 2644 τοῦ
3370 2587 3516 2664 βίου,
3572 2582 3776 2652 ἔκδηλον

419 2696 537 2751 ma,
572 2695 703 2759 quae
726 2683 814 2739 est
838 2693 943 2755 per
977 2673 1120 2736 boni
1147 2673 1539 2753 privationem
1576 2672 1776 2748 vidua,
1810 2675 1866 2736 id
1900 2695 1972 2757 qu

2256 2677 2584 2752 ζητούμενον
2645 2679 2929 2756 γενήσεται
2966 2693 2984 2711 ⁸
3029 2678 3117 2734 καὶ
3162 2678 3381 2757 εδροῦσα
3437 2678 3470 2745 ἡ
3537 2674 3692 2754 ψυχὴ
3745 2673 3774 2740 ἠ

421 2765 922 2850 perierat,gaudet
943 2763 1159 2845 gaudio
1179 2763 1494 2826 inell'abili:
1512 2773 1567 2826 et
1589 2763 1662 2826 ad
1687 2764 1821 2827 talis
1839 2765 1974 2829 laetil

2219 2766 2274 2823 τὰ
2335 2765 2586 2847 στέρησιν
2655 2775 2749 2825 τοῦ
2806 2765 2973 2824 καλοῦ
3042 2766 3214 2847 χήρα,
3275 2765 3407 2845 ὅπερ
3481 2764 3772 2839 ἀπώλεσεν,

418 2857 766 2920 societatem
817 2862 1106 2919 convocat
1130 2872 1342 2916 omnes
1381 2853 1628 2930 vicinas,
1665 2873 1884 2936 nempe
1915 2874 1971 2936 pi

2225 2856 2318 2935 ίρει
2370 2857 2546 2936 χαρὰν
2607 2855 2976 2925 ἀνεκλάλητον
3034 2858 3126 2914 καὶ
3203 2857 3278 2920 εἰς
3351 2857 3640 2913 κοινωνίαν
3691 2857 3774 2920 τῆς

418 2947 583 3028 prias
606 2945 920 3008 facultates
943 2961 1050 3024 per
1073 2942 1554 3022 sensus,dicens:
1579 2943 1717 3006 Mihi
1741 2956 1971 3024 congral

2228 2945 2392 3012 αύτης
2435 2947 2757 3026 εὐφροσύνης
2829 2945 3178 3025 συγκαλεϊται
3219 2947 3315 3008 τὰς
3373 2945 3646 3024 γείτονας,
3692 2944 3774 3006 τὰς

419 3035 936 3117 lemini,quoniam
962 3033 1161 3094 inveni
1189 3032 1740 3114 drachmam,quam
1769 3033 1972 3114 perdid

2214 3035 2334 3099 ιείας
2369 3033 2638 3115 δυνάμεις,
2699 3034 2784 3093 διά
2817 3043 2924 3094 τῶν
2958 3037 3275 3110 αἰσθήσεων,
3310 3033 3644 3115 Συγχάρητέ
3671 3054 3767 3121 μοι,

417 3126 530 3187 hoc
554 3123 732 3205 est,id
756 3123 913 3205 quod
939 3130 1066 3184 erat
1084 3121 1157 3184 ad
1184 3121 1290 3184 Dei
1312 3121 1824 3202 imaginem,quod
1849 3142 1970 3204 pert

2216 3146 2389 3204 rauca,
2427 3125 2506 3182 ὅτι
2559 3129 2708 3205 εὗρον
2752 3125 2849 3192 τὴν
2896 3123 3151 3204 δραχμὴν
3203 3124 3271 3194 ἢν
3301 3123 3564 3181 ἀπώλεσα
3598 3141 3614 3157 ⁸
3647 3120 3769 3180 τοῦτ’

417 3217 478 3278 di
501 3233 608 3296 per
631 3211 1176 3296 peccatum,recepi
1196 3219 1393 3273 autem
1422 3230 1528 3292 per
1549 3213 1960 3294 paenitentiam

2215 3238 2251 3272 τι
2295 3216 2356 3270 τὸ
2392 3211 2514 3271 κατ’
2548 3215 2727 3272 εἰκόνα
2758 3221 2912 3289 Θεοῦ,
2949 3212 3080 3294 ὅπερ
3110 3213 3178 3270 δι’
3211 3213 3470 3289 ἁμαρτίας
3507 3212 3768 3282 ἀπώλεσα,

419 3304 562 3385 ergo
584 3313 673 3366 est
695 3305 822 3366 haec
848 3301 1245 3382 intelligentia
1271 3301 1418 3382 ejus,
1446 3302 1602 3383 quod
1629 3303 1936 3384 quaeritur,
1967 3307 1972 3365 i

2217 3302 2321 3360 ιδὲ
2376 3304 2660 3381 μετανοίας
2718 3302 3010 3364 ἀπέλαϐον.
3078 3306 3136 3362 Εἰ
3197 3304 3286 3361 οῦν
3351 3304 3487 3371 αὕτη
3556 3303 3690 3361 ἐστὶν
3743 3304 3770 3370 ἡ

420 3393 746 3467 vcntionis,
780 3410 1002 3472 nempe
1037 3389 1548 3468 divinaaimaginis
1568 3391 1893 3469 restitutio,
1928 3412 1973 3474 ῳ

2218 3394 2347 3450 ίνοια
2403 3399 2501 3461 τῆς
2559 3399 2652 3451 τοῦ
2703 3393 3030 3470 ζητουμένου
3087 3393 3364 3474 εὒρέσεως,
3418 3394 3453 3462 ἡ
3503 3415 3605 3461 της
3648 3393 3771 3453 θείας

419 3504 576 3547 nunc
600 3483 998 3545 estabsconsa
1033 3481 1092 3542 in
1119 3480 1396 3542 sordibus
1440 3482 1677 3555 animae,
1714 3483 1972 3544 studeam

2218 3483 2345 3548 ,όνος
2403 3481 2862 3559 ἀποκατάστασις,
2928 3483 3028 3552 τῆς
3094 3490 3182 3540 νῦν
3227 3483 3281 3540 ἓν
3322 3489 3400 3557 τῷ
3442 3487 3549 3551 τῆς
3596 3482 3771 3558 σαρκὸς

417 3574 566 3638 illud
595 3572 723 3635 tieri
742 3573 904 3650 quod
930 3579 1056 3632 erat
1083 3569 1484 3652 protoplastus
1508 3570 1569 3631 in
1595 3572 1782 3651 prima
1807 3572 1936 3651 ejus
1965 3591 1970 3606 ε

2218 3596 2288 3649 τῳ
2331 3570 2766 3648 κεκᾶλυμμένης,
2826 3572 3005 3629 ἐκεῖνο
3076 3571 3458 3648 σπουδάσωμεν
3522 3572 3771 3651 γενέσθαι,

418 3675 475 3726 ta
511 3682 525 3724 :
571 3663 763 3725 nudus
785 3661 1028 3744 quidem
1052 3661 1126 3722 ab
1150 3659 1373 3721 amictu
1397 3668 1761 3722 mortuarum
1787 3661 1968 3742 pelliti

2216 3660 2275 3729 ἦν
2304 3661 2442 3719 κατά
2471 3662 2568 3730 τὴν
2611 3661 2832 3740 πρώτην
2886 3665 3046 3722 αὐτοῦ
3074 3662 3218 3734 ζωὴν
3252 3664 3280 3718 δ
3310 3660 3728 3740 πρωτόπλαστος
3757 3677 3769 3694 ·

417 3753 678 3816 revelata
701 3763 900 3814 autem
929 3750 1082 3812 facie
1101 3757 1160 3812 et
1181 3748 1368 3811 libera
1393 3749 1642 3830 gloriam
1667 3750 1905 3813 Domini
1925 3769 1970 3830 sl

2215 3753 2340 3827 μνὸς
2407 3751 2505 3828 μὲν
2567 3753 2668 3819 τῆς
2720 3756 2826 3808 τῶν
2883 3759 3082 3832 νεκρῶν
3137 3749 3412 3829 δερμάτων
3470 3749 3768 3830 περιϐολῆς,

419 3840 858 3920 culans(9).Per
869 3859 1042 3921 quam
1069 3858 1209 3919 ergo
1227 3839 1516 3901 rationem
1542 3848 1706 3902 extra
1721 3840 1972 3921 paradisr

2218 3839 2634 3918 ακεκαλυμμένῳ
2717 3839 2772 3897 δὲ
2851 3841 3125 3920 προσώπῳ
3200 3843 3288 3898 καὶ
3345 3839 3771 3919 εύπαῤῥησιάστῳ

420 3932 594 4013 ejecti
617 3927 1084 4012 sumus,expulsi
1106 3928 1283 3990 simul
1307 3947 1440 3990 cum
1464 3928 1652 4008 primo
1676 3939 1973 4012 parente,[

2218 3955 2239 3986 ν
2297 3928 2446 3996 δόξαν
2512 3930 2700 4010 Κυρίου
2755 3930 3265 4009 κατοπτριζόμενος.
3328 3929 3418 3986 Δι’
3489 3931 3559 3998 ἧς
3622 3932 3771 3986 τοίνυν

419 4022 778 4085 contrariam
808 4020 1226 4082 ascensionem
1251 4018 1391 4081 licet
1417 4017 1588 4079 nobis
1613 4019 1833 4081 reverti
1855 4019 1928 4082 ad
1945 4039 1972 4080 a

2216 4018 2414 4084 θοδείας
2460 4018 2559 4086 ἔξω
2615 4027 2709 4078 τοῦ
2751 4017 3067 4099 παραδείσου
3124 4019 3428 4099 γεγόναμεν
3456 4024 3542 4094 τῷ
3573 4017 3769 4098 προπᾶ-

419 4113 640 4192 tiquam
664 4108 1121 4172 beatitudinem.
1155 4109 1301 4168 Nam
1326 4115 1466 4169 tunc
1491 4107 1737 4188 quidem
1761 4107 1972 4188 volupt:

2214 4132 2254 4188 ρι
2314 4107 2784 4185 συνεκϐληθέντες,
2847 4108 2932 4167 διὰ
2989 4110 3086 4180 τῆς
3142 4109 3381 4174 ἐναντίας
3445 4106 3767 4189 συγκαταθέσ-

419 4220 551 4284 qum
573 4203 842 4279 ingressa
883 4205 979 4262 est
1017 4216 1124 4279 per
1155 4196 1597 4279 deceptionem,
1630 4195 1795 4259 dedit
1826 4197 1972 4260 initi:

2214 4221 2277 4264 LUC
2309 4198 2510 4266 ἔξεστιν
2538 4202 2675 4275 ἡμῖν
2703 4199 2866 4257 πάλιν
2910 4198 3223 4257 ἇπανελθεῖν
3265 4199 3355 4256 ἐπί
3407 4199 3513 4266 τὴν
3560 4196 3767 4277 ἀρχαίαν

418 4291 636 4374 lapsui.
674 4293 849 4356 Nunc
891 4297 1087 4351 autem
1140 4289 1275 4350 vita;
1315 4287 1545 4368 puritas
1588 4304 1695 4368 per
1725 4285 1971 4350 doctrin:

2214 4291 2538 4370 ικαριότητα,
2600 4290 2732 4349 Τότε
2789 4290 2888 4367 μὶν
2948 4291 3049 4369 γὰρ
3108 4288 3275 4359 ἠδονῆ
3319 4286 3386 4346 δι’
3430 4288 3646 4356 ἀπάτης
3676 4288 3767 4343 εἷσ-

419 4380 638 4445 Christi
668 4379 1080 4443 mandatorum
1119 4387 1176 4440 et
1199 4395 1403 4440 curam
1452 4378 1744 4440 bonorum
1797 4396 1908 4440 nos
1938 4379 1972 4440 il

2213 4377 2405 4454 touévn
2448 4383 2551 4446 τῆς
2597 4377 2918 4443 ἐκπτώσεως
2949 4377 3143 4459 ἤρξατο
3180 4395 3194 4410 ·
3243 4379 3353 4438 νυνὶ
3396 4375 3451 4434 δὲ
3483 4376 3766 4454 καθαρότης

417 4489 630 4534 rursus
649 4469 929 4533 restituit.
961 4468 1078 4531 Sed
1106 4467 1384 4549 quoniam
1409 4474 1498 4529 est
1521 4465 1832 4548 paradisus
1857 4468 1970 4530 vive

2211 4490 2256 4524 tu
2314 4465 2400 4524 διαὶ
2441 4469 2538 4534 τῆς
2581 4472 2688 4525 τῶν
2732 4466 2963 4525 ἐντολῶν
3021 4470 3116 4525 τοῦ
3165 4475 3394 4546 Χριστοῦ
3440 4464 3764 4527 διδασκαλίας

420 4561 590 4635 tium,
628 4568 685 4621 et
708 4577 922 4640 purum
954 4557 1380 4630 habitaculum,
1409 4573 1516 4617 nos
1540 4573 1678 4618 vero
1702 4557 1972 4618 carnales

2212 4561 2228 4617 ἰ
2285 4559 2498 4638 ἀγαθῶν
2571 4557 2738 4638 ἔργων
2809 4557 3115 4634 ἐπιμελείας
3178 4557 3602 4626 ἀποκαθίστησιν
3665 4553 3765 4609 ἐκεῖ

419 4649 705 4713 mortales
737 4658 799 4710 et
827 4646 1120 4710 sordidati
1153 4645 1558 4728 peccatis,nec
1583 4645 1641 4706 in
1675 4645 1786 4708 hac
1812 4647 1972 4727 regio

2212 4647 2302 4706 ιλιν
2345 4651 2514 4725 ἡμᾶς,
2581 4647 2732 4705 Ἀλλ’
2793 4646 2984 4716 ἐπειδὴ
3033 4645 3354 4726 παράδεισος
3416 4648 3629 4719 ζώντων
3670 4643 3765 4700 ἐστὶ

417 4759 551 4804 esse
575 4745 846 4822 possunt,
866 4742 973 4815 qui
1018 4733 1227 4798 mortis
1254 4742 1538 4797 tenentur
1567 4744 1859 4816 potestate
1892 4754 1907 4796 :
1944 4756 1970 4798 n

2211 4738 2228 4794 ἶ
2277 4738 2508 4810 καθαρὸν
2567 4739 2900 4818 οἰκητήριον,
2955 4738 3124 4812 ἡμεῖς
3167 4734 3222 4793 δὲ
3255 4737 3498 4815 σάρκινοι
3530 4737 3620 4793 καὶ
3645 4739 3761 4799 θνη-

415 4849 586 4894 cesse
616 4838 706 4893 est
737 4828 978 4891 modum
1025 4827 1281 4910 aliquem
1338 4833 1400 4886 et
1427 4825 1719 4887 rationem
1755 4826 1968 4888 invenit

2209 4829 2220 4884 i
2277 4827 2364 4884 καὶ
2414 4825 2774 4904 ἒῤῥυπωμὲνοι
2831 4826 3118 4904 ἁμαρτίαις
3169 4826 3355 4906 ἐσμὲν,
3399 4826 3489 4882 καὶ
3520 4825 3616 4882 οῦκ
3643 4823 3762 4881 ἔστιν

415 4929 481 4989 ut
512 4939 644 4984 cum
681 4919 977 4981 fuerimus
1007 4925 1171 4980 extra
1201 4916 1354 4978 hanc
1387 4923 1763 4997 potestatem,
1788 4916 1968 4998 acqui

2233 4923 2302 4995 τῇ
2351 4915 2507 4996 χώρᾳ
2547 4917 2746 4973 τούτων
2799 4916 3042 4995 γενέσθαι
3095 4916 3216 4980 τοὺς
3262 4920 3334 4993 τῇ
3362 4913 3638 4988 δυναστείᾳ
3687 4918 3763 4968 τοῦ

416 5028 548 5073 mus
599 5009 898 5074 civitatem
957 5026 1089 5090 quae
1120 5013 1474 5088 potestatem
1509 5005 1720 5067 mortis
1749 5025 1869 5069 non
1900 5025 1968 5069 ex

2211 5007 2370 5064 νάτου
2449 5005 2867 5084 κρατουμένους,
2951 5005 3251 5085 ἀναγκαῖόν
3337 5005 3509 5080 ιστιν,
3590 5004 3762 5084 τρόπον

415 5100 650 5175 mescit,
682 5107 749 5160 ut
777 5098 1018 5161 aeternis
1044 5114 1282 5179 quoque
1313 5093 1489 5158 bonis
1519 5094 1815 5159 fruamur.

2206 5096 2259 5153 νά
2313 5095 2403 5152 καὶ
2447 5094 2682 5153 ἐπίνοιαν
2725 5094 2981 5176 ἐξευρεῖν,
3037 5095 3186 5159 ὅπως
3237 5095 3300 5151 ἃν
3353 5093 3453 5160 ἔξω
3491 5098 3593 5163 τῆς
3631 5091 3759 5158 ἔξω·

417 5192 534 5254 σίας
577 5191 776 5258 ταύτης
806 5189 1085 5267 γενόμενοι
1115 5187 1440 5263 κτησώμεθα
1470 5185 1764 5266 πολιτείαν,
1799 5189 1898 5258 τὴν
1932 5197 2022 5250 τοῦ
2046 5187 2273 5248 θανὶτου
2315 5186 2394 5264 μὴ
2425 5182 2768 5267 φοϐουμένην
2797 5183 3130 5266 δυναστείαν,
3171 5182 3269 5244 ἵνα
3299 5186 3384 5244 καὶ
3415 5190 3522 5243 τῶν
3559 5181 3757 5242 αἰωνίων

415 5277 628 5358 ἀγαθῶν
658 5277 1050 5354 ἀπολαύσωμεν
1095 5276 1151 5333 ἐν
1180 5279 1418 5353 Χριστῷ.

491 5403 553 5456 27
579 5405 730 5471 Luc.
762 5420 908 5482 xvu,
941 5401 1043 5466 ‘21.
1128 5401 1192 5455 28
1221 5400 1366 5466 Luc.
1399 5418 1503 5468 xv.

493 5529 588 5611 (9)
619 5528 970 5598 Perfectiori
1009 5528 1204 5597 adhuc
1237 5528 1438 5610 modo,
1471 5546 1648 5618 quam
1680 5527 1907 5614 Moyses
1935 5529 2000 5598 in
2043 5537 2273 5615 monte,
2306 5547 2430 5600 non
2463 5535 2668 5599 tamen
2721 5535 3037 5600 assecutus
3065 5527 3361 5600 visionem
3411 5522 3751 5600 ιδιάιωω.
