3932 6140
187 208 342 286 1421

1498 205 1682 287 νινΑ
1725 205 1784 284 s.
1833 202 2240 287 AU'XENTI’I.

3390 200 3542 286 1422‘

1647 351 1891 420 CAPUT
1952 351 2078 419 VII.

188 467 514 534 Habitatio
542 468 613 534 S.
645 468 948 532 Auxentii
975 469 1041 533 in
1072 475 1268 533 monte
1297 468 1548 552 Siopia.
1593 468 1874 533 Insultus
1907 469 2246 534 daemonum
2277 470 2577 552 superati.
2628 467 2841 534 Modus
2876 467 3123 533 orandi.
3158 471 3547 537 Adhortatio.

265 593 407 657 NA’.
461 603 639 653 Ταῦτα
695 594 784 650 καὶ
833 595 901 651 τὰ
942 592 1146 651 τούτων
1188 595 1409 652 πλείονα
1449 593 1698 673 λέγοντος
1731 604 1876 657 τοῦΑ

2037 597 2239 660 l.Cum
2272 596 2398 657 hzec
2429 602 2487 656 et
2509 593 2603 657 bis
2637 595 2808 676 plura
2832 594 3040 657 beatus
3069 595 3298 658 diceret
3317 596 3553 660 Auxen-

179 685 449 762 μακαρίου
507 681 785 749 Αὒξεντίου
828 689 905 757 τῷ
948 683 1150 752 πλήθει
1193 684 1298 741 τῶν
1343 683 1724 766 συνελθόντων,
1771 691 1830 745 οὗ

185 774 352 847 μόνον
383 769 610 850 ἀνδρῶν,
644 771 784 829 ἀλλὰ
812 774 899 828 καὶ
929 775 1220 852 γυναικῶν,
1269 775 1318 829 οἱ
1370 773 1610 841 πλείονες
1668 775 1828 854 ἔρωτι

190 861 318 936 θείῳ
371 861 655 939 τρωθέντες
719 861 898 930 ἠξίουν
955 861 1350 921 ἀποτάσσεσθαι
1407 868 1514 920 τῶν
1557 866 1832 942 βιωτικῶν

184 953 277 1009 καὶ
362 955 656 1031 μοχθηρῶν
741 951 1074 1029 πραγμάτων
1165 957 1234 1029 τῇ
1314 954 1661 1036 ματαιότητι,
1746 956 1834 1012 καὶ

189 1040 466 1115 προσιέναι
512 1039 582 1096 δι’
625 1040 786 1098 αὒτοῦ
834 1047 912 1112 τῷ
967 1041 1214 1116 Δεσπότῃ
1247 1046 1479 1120 Χριστῷ.
1515 1033 1572 1101 Ὀ
1603 1033 1658 1099 δέ
1687 1043 1834 1119 μᾶλ-

194 1129 292 1188 λον
348 1131 622 1187 ὃπετίθετο
705 1131 892 1195 αὐτοῖς
970 1131 1041 1205 τῇ
1123 1131 1368 1204 πολιτείᾳ
1437 1130 1836 1211 διορθουμένους

190 1220 502 1295 οἰκονομεῖν
558 1219 626 1276 τὰ
680 1220 948 1298 προσόντα
1000 1220 1090 1276 καὶ
1134 1220 1214 1294 μὴ
1243 1222 1370 1298 πρὸς
1412 1220 1511 1297 μὲν
1561 1223 1622 1279 τὸ
1667 1226 1835 1302 παρὸν

191 1307 547 1386 ὀρεγομένους
601 1310 664 1365 τὸ
722 1309 911 1382 καλὸν,
973 1309 1047 1371 εἷς
1102 1307 1318 1387 ὕστερον
1375 1308 1433 1366 δὲ
1476 1310 1830 1379 ὀκλάσαντας,

189 1397 529 1477 ἐπιστρέφειν
578 1399 653 1463 ὡς
695 1398 854 1464 κύνας
894 1397 981 1454 ἐπὶ
1022 1399 1111 1454 τόν
1173 1396 1313 1456 ἴδιον
1365 1399 1581 1477 ἐμετὸν,
1625 1404 1714 1459 ἰπὶ
1769 1403 1836 1458 τὰ

187 1487 391 1554 ἀσθενῆ
423 1486 584 1544 πάλιν
612 1487 700 1544 καὶ
730 1487 929 1567 πτωχὰ
977 1486 1070 1544 τοῦ
1129 1487 1332 1563 κόσμου
1387 1504 1640 1570 στοιχεῖα
1699 1493 1836 1567 μετὰ

187 1575 400 1644 πολλῆς
435 1574 704 1656 ἀκριϐείας
734 1579 823 1632 καὶ
854 1579 914 1635 οὗ
956 1577 1057 1643 τῆς
1106 1578 1381 1656 τυχούσης
1441 1580 1832 1657 περισκέψεως.

189 1664 320 1724 Ἐπὶ
352 1664 506 1722 τοῦτο
534 1665 596 1722 τὸ
629 1665 950 1740 κατόρθωμα
1007 1667 1095 1723 τὸν
1153 1667 1479 1742 βουλόμενον
1529 1670 1837 1748 προσέρχεο

192 1759 317 1812 σθαι
375 1755 512 1834 χρὴ,
572 1753 710 1812 ὥστε
761 1753 1084 1830 θνηξόμενον
1140 1753 1245 1823 ἤδη
1303 1757 1392 1814 καὶ
1439 1763 1612 1816 πᾶσαν
1640 1757 1838 1827 ἡδονὴν

195 1845 514 1920 σωματικὴν
570 1852 916 1914 συνκροῦντα.
967 1851 1083 1902 Τῶν
1140 1844 1314 1922 ἄρτων
1345 1847 1432 1904 οὖν
1463 1845 1842 1924 διαδιδομένων

1915 686 2140 760 tius,ex
2172 686 2245 747 iis
2276 683 2380 765 qui
2408 693 2838 758 convenerant,
2871 701 2991 746 non
3021 683 3211 745 solum
3245 687 3407 763 viris,
3443 687 3551 750 sed

1916 775 2093 838 etiam
2120 773 2601 852 feminis,plures
2635 773 2833 834 divino
2865 791 3069 835 amore
3099 774 3553 852 sauciati,vole-

1915 865 2057 927 bant
2085 864 2430 926 renuntiare
2461 862 2642 924 rebus
2677 863 2994 924 mundanis
3023 871 3083 925 et
3128 863 3322 940 malis,
3357 872 3416 927 et
3446 882 3554 946 per

1915 960 2113 1035 ipsum
2146 953 2380 1017 Christo
2412 951 2667 1013 Domino
2699 952 3029 1014 adhaerere.
3065 951 3171 1013 Ille
3218 961 3415 1015 autem
3445 971 3555 1016 eos

1919 1044 2106 1123 magis
2127 1041 2509 1116 admonebat,
2533 1049 2598 1102 ut
2616 1041 2794 1103 vitam
2829 1059 2998 1102 suam
3031 1042 3554 1120 corrigentes,dis-

1920 1139 2239 1214 pensarent
2262 1148 2366 1192 eas
2390 1147 2534 1210 quas
2560 1129 2858 1192 habebant
2878 1129 3192 1193 facultates
3219 1153 3231 1190 :
3254 1138 3314 1194 et
3341 1150 3461 1194 non
3491 1137 3556 1194 tn

1921 1222 2235 1304 praesentia
2256 1219 2500 1300 quidem
2519 1218 2738 1281 bonum
2761 1231 2822 1280 et
2839 1220 3157 1283 honestum
3183 1229 3554 1302 expetentes,

1919 1319 2123 1392 postea
2142 1329 2280 1372 vero
2306 1308 3057 1384 labentes,reverterentur
3081 1316 3356 1392 tanquam
3393 1311 3558 1374 canis

1917 1400 1990 1462 ad
2015 1399 2322 1473 vomitum,
2353 1414 2572 1478 nempe
2614 1415 2826 1460 rursus
2849 1397 2922 1459 ad
2952 1397 3254 1461 imbecilla
3283 1408 3341 1462 et
3371 1418 3561 1480 egena

1918 1490 2096 1569 hujus
2113 1488 2320 1550 mundi
2335 1486 2809 1551 elementa.Cum
2833 1487 3086 1550 maxima
3101 1489 3259 1549 enim
3283 1489 3562 1551 cautione

1919 1587 1979 1641 et
1999 1598 2119 1642 non
2151 1578 2269 1640 levi
2299 1577 2783 1640 consideratione
2806 1583 3107 1657 oportere,
3135 1596 3270 1639 eum
3303 1578 3406 1658 qui
3435 1577 3562 1639 vult

1918 1668 1991 1730 ad
2013 1669 2359 1750 praeclarum
2377 1668 2492 1729 hoc
2510 1685 2658 1746 opus
2674 1666 3272 1748 accedere,tanquam
3291 1668 3411 1746 jam
3439 1685 3564 1728 mo-

1919 1758 2264 1834 riturum,et
2284 1756 2466 1819 simul
2497 1757 2894 1838 expellentem
2925 1775 3164 1819 omnem
3198 1757 3560 1838 voluptatem

1921 1847 2456 1929 corporis.Deinde
2479 1845 2732 1926 panibus
2753 1846 2826 1906 de
2851 1864 3016 1908 more
3040 1845 3563 1922 distributis,sicut

197 1935 342 1991 κατὰ
371 1934 432 1989 τὸ
465 1933 581 1994 ’έθος
612 1934 684 1994 ὡς
717 1932 771 1988 ἐν
802 1937 878 2005 τῷ
935 1933 1177 2010 προτέρῳ
1231 1932 1368 2014 ὅρει,
1401 1936 1600 2000 πάντας
1634 1936 1834 1995 ἄπέλυ-
1862 1965 1876 2016 ι

2037 1937 2195 2000 ιτὶονί
2219 1948 2444 2009 monte,
2473 1953 2684 1998 omnes
2704 1935 2952 1997 dimisit.
2985 1935 3236 2008 Quidam
3259 1945 3455 1998 autem
3490 1955 3565 1998 ex

199 2045 294 2080 σεν
332 2043 347 2061 ο
379 2022 519 2086 τινὲς
552 2019 606 2076 δὲ
637 2020 689 2088 ἐξ
718 2021 893 2078 αὐτῶν
949 2021 1263 2103 ἐδραιοτέρῳ
1301 2022 1547 2103 λογισμῷ
1577 2026 1838 2084 καθοπλι-

199 2115 420 2187 ζόμενοι
470 2109 923 2190 προσεκαρτέρουν
978 2113 1158 2170 ἐκεῖσε
1218 2118 1286 2190 τῇ
1327 2114 1448 2170 καθ’
1491 2115 1694 2195 ἡμέραν
1730 2140 1841 2197 χο·-

196 2200 510 2280 ρηγουμένῃ
571 2199 786 2278 εὔλογίᾳ
843 2201 1261 2278 ἓπαρκούμενοι.
1311 2204 1370 2260 Εἰ
1419 2204 1518 2282 γάρ
1576 2227 1658 2268 τις
1718 2227 1845 2284 προ-

195 2289 511 2366 αιρούμενός
565 2313 614 2346 τι
658 2288 1008 2370 προσέφερεν,
1059 2293 1086 2346 ὁ
1133 2291 1395 2369 μακάριος
1441 2292 1538 2348 οὒκ
1594 2292 1840 2375 ἐδέχετο,

194 2379 342 2448 πλὴν
399 2378 575 2436 ἐλαίου
620 2381 708 2436 καὶ
751 2387 953 2458 κηρῶν,
988 2381 1065 2455 τῷ
1115 2378 1171 2436 δὲ
1218 2381 1468 2458 μοίγκηπι
1499 2384 1574 2458 τῷ
1615 2386 1704 2442 καὶ
1747 2385 1847 2453 τήν

197 2470 468 2550 χορηγίαν
551 2467 854 2544 ποιουμένῳ
942 2466 1173 2526 δίδοσθαι
1258 2472 1401 2535 αὖθις
1503 2461 1792 2549 ἐπέτρεψεν
1826 2490 1842 2506 ⁸

201 2558 452 2616 πλεῖστοι
508 2558 608 2636 γὰρ
665 2563 772 2613 τῶν
828 2558 1082 2634 ἐμπαθῶν
1160 2559 1251 2616 καὶ
1307 2560 1615 2636 πενομένων
1678 2585 1849 2641 προσ-

199 2646 422 2724 ήδρευον
464 2645 699 2704 ἐντεῦθεν
740 2647 838 2715 τὴν
893 2645 1162 2714 διοίκησιν
1222 2647 1443 2727 ἔχοντες
1474 2647 1562 2707 διὰ
1602 2655 1705 2718 τῆς
1741 2655 1849 2710 τῶν

199 2735 649 2817 παραγενομένων
683 2735 933 2800 εόποιίας
967 2754 983 2772 ο
1019 2735 1256 2815 ὄχλησιν
1288 2737 1343 2793 δὲ
1391 2739 1580 2806 ἱκανὴν
1619 2742 1707 2797 καὶ
1747 2741 1848 2798 κό-

203 2848 310 2885 πον
337 2824 503 2882 πολὺν
546 2825 786 2902 μάλιστα
817 2825 920 2882 ὑπὸ
980 2829 1086 2882 τῶν
1129 2823 1540 2902 δαιμωνιώντων
1572 2830 1849 2908 ὑφίστατο,

203 2918 280 2982 ὡς
325 2917 413 2990 καί
469 2935 615 2980 τινας
698 2916 869 2972 αὐτῶν
905 2930 918 2945 ·
977 2916 1036 2972 οὗ
1087 2915 1188 2994 γὰρ
1247 2917 1478 2997 πάντας,
1537 2917 1675 2975 ἀλλὰ
1732 2921 1854 2984 τοὺς

207 3005 383 3072 ἀξίους
415 3022 429 3035 ·
464 3003 548 3064 διὰ
577 3011 684 3060 τῶν
735 3006 893 3061 αὐτοῦ
940 3011 1258 3085 προσευχῶν
1310 3007 1484 3063 ἱᾶσθαι
1516 3009 1606 3064 τὸν
1644 3009 1854 3089 Κύριον,

209 3097 338 3155 ’Ὁτι
370 3093 424 3152 δὲ
455 3097 549 3152 οὒκ
575 3094 642 3162 ἦν
687 3093 832 3169 αῦτῲ
864 3092 1028 3172 λόγος
1059 3098 1182 3174 περὶ
1217 3097 1278 3152 τὸ
1324 3099 1692 3177 χρηματικὸν,
1740 3098 1856 3168 μετ’

1925 2027 2014 2090 eis
2032 2026 2321 2089 stabiliori
2335 2027 2545 2088 armati
2560 2025 2751 2104 cogita
2761 2025 3064 2091 tione,illic
3077 2025 3562 2106 perseverabant,

1925 2136 2059 2199 quae
2087 2116 2354 2197 quotidie
2377 2116 2498 2178 illic
2515 2114 3299 2195 suppeditabatur,contenti
3320 2115 3568 2178 benedi-

1931 2204 2222 2269 ctione.Si
2245 2205 2378 2286 quis
2402 2203 2560 2266 enim
2595 2203 2802 2264 volens
2832 2203 3052 2284 aliquid
3083 2203 3158 2265 ad
3183 2205 3462 2267 Sanctum
3487 2205 3570 2266 af-

1926 2295 2288 2370 ferret,nihil
2312 2292 2641 2374 accipiebat
2664 2300 2878 2371 praeter
2899 2292 3094 2354 oleum
3118 2300 3176 2355 et
3195 2311 3394 2356 ceram
3421 2295 3569 2373 :ju-

1929 2384 2106 2448 bebat
2129 2391 2326 2446 autem
2350 2383 2408 2444 id
2431 2400 2638 2444 rursus
2661 2381 2790 2442 dari
2815 2382 3076 2462 mancipi
3097 2383 3244 2462 (10).
3279 2383 3380 2464 qui
3403 2382 3568 2445 illam

1928 2472 2183 2536 faciebat
2211 2470 3048 2553 suppeditationem.Plurimi
3071 2472 3232 2534 enim
3259 2492 3336 2534 ex
3368 2473 3444 2536 iis
3467 2471 3572 2554 qui

1934 2561 2164 2625 morbis
2198 2559 2500 2636 aliquibus
2525 2559 2882 2621 laborabant
2907 2568 2967 2623 et
2995 2561 3094 2642 qui
3137 2561 3415 2640 egebant,
3448 2561 3572 2623 tllic

1935 2650 2463 2732 permanebant,ut
2497 2648 2717 2730 quibus
2748 2649 3166 2711 subveniretur
3199 2670 3306 2732 per
3335 2651 3574 2714 benefi-

1935 2741 2193 2804 centiam
2219 2758 2424 2802 eorum
2441 2740 2543 2818 qui
2559 2738 3269 2802 accedebant.Maximam
3282 2759 3428 2803 vero
3446 2760 3577 2803 mo-

1938 2829 2170 2892 lestiam
2195 2837 2255 2890 et
2281 2828 2605 2908 plurimum
2633 2827 2900 2890 laborem
2924 2829 3258 2891 sustinebat
3277 2829 3350 2891 ab
3377 2831 3449 2892 iis
3472 2831 3578 2911 qui

1939 2927 2108 2982 erant
2130 2917 2482 2980 daemoniaci
2501 2917 2652 2979 adeo
2672 2918 3036 2997 utquosdam
3058 2937 3125 2980 ex
3150 2920 3237 2982 eis
3251 2921 3396 3001 (non
3415 2921 3577 2982 enim

1943 3026 2175 3083 omnes,
2203 3008 2306 3069 sed
2342 3026 2468 3081 eos,
2502 3007 2603 3088 qui
2637 3017 2808 3069 erant
2833 3007 3020 3088 digni)
3056 3027 3163 3089 per
3191 3028 3333 3071 suas
3364 3028 3580 3091 preces

1943 3098 2246 3162 curaverit
2278 3097 2585 3160 Dominus.
2616 3097 2783 3169 Quod
2816 3106 3014 3159 autem
3056 3098 3144 3160 rei
3185 3099 3477 3162 faciendas
3523 3109 3583 3162 et

211 3186 465 3252 ἂληθείας
495 3182 826 3264 γινωσκέτω,
860 3183 948 3239 ὅτε
1007 3184 1388 3262 ἀναγινώσκων
1451 3189 1540 3243 καὶ
1568 3187 1856 3264 ἀκροώμε-

2037 3189 2216 3251 :unize
2244 3187 2679 3268 amplificandae
2701 3186 2923 3248 nullam
2959 3187 3207 3250 haberet
3253 3189 3577 3265 rationem,

212 3297 308 3338 νος
338 3275 473 3351 μετὰ
499 3275 597 3344 τὴν
627 3277 878 3349 κοίμησιν
911 3273 1074 3330 αὐτοῦ
1133 3276 1263 3354 ὅπερ
1322 3276 1512 3332 ἑκατόν
1556 3278 1861 3354 νομίσματα

214 3364 634 3444 ἐποφειλομένου
690 3369 784 3420 τοῦ
848 3363 1162 3442 ἁρτοποιοῦ,
1225 3361 1293 3419 δι’
1351 3364 1704 3440 δπομνήσεως
1771 3373 1862 3423 τοῦ

214 3452 472 3534 διαδόχου
527 3453 614 3509 καὶ
671 3456 918 3528 μαθητοῦ
979 3453 1164 3527 αὐτοῦ,
1226 3453 1344 3530 περὶ
1390 3453 1451 3509 οὗ
1493 3456 1630 3511 κατὰ
1675 3455 1860 3536 χώραν

217 3545 464 3625 ἐροῦμεν,
520 3543 663 3620 παρά
709 3564 856 3607 τινος
907 3541 1255 3624 φιλοχρίστου
1285 3546 1374 3602 καὶ
1404 3542 1648 3611 εὐσεϐοῦς
1677 3545 1862 3626 ἀνδρὸς

217 3640 388 3694 ταῦτα
418 3630 784 3697 ἆποδιδοσθαι,

1943 3295 2082 3340 vere
2115 3275 2412 3350 sciet,tam
2436 3275 2536 3354 qui
2558 3274 2908 3355 legit,quam
2934 3276 3036 3356 qui
3065 3276 3418 3358 audit,quod
3443 3297 3582 3340 cum

1945 3373 2078 3448 post
2107 3365 2238 3444 ejus
2289 3363 2604 3426 decessum
2663 3363 2913 3426 deberet
2968 3365 3176 3447 pistori
3235 3367 3366 3446 plus
3401 3386 3581 3448 quam

1945 3463 2183 3518 centum
2209 3453 2938 3530 numismata,admonitus
2966 3455 3038 3516 ab
3072 3455 3209 3536 ejus
3231 3474 3585 3520 successore

1946 3554 2006 3608 et
2036 3543 2354 3624 discipulo,
2389 3541 2464 3605 de
2519 3562 2635 3624 quo
2696 3561 2806 3605 suo
2867 3544 2998 3606 loco
3031 3544 3292 3624 dicetur,
3331 3545 3582 3626 quidam

1949 3632 2164 3699 Christi
2194 3650 2402 3697 amans
2431 3640 2490 3696 et
2521 3633 2653 3714 pius
2681 3650 2751 3696 ea
2781 3632 3052 3698 solverit.

1679 3739 1928 3806 CAPUT
1976 3739 2135 3804 Vlll.

315 3838 498 3913 Vestis
527 3847 966 3912 anachorittca
995 3847 1188 3913 variis
1215 3863 1252 3913 ο
1297 3845 1364 3913 S.
1399 3846 1708 3912 Auxentio
1749 3849 1902 3990 fata
1937 3869 1958 3909 :
1997 3850 2284 3992 [itemque
2316 3848 2572 3913 monita.
2611 3847 2976 3913 Dwmonum
3006 3850 3280 3918 incultus
3309 3857 3498 3936 varii,

1713 3946 1747 3992 ε
1808 3946 2000 3992 νεπιε(
2023 3948 2108 3992 ια.

1713 3946 1772 3992 ει
1808 3946 2108 3994 remeam.

314 4049 452 4114 NB'.
485 4049 778 4118 Ζηλοῦντες
810 4047 864 4106 δέ
891 4073 1032 4116 τινες
1074 4051 1168 4108 τὸν
1219 4056 1457 4109 τοιοῦτον
1501 4049 1674 4108 ἔνθεον
1716 4055 1876 4112 αὒτοῦ

231 4143 347 4222 βίον
378 4139 443 4197 δι’
472 4139 640 4221 ὄχλου
673 4139 913 4218 ἐγίνοντο
941 4141 1035 4198 τοῦ
1067 4145 1484 4222 στοιχειωθῆναι
1547 4137 1672 4221 παρ’
1719 4143 1877 4200 αὐτοῦ

235 4233 325 4288 καὶ
382 4232 761 4308 καθιερωθῆναι
793 4236 871 4304 τῷ
903 4231 1176 4311 σχήματι.
1215 4231 1538 4310 Στοιχάριον
1569 4231 1657 4288 οὖν
1708 4229 1876 4297 διδοὺς

233 4320 474 4400 τρίχινον
542 4319 578 4387 ἢ
658 4315 975 4399 δερμάτινον
1031 4319 1084 4386 ἐξ
1143 4323 1216 4377 ὧν
1273 4320 1530 4400 ἠμφίετο,
1601 4321 1878 4400 ἒπηύχετο

235 4409 410 4488 λέγων
443 4426 463 4447 ο
507 4409 762 4490 Πορεύου,
807 4407 1022 4491 ἀδελφέ,
1076 4409 1197 4467 ἔνθα
1241 4409 1268 4465 ὁ
1304 4409 1487 4488 Κύριός
1547 4429 1608 4466 σε
1668 4407 1879 4490 ὁδηγή-

237 4516 319 4556 σει
355 4517 370 4531 ⁸

2037 4049 2536 4115 LII.£mulantes
2557 4058 2751 4115 autem
2778 4059 2838 4116 et
2867 4051 3100 4116 beatam
3135 4050 3422 4120 ducentes
3453 4061 3594 4140 qui-

1959 4141 2097 4204 dam
2127 4142 2278 4203 hanc
2301 4141 2560 4202 divinam
2588 4141 2718 4220 ejus
2736 4140 3247 4222 vitam,negotium
3278 4146 3334 4207 ei
3355 4148 3599 4212 exhibe-

1961 4230 2122 4307 bant,
2150 4240 2214 4294 ut
2234 4229 2306 4292 ab
2341 4249 2411 4292 eo
2444 4230 2821 4320 initiarentur
2851 4239 2910 4294 et
2939 4243 3440 4298 consecrarentur
3463 4239 3598 4320 ejus

1959 4321 2346 4384 habitu.Cum
2371 4320 2568 4400 itaque
2595 4319 2862 4382 dedisset
2891 4321 3153 4383 tunicam
3188 4342 3258 4384 ex
3290 4325 3426 4406 pilis
3448 4346 3600 4390 con-

1963 4418 2181 4472 textam
2215 4417 2318 4472 aut
2347 4407 2666 4496 pelliceum
2701 4427 2772 4472 ex
2827 4410 2900 4472 iis
2925 4411 3140 4492 quibus
3165 4422 3293 4476 erat
3322 4415 3600 4496 indutus,

427 4497 482 4554 ἒν
519 4501 605 4562 οἷς
651 4496 710 4554 ἐκ
754 4499 858 4554 τῶν
918 4498 1448 4578 προσκαρτερούντων
1479 4516 1576 4595 Ι’τις
1608 4497 1876 4562 Βασίλειος

2037 4499 2319 4595 ecabatur
2343 4498 2574 4560 dicens:
2601 4495 2789 4571 Vade,
2817 4499 3147 4582 frater,quo
3178 4511 3236 4565 te
3265 4503 3444 4568 ducet
3477 4509 3602 4570 Do-

237 4588 342 4656 τῆν
400 4587 759 4666 προσηγορίαν
850 4585 1148 4664 ἐξῃτήσατο
1225 4595 1403 4649 τοῦτο.
1479 4585 1736 4667 ’Ἀφθονος
1794 4587 1876 4645 οὖν

2037 4586 2516 4668 inus.Interquos
2539 4605 2606 4649 ex
2629 4606 2880 4652 numero
2905 4608 3108 4651 eorum
3133 4593 3238 4672 qui
3261 4592 3384 4657 illic
3409 4615 3608 4676 perse-

237 4677 502 4757 ὑπάρχων
557 4678 585 4732 ὁ
642 4676 904 4755 μακάριος
950 4680 1038 4735 καὶ
1071 4674 1270 4757 σφόδρα
1311 4674 1658 4756 φιλάδελφος,
1721 4679 1876 4735 ἑπευ-

2040 4676 2536 4752 rabant,Basilius
2560 4677 2802 4758 quidam
2828 4679 3076 4742 nomine
3102 4680 3214 4744 hoc
3235 4674 3428 4763 petiit.
3457 4687 3605 4748 Cum

241 4743 469 4843 ξάμὲῦὶς
529 4743 674 4841 αὒιῷ
728 4743 817 4823 καὶ
875 4765 995 4824 δοὺς
1054 4743 1129 4836 ἢν.
1178 4743 1564 4845 περιεϐέϐλητό
1596 4743 1876 4843 μηλωτὴν,

2037 4786 2167 4847 rgus
2190 4785 2331 4846 ergo
2353 4775 2513 4829 esset
2535 4743 2751 4828 Beatus
2770 4776 2828 4829 et
2848 4767 3098 4830 fratrum
3122 4743 3291 4833 valde
3313 4776 3610 4850 amans,ei

243 4855 531 4919 ἀπέλυσεν,
591 4853 653 4913 Ὀ
699 4853 754 4911 δὲ
816 4855 1060 4913 ἀπελθὼν
1115 4857 1189 4922 ὡς
1248 4855 1356 4913 ἀπὸ
1415 4853 1590 4914 εἴκοσι
1649 4859 1876 4934 σημείωι

2037 4877 2127 4919 me
2158 4863 2520 4938 precatus,et
2551 4856 2686 4918 data
2717 4875 2898 4936 quam
2921 4858 3200 4922 induerat
3223 4861 3374 4939 pelle
3400 4863 3605 4941 ovilla,

245 4943 592 5025 ποῤῥωτέρω,
679 4944 732 5001 ἔν
815 4966 918 5001 τινι
981 4945 1153 5022 βουνῷ
1228 4943 1424 5002 κέλλαν
1480 4947 1876 5024 παρασκευάσας

2037 4965 2109 5008 un
2143 4945 2390 5010 di'misit.
2421 4945 2528 5007 Ille
2558 4952 2756 5007 autem
2793 4944 3028 5025 longius
3060 4949 3269 5012 abiens
3299 4953 3374 5014 ad
3405 4953 3616 5032 viginti

242 5030 666 5120 οἰκοδομηθῆναι
709 5033 1027 5108 κατῴκησεν
1059 5053 1075 5070 ·
1129 5036 1216 5092 καὶ
1259 5032 1323 5102 δὴ
1375 5034 1513 5108 μετά
1539 5056 1659 5092 τινα
1691 5036 1876 5116 χρόνοι

2040 5035 2418 5111 illiaria,cum
2439 5034 2499 5095 in
2524 5033 2778 5114 quodam
2799 5035 2952 5098 colle
2973 5049 3240 5102 curasset
3261 5030 3615 5106 cellamisibi

241 5125 426 5183 ἱκανὸν
457 5122 769 5188 ἐπιστάντες
812 5123 861 5180 οἱ
904 5122 1150 5201 δαίμονες
1189 5123 1275 5182 ἐπὶ
1315 5125 1567 5183 τοσοῦτον
1627 5123 1876 5194 ἐπετέθη-

2037 5123 2414 5215 dificari,illi_c
2441 5123 2750 5186 habitavit.
2773 5121 3170 5215 Postaliquod
3205 5149 3342 5192 vero
3377 5140 3616 5215 tempus

245 5236 368 5291 σαν,
429 5214 502 5278 ὼς
562 5217 754 5294 μικροῦ
811 5209 926 5269 δεῖν
983 5213 1382 5292 παρασκευάσαι
1442 5211 1602 5270 αὒτὸν
1657 5215 1745 5271 καὶ
1801 5213 1876 5270 ἐκ·

2037 5214 2328 5278 cedentes
2351 5212 2819 5280 deemones.eum
2845 5213 2993 5278 adeo
3016 5217 3456 5298 invaserunt,ut
3477 5209 3614 5288 cum

323 5380 440 5473 (ιι)
469 5379 1226 5473 ξεξιρ.τε·-Αρυςιηε,ρρηεερω
1250 5379 1356 5473 n9-
1388 5391 1431 5440 ιι
1458 5394 1584 5454 ουν·
1617 5381 1719 5472 ιεε
1747 5381 1876 5473 ea

2037 5402 2073 5446 is
2102 5384 2684 5473 appellantqr.A»__Et
2723 5384 2964 5473 Suidas,
2997 5387 3379 5473 dptonoltetov,
3414 5394 3475 5451 τὸ
3505 5417 3619 5470 μα-

255 5452 428 5558 erant
478 5452 737 5558 papibus
786 5453 1233 5558 conﬁciendis.
1269 5458 1325 5512 οἳ
1355 5452 1621 5549 μαγκιπες
1653 5461 1725 5558 τίξι
1757 5456 1876 5514 ’ρωι

2037 5452 2255 5558 unde},
2294 5465 2369 5558 έν
2416 5468 2462 5542 ᾧ
2490 5467 2537 5525 οἱ
2566 5463 2719 5547 ἄρτοι
2751 5452 3009 5551 γίνοντάι,
3035 5452 3379 5554 ’ρι’ἱειίῑιιιηί
3403 5472 3468 5539 in
3497 5452 3618 5558 ίιιιο

255 5537 430 5624 μαίων
461 5532 685 5618 γλώσσῃ
716 5533 1023 5598 καλοῦνται.
1062 5558 1088 5596 ιι
1124 5533 1238 5612 Qui
1269 5532 1579 5621 mancipes
1608 5552 1642 5602 a
1669 5535 1876 5604 Roma-

2037 5558 2164 5607 πιθα
2193 5532 2359 5607 ﬁunt.
2397 5564 2422 5598 ι
