3932 6140
395 198 547 274 i423

1649 191 1930 269 MENSIS
1968 183 2478 268 FEBRUARIUS.

3597 178 3746 272 1424

391 342 830 426 propemodum
881 337 1134 404 fecerint
1183 334 1517 419 exspirare.
1562 337 1651 398 Ad
1685 355 1860 417 quem
1891 354 2004 400 cun

2173 346 2333 398 νεῦσαι
2368 356 2381 370 ⁸
2431 342 2560 419 πρὸς
2603 343 2662 400 ὃν
2703 343 2752 398 οἰ
2795 349 2902 400 τῶν
2946 341 3092 423 πέριξ
3143 350 3342 421 κωμῶν
3387 345 3634 411 νέμοντες
3685 345 3749 401 τὰ

397 434 500 516 qui
532 453 600 496 ex
635 433 800 509 locis,
838 450 969 513 quae
1021 439 1191 492 erant
1224 427 1636 501 circumcirca,
1668 436 1954 489 venerant
1983 426 2026 487 ii

395 524 494 605 qui
555 521 878 603 pascebant
935 536 1173 601 pecora,
1231 516 1540 592 abiissent,
1594 523 1652 578 et
1709 523 2026 578 consuetas

399 614 529 694 ejus
561 630 792 694 preces,
827 610 965 672 dum
1025 627 1186 689 saepe
1243 607 1626 686 clamassent,
1679 626 1794 668 non
1825 613 2028 668 essent

388 703 670 776 assecuti,
725 699 892 762 cella:
950 699 1212 760 fenestra
1267 698 1322 759 vi
1372 705 1600 777 aperta,
1658 695 1856 758 vident
1887 715 2024 758 eum

395 802 618 854 mutum
678 799 738 852 et
793 807 1043 870 pronum
1090 788 1444 867 jacentem:
1501 800 1561 848 et
1615 785 2025 848 existimantes

385 900 521 944 eum
558 898 689 941 esse
723 888 1044 950 mortuum,
1082 895 1290 938 rursus
1333 884 1742 950 accurrentes,
1769 877 1892 937 suis
1920 895 2022 938 re-

388 971 760 1033 nuntiarunt.
822 968 935 1040 Qui
991 987 1125 1029 cum
1185 966 1630 1042 ascendissent,
1667 966 2025 1028 invenerunt

389 1079 524 1122 eum
550 1061 675 1124 fere
705 1060 1190 1131 semimortuum,
1220 1065 1280 1119 et
1307 1075 1426 1118 non
1454 1055 1740 1118 valentem
1777 1060 2020 1118 omnino

384 1150 575 1231 loqui,
609 1149 713 1212 sed
748 1149 944 1212 solum
975 1165 1182 1227 parum
1213 1145 1794 1226 respirantem.Cum
1822 1154 2019 1208 autem

385 1259 604 1321 corpus
635 1242 770 1318 ejus
829 1237 1114 1300 vidissent
1163 1236 1516 1310 sauciatum,
1567 1254 1748 1297 curru
1778 1239 1895 1298 cito
1925 1235 2016 1297 al-

383 1331 523 1406 lato,
563 1348 696 1392 eum
731 1329 792 1389 in
822 1327 951 1407 ipso
983 1328 1387 1406 imponunt,et
1412 1327 1642 1388 ducunt
1670 1325 1744 1387 ad
1778 1325 2017 1386 beatum

381 1419 772 1484 Auxentium.
804 1417 919 1490 Qui
975 1434 1106 1478 cum
1143 1421 1276 1496 post
1305 1416 1513 1476 horam
1550 1432 1764 1475 nonam
1799 1415 2019 1495 despe-

385 1511 572 1572 xisset
603 1527 637 1570 e
662 1508 1006 1576 fenestra.et
1039 1523 1175 1566 eum
1207 1503 1630 1579 vidisset,voce
1659 1503 1809 1564 dixit
1835 1522 2016 1582 aper-

382 1600 531 1661 tiore
564 1618 579 1660 :
613 1599 820 1660 Frater
849 1595 1052 1658 Basili.
1090 1595 1236 1657 Cum
1291 1593 1344 1654 is
1378 1612 1519 1672 ergo
1550 1612 1683 1655 eum
1721 1600 2011 1668 vocasset,

379 1700 440 1753 et
470 1689 572 1750 ille
600 1707 718 1750 non
750 1685 1135 1760 exaudiisset,
1163 1684 1334 1747 tertio
1369 1702 1579 1764 magna
1602 1683 1656 1744 vi
1689 1684 1964 1746 clamavit
1998 1704 2004 1742 :

2173 1704 2314 1757 ντος,
2353 1685 2426 1748 εἰς
2457 1686 2517 1741 τὸ
2547 1687 2721 1765 τρίτον
2753 1685 2804 1751 ἐξ
2853 1689 3042 1767 ἰσχύος
3093 1689 3306 1766 ἔκραξεν
3341 1709 3356 1723 ο

379 1780 428 1841 0
455 1777 560 1841 tibi
587 1778 748 1852 dico,
776 1778 958 1838 frater
980 1775 1182 1837 Basili.
1217 1776 1363 1837 Cum
1393 1776 1441 1836 is
1471 1782 1667 1836 autem
1702 1773 1821 1835 cito
1852 1792 2016 1836 asse-

378 1869 586 1943 disset,
619 1867 764 1929 dicit
793 1867 850 1928 ei
883 1886 897 1926 :
931 1868 1142 1943 Surge,
1177 1864 1386 1943 accipe
1417 1871 1766 1944 potestatem
1797 1864 2014 1924 adver-

379 1977 512 2020 sum
547 1963 928 2027 tentatorem,
968 1973 1086 2016 non
1120 1953 1378 2033 amplius
1435 1952 1656 2014 timens
1706 1953 2014 2032 improbos

377 2057 437 2112 et
473 2046 814 2109 immundos
863 2046 1190 2106 diemones.
1243 2043 1428 2105 Jussit
1461 2042 1658 2123 itaque
1703 2061 1838 2104 eum
1872 2061 2012 2104 sur-

373 2156 539 2216 gere,
573 2145 631 2198 et
661 2153 899 2198 sumere
929 2131 1335 2195 venerandum
1369 2149 1587 2212 corpus
1632 2138 1692 2192 et
1719 2132 2009 2193 vivificum

376 2228 724 2307 sanguinem
759 2224 997 2288 Domini
1027 2222 1219 2285 nostri
1247 2223 1386 2284 .lesu
1437 2221 1679 2296 Christi,
1714 2230 1772 2282 et
1812 2223 2009 2283 statim

373 2337 584 2380 rursus
615 2315 833 2378 reverti
863 2315 924 2376 in
968 2332 1136 2375 suum
1169 2313 1394 2374 locum.
1427 2310 1536 2382 Qui
1570 2330 1706 2372 cum
1736 2310 2007 2385 abiisset,

377 2408 580 2470 ethoc
613 2405 788 2467 modo
833 2423 952 2466 non
996 2400 1255 2481 amplius
1285 2399 1495 2461 fuisset
1527 2408 1803 2474 tentatus,
1841 2409 1899 2462 et
1942 2418 2007 2462 se

377 2497 567 2559 tribus
599 2496 773 2557 annis
803 2493 1038 2556 fortiter
1086 2490 1478 2565 exercuisset,
1511 2489 1570 2550 in
1607 2507 1750 2570 pace
1781 2489 2006 2567 migra-

371 2589 450 2649 vit
480 2607 549 2649 ex
579 2589 690 2648 hac
721 2585 858 2646 vita.

451 2675 725 2740 Llll.Sed
749 2683 881 2756 post
904 2674 1035 2754 ejus
1064 2671 1381 2735 adventum
1418 2671 1724 2733 monachis
1755 2679 1812 2732 et
1837 2690 2008 2733 mun-

373 2767 548 2829 danis
575 2766 679 2846 qui
705 2767 975 2837 aderant,
1010 2771 1066 2824 et
1099 2762 1378 2824 omnibus
1409 2761 1662 2841 reliquis
1692 2761 1840 2823 dixit
1869 2762 2008 2824 bea-

376 2864 516 2918 tus:
554 2857 868 2919 Daemones
918 2852 1263 2915 hominibus
1309 2852 1668 2925 invidentes,
1727 2871 1760 2911 ο
1789 2852 2006 2914 fratres

375 2946 602 3018 dilecti,
639 2952 927 3026 perpetuo
987 2942 1406 3003 machinantur
1433 2940 1610 3002 nobis
1643 2959 1776 3002 esse
1808 2941 2004 3021 impe-

374 3034 643 3096 dimento
674 3035 737 3094 in
768 3032 940 3094 bonis
968 3030 1275 3112 operibus,
1313 3038 1370 3091 et
1400 3030 1654 3091 maxime
1686 3029 1747 3090 in
1782 3039 2064 3112 tempe-C

369 3124 564 3185 rentia
610 3133 670 3185 et
725 3122 1113 3196 continentia,
1168 3120 1624 3200 humilitateque
1663 3129 1721 3181 et
1772 3120 2005 3182 beneﬁ-

373 3213 590 3287 centia,
623 3213 1010 3293 orationeque
1043 3219 1102 3272 et
1131 3211 1392 3285 silentio,
1429 3209 1794 3286 lenitateque
1822 3218 1878 3272 et
1910 3229 2007 3290 pa-

371 3303 603 3380 tientia,
641 3321 902 3383 paceque
935 3311 994 3363 et
1028 3299 1736 3380 tolerantia,etcharitate
1767 3299 1824 3360 in
1861 3319 2004 3380 pro-

377 3395 626 3471 ximum,
659 3412 775 3474 qua
807 3392 957 3454 nihil
991 3398 1079 3452 est
1110 3391 1322 3470 majus.
1385 3389 1692 3469 Ol'jiciunt
1742 3391 1898 3451 enim
1931 3391 2006 3452 iis

371 3485 640 3562 quidem,
697 3483 800 3558 qui
852 3481 1054 3542 volunt
1107 3498 1238 3540 esse
1274 3488 1701 3559 temperantes,
1737 3479 2006 3542 diversas

372 3575 654 3655 quasdam
691 3584 747 3632 et
777 3573 932 3632 inter
958 3589 1023 3632 se
1054 3571 1466 3649 discrepantes
1496 3568 1752 3648 species,
1777 3577 1834 3630 et
1863 3588 2004 3630 cor-

373 3664 537 3746 poris
570 3663 962 3724 titillationes:
1004 3660 1303 3740 quomodo
1337 3658 1512 3720 etiam
1540 3657 1998 3736 abstinentibus,

368 3754 592 3816 ventris
623 3752 1017 3832 appetitiones
1052 3771 1064 3812 :
1102 3759 1160 3810 et
1200 3749 1296 3820 iis,
1333 3749 1432 3828 qui
1463 3747 1667 3809 volunt
1698 3748 2003 3810 humiliter

372 3844 446 3905 de
477 3862 541 3904 se
572 3843 820 3918 sentire,
882 3858 1090 3902 vanam
1140 3838 1388 3918 gloriam
1421 3854 1434 3896 :
1473 3838 1542 3898 iis
1572 3844 1768 3898 autem
1803 3837 1906 3918 qui
1939 3837 2002 3899 in

367 3937 566 3996 animo
600 3934 819 3994 habent
851 3929 1230 4002 benefacere,
1267 3945 1508 3988 suorum
1545 3926 1738 4006 potius
1769 3946 1996 3991 curam:

364 4024 562 4104 iisque
591 4024 690 4103 qui
727 4029 900 4082 orant
924 4029 982 4082 et
1012 4027 1192 4099 agunt
1221 4017 1551 4092 silentium,
1589 4015 1854 4078 diversas
1879 4019 2002 4078 ani-

367 4114 447 4174 mi
481 4109 958 4192 perturbationes
988 4117 1044 4171 et
1088 4105 1528 4169 multitudinem
1589 4118 1852 4166 veterum
1888 4126 1997 4169 ne-

362 4203 657 4283 gotiorum
695 4221 708 4261 :
757 4201 831 4262 iis
860 4217 1000 4262 vero
1034 4197 1134 4278 qui
1166 4215 1230 4258 se
1261 4196 1319 4256 in
1355 4195 1596 4256 lenitate
1627 4206 1910 4258 exercent
1943 4205 2004 4259 et

367 4293 703 4368 toleran'ia,
741 4296 1050 4371 opponunt
1078 4287 1261 4349 animi
1293 4304 1575 4365 angorem
1613 4297 1790 4367 atque
1835 4287 1996 4348 timi-

2111 429 2403 506 τετράποδα
2436 431 2750 495 ἀπελθόντες
2784 434 2870 490 καὶ
2927 439 3025 500 τῆς
3073 437 3324 504 συνήθους
3370 438 3528 494 αὑτοῦ
3576 440 3748 514 εὖχῆς

2107 518 2164 572 ἓν
2195 525 2270 594 τῷ
2302 519 2484 598 κράξαι
2529 519 2844 584 πλειστάκις
2904 524 2980 598 μὴ
3010 525 3292 603 τυχόντες,
3326 526 3413 600 βίᾳ
3442 526 3540 592 τὴν
3571 522 3750 604 θυρίδα

2107 612 2208 677 τῆς
2261 607 2459 676 κέὶλης
2516 608 2882 682 διανοίξαντες,
2947 615 3140 690 ὁρῶσιν
3187 616 3346 672 αὗτὸν
3390 614 3604 694 ἄφωνον
3664 613 3748 669 καί

2109 701 2288 775 πρηνῆ
2347 702 2732 775 κατακείμενον
2767 720 2783 736 ο
2830 703 2917 757 καὶ
2963 699 3206 766 δόξαντες
3273 705 3430 762 αὺτὸν
3491 703 3750 769 τεθνηκέ-

2107 807 2216 863 ναι,
2277 787 2427 851 αὖθις
2480 789 2908 866 καταδραμόντες
2951 805 3069 857 τοῖς
3121 793 3335 858 οἰκείοις
3381 793 3744 870 ἀπήγγειλαν,

2106 877 2161 931 οἳ
2199 877 2288 933 καὶ
2331 877 2640 944 ἀνελθόντες
2697 881 2846 958 εὖρον
2889 883 3047 938 αὐτὸν
3087 883 3327 953 ἡμιθανῆ
3359 881 3582 962 σχεδὸν,
3619 881 3748 957 μηδ’

2105 963 2245 1029 ὅλως
2305 965 2397 1023 νᾶν
2455 965 2686 1035 λαλῆσαι
2743 971 3024 1047 ἰσχύοντα,
3063 969 3201 1026 ἀλλὰ
3231 970 3394 1046 μὸνον
3441 969 3604 1048 αὔρας
3650 993 3745 1045 μ·-

2105 1060 2233 1126 κρᾶς
2288 1055 2447 1123 οὔσης
2503 1061 2662 1117 αὑτοῦ
2691 1061 2810 1138 περί
2840 1061 2938 1127 τὴν
2982 1061 3152 1130 πνοήν
3188 1079 3202 1094 ’
3245 1062 3306 1116 τὸ
3335 1059 3390 1116 δὲ
3427 1063 3588 1135 σῶμα
3648 1063 3741 1118 αὖ·

2102 1144 2193 1200 τοῦ
2278 1147 2748 1222 κατατετρωμένον
2829 1149 3169 1225 θεασάμενοι,
3257 1153 3449 1207 θᾶττον
3532 1148 3744 1225 ἅμαξαν

2102 1237 2541 1310 παραστήσαντες
2596 1238 2915 1295 ἐπιτιθέασιν
2965 1239 3147 1312 αὐτὸν,
3193 1242 3282 1296 καὶ
3338 1239 3554 1318 ἄγουσιν
3616 1240 3744 1308 πρὸς

2101 1325 2192 1380 τὸν
2257 1325 2524 1400 μακάριον
2580 1327 2880 1393 Αύξέντιον,
2941 1327 3040 1393 ’Ὃς
3119 1329 3378 1404 διακύψας
3438 1330 3581 1388 κατᾶ
3648 1329 3744 1394 τὴν

2100 1411 2323 1480 ἐννάτην
2356 1415 2498 1492 ὥραν
2528 1415 2588 1471 ἐκ
2620 1426 2712 1476 τοῦ
2768 1416 2991 1495 θυριδίου
3026 1420 3114 1476 καί
3170 1423 3497 1494 θεασάμενος
3557 1420 3741 1491 αὒτδν,

2102 1503 2404 1582 τρανωτέρᾳ
2433 1512 2500 1582 τῇ
2532 1513 2684 1586 φωνῇ
2716 1506 2896 1584 ἔλεγεν
2930 1522 2948 1540 ⁸
2985 1507 3208 1590 Ἀδελφὲ
3240 1509 3506 1566 Βασίλειε.
3543 1509 3746 1564 Δεύτεσο

2100 1615 2191 1671 ρον
2231 1595 2404 1650 τοίνυν
2458 1597 2616 1651 ,αὒτοῦ
2683 1596 3009 1660 καλέσαντος
3073 1598 3320 1656 κάκείνου
3366 1601 3445 1675 μὴ
3502 1599 3749 1654 ὑπακού-

3422 1690 3516 1744 Σοὶ
3574 1687 3747 1765 λέγω,

2098 1769 2291 1850 ἀδελφὲ
2325 1773 2564 1830 Βασίλειε
2601 1791 2616 1806 ·
2664 1783 2757 1836 τοῦ
2801 1773 2855 1831 δὲ
2897 1779 3068 1856 τάχος
3124 1777 3564 1848 ἂνακαθήσαντος
3614 1798 3747 1856 φησι

2099 1863 2231 1939 πρὸς
2275 1863 2458 1936 αὐτὸν,
2500 1865 2755 1942 ’Λνάστα,
2807 1863 2936 1921 λάϐε
2988 1865 3226 1930 ἓξουσίαν
3255 1868 3390 1923 κατᾶ
3419 1873 3512 1922 τοῦ
3544 1867 3746 1942 nsipi-

2098 1959 2306 2028 ζοντος,
2369 1954 2563 2028 μηκέτι
2625 1953 2806 2020 δεδιὼς
2839 1957 2957 2018 τοὸς
2992 1958 3256 2035 πονηροὺς
3288 1959 3376 2013 καὶ
3407 1955 3746 2026 ἂκαθᾶρτους

2095 2040 2370 2114 δαίμονας.
2417 2041 2749 2102 Ἀναστάντα
2793 2045 2882 2101 οὖν
2950 2047 3108 2104 αὐτὸν
3167 2045 3444 2102 ἐκέλευσεν
3489 2044 3746 2120 μεταλα-

2093 2127 2212 2186 ϐεῖν
2268 2139 2360 2188 τοῦ
2415 2134 2594 2208 τιμίου
2645 2135 2896 2210 σώματος
2941 2137 3029 2192 καὶ
3083 2138 3176 2192 τοῦ
3203 2143 3468 2206 ζωοποιού
3499 2135 3745 2210 αἵματος

2092 2229 2184 2278 τοῦ
2244 2223 2430 2294 Κυρίου
2485 2227 2641 2299 ἡμῶν
2698 2225 2877 2292 Ἰησοῦ
2935 2233 3185 2304 Χριστοῦ,
3253 2229 3336 2283 καὶ
3392 2229 3744 2304 παραχρῆμα

2094 2313 2440 2392 ὑποστρέφειν
2469 2313 2632 2371 πάλιν
2663 2315 2736 2380 εἰς
2786 2317 2873 2371 τὸν
2918 2317 3074 2373 αὐτὸν
3127 2318 3312 2374 τόπον.
3354 2316 3454 2379 ’⁷ος
3486 2315 3745 2372 ἀπελθὼν

2095 2402 2182 2457 καὶ
2235 2403 2457 2477 τοιούτῳ
2513 2404 2694 2482 τρέπῳ
2771 2405 2964 2479 μηκέτι
3050 2408 3369 2485 πειρασθείς,
3443 2405 3499 2460 ἐν
3561 2403 3747 2483 τρισίν

2093 2490 2264 2548 ἔτεσιν
2321 2493 2573 2570 γενναίως
2632 2493 2898 2575 ἀσκήσας,
2957 2495 3012 2551 ἐν
3071 2498 3257 2574 εἰρήνῃ
3315 2493 3588 2573 μετῆλθεν
3655 2496 3746 2551 τὸν

2089 2579 2215 2657 τῇδε
2244 2583 2382 2657 βίον,

2173 2662 2300 2734 ΝΓ’.
2339 2671 2506 2728 Ἀλλὰ
2541 2674 2680 2749 μετὰ
2721 2675 2817 2741 τὴν
2874 2673 3047 2754 ἄφιξιν
3093 2675 3280 2732 τούτου
3332 2688 3453 2739 τοῖς
3515 2679 3747 2752 παροῦσι

2094 2773 2364 2840 μοναχοτς
2413 2764 2496 2819 καὶ
2531 2777 2823 2839 κοσμικοῖς
2855 2767 2942 2821 καὶ
2974 2771 3103 2822 πᾶσι
3146 2779 3266 2829 τοῖς
3301 2764 3523 2827 λοιποῖς
3558 2764 3746 2841 ἔλεγεν

2089 2855 2118 2908 ὁ
2149 2856 2436 2932 μακάριος,
2501 2856 2561 2912 Οἱ
2621 2853 2866 2930 δαίμονες
2926 2855 3300 2932 βασκαίνοντες
3340 2861 3418 2929 τῷ
3448 2855 3739 2933 ἀνθρώπῳ,

2089 2939 2309 2997 ἀδελποὶ
2370 2942 2663 3023 ἀγαπητοὶ,
2725 2943 2806 3000 διὰ
2863 2945 3078 3001 πάντων
3135 2945 3493 3024 μηχανῶνται
3523 2964 3740 3022 παρεμ-

2090 3028 2268 3087 ποδὼν
2296 3033 2434 3102 ἡμῖν
2477 3032 2532 3088 ἐν
2575 3047 2694 3098 τοῖς
2732 3033 2956 3112 ἀγαθοῖς
3007 3033 3245 3111 γενέσθαι
3279 3033 3477 3114 ἔργοις,
3513 3035 3608 3088 καὶ
3639 3032 3738 3108 μά-

2090 3119 2246 3176 λιστα
2302 3120 2357 3177 ἔν
2408 3142 2465 3176 τε
2522 3128 2589 3198 τῇ
2647 3123 2963 3202 σωφροσύνῃ
3008 3125 3096 3180 καὶ
3130 3123 3433 3202 ἐγκρατείᾳ,
3466 3144 3731 3179 ταπεινο-

2089 3210 2322 3290 φροσύνῃ
2379 3231 2436 3266 τε
2496 3213 2584 3268 καὶ
2644 3212 2880 3285 εὖποιῖᾳ,
2939 3211 3037 3268 καί
3069 3217 3348 3292 προσευχῇ
3379 3214 3466 3267 καὶ
3495 3213 3729 3290 ἡσυχίᾳ,

2088 3301 2335 3377 ὑπομονῇ
2389 3321 2445 3356 τε
2492 3302 2589 3358 καί
2643 3302 2998 3379 μακροθυμίᾳ,
3047 3302 3231 3380 εἰρήνῃ
3272 3323 3328 3357 τε
3387 3303 3476 3357 καὶ
3555 3301 3733 3367 ἀνεξι-

2088 3391 2268 3464 κακίᾳ,
2329 3392 2415 3446 καὶ
2472 3396 2541 3467 τῇ
2579 3393 2710 3468 πρὸς
2764 3393 2856 3447 τὸν
2901 3389 3131 3458 πλησίον
3183 3388 3390 3470 ἀγάπῃ,
3443 3391 3512 3458 ἧς
3547 3399 3735 3466 μεῖζοδ

2087 3477 2235 3537 οὐδέν
2269 3499 2282 3512 ⁶
2324 3478 2737 3560 ἀνθυποφέρουσι
2768 3481 2868 3560 γὰρ
2899 3493 3015 3546 τοῖς
3065 3482 3162 3556 μὲν
3221 3478 3574 3556 βουλομένοις
3623 3502 3733 3536 σω-

2088 3581 2302 3649 φρονεῖν
2362 3566 2528 3631 εἰδέας
2583 3570 2730 3633 τινὰς
2789 3567 3067 3649 διαφόρους
3155 3572 3244 3624 καὶ
3313 3567 3734 3639 ἀκαταλλήλως

2085 3661 2172 3715 καὶ
2210 3658 2614 3738 γαργαλισμοὺς
2674 3662 3035 3735 σωματικοὺς,
3095 3659 3349 3722 ὡσαύτως
3378 3671 3498 3723 τοῖς
3532 3659 3731 3738 ἐγκρα-

2083 3748 2197 3805 τέσι
2254 3750 2349 3811 τὰς
2411 3754 2510 3816 τῆς
2567 3747 2772 3812 κοιλίας
2832 3747 3025 3827 ὀρέξεις
3080 3750 3169 3804 καὶ
3217 3761 3334 3814 τοῖς
3362 3769 3731 3829 ταπεινοφρο-

2085 3850 2198 3894 νεϊν
2257 3837 2462 3894 θέλουσι
2521 3839 2618 3905 τὴν
2676 3835 2972 3904 κενοδοξίαν
3010 3854 3024 3868 ⁸
3075 3852 3195 3904 τοῖς
3224 3835 3280 3893 δὲ
3313 3838 3616 3905 εύποιῆσαι
3644 3838 3732 3894 θέ-

2084 3926 2264 3983 λουσιν
2342 3924 2808 4002 διασκεπτομὲνοις
2887 3928 2986 3992 τὴν
3065 3927 3168 3983 τῶν
3252 3926 3461 3982 οἰκείων
3520 3926 3730 4002 μᾶλλον

2085 4016 2402 4090 κηδεμονίαν
2435 4037 2451 4052 ο
2513 4030 2631 4081 τοῖς
2676 4014 2730 4072 δὲ
2788 4015 3248 4096 προσευχόμένοις
3279 4015 3377 4071 καί
3408 4016 3728 4094 ἡσυχάζου-

2084 4128 2165 4162 σιν
2215 4103 2554 4183 ῥεμϐασμοὺς
2633 4103 2913 4185 διαφόρους
2974 4107 3058 4162 καὶ
3126 4103 3333 4172 πλῆθος
3392 4105 3729 4182 πραγμάτων

2081 4196 2322 4274 ἀρχαίων
2353 4213 2368 4230 ο
2430 4198 2517 4250 καὶ
2592 4208 2710 4260 τοῖς
2789 4195 2843 4251 ἐν
2926 4196 3170 4271 ὑπομονη
3227 4196 3317 4250 καὶ
3389 4197 3726 4270 μακροθυμίᾳ

2080 4285 2427 4360 ἆσκουμένοις
2487 4285 2778 4351 ἂντιτίθησι
2820 4284 2920 4352 τὴν
2977 4283 3198 4352 ἀκηδίαν
3259 4283 3347 4339 καὶ
3391 4280 3593 4340 δειλίαν
3639 4289 3723 4340 καὶ

363 4384 703 4456 ditatem,et
735 4370 972 4443 omnem
1003 4396 1168 4439 suam
1196 4376 1642 4457 improbitatem
1674 4393 1686 4437 :
1727 4376 1854 4456 paci
1885 4396 1993 4438 au-

2173 4397 2253 4431 ιαν
2303 4376 2403 4441 τὴν
2435 4375 2632 4430 οἰκείαν
2664 4374 2921 4452 πονηρίαν
2955 4390 2968 4404 ⁸
3006 4379 3074 4450 τῇ
3118 4374 3304 4450 εἰρήνῃ
3333 4370 3386 4428 δὲ
3416 4374 3507 4428 καὶ
3539 4372 3718 4439 ἀνεξι-

359 4481 478 4532 tem
515 4481 574 4533 et
603 4471 926 4550 patientiaz,
975 4468 1174 4529 odium
1231 4475 1288 4528 et
1335 4465 1831 4542 malevolentiam,
1887 4485 1995 4546 per

2173 4465 2236 4536 ιίᾳ
2289 4465 2387 4532 τὴν
2444 4463 2826 4543 μνησικακίαν,
2872 4461 2940 4519 δι’
3001 4463 3066 4532 ἧς
3121 4461 3256 4536 μετά
3309 4463 3369 4518 τὸ
3428 4463 3567 4536 πρὸς
3627 4465 3714 4518 τὸν

365 4580 538 4643 quam
573 4561 768 4642 perdit
796 4578 951 4634 eam,
983 4576 1117 4638 qum
1139 4564 1227 4618 est
1254 4559 1310 4616 in
1343 4555 1988 4632 Christo,cliaritatem,

359 4663 417 4714 et
449 4670 682 4727 omnes,
719 4659 783 4711 ut
833 4649 1019 4710 semel
1071 4647 1288 4720 dicam,
1322 4646 1550 4706 fructus
1579 4649 1762 4706 sancti
1795 4643 1990 4726 Spiri—

361 4753 476 4818 tus,
518 4760 668 4824 quos
699 4737 1068 4803 enumeravit
1097 4735 1415 4818 Apostolus
1439 4733 1517 4811 99,
1557 4753 1662 4814 per
1693 4736 1992 4797 contraria

357 4842 650 4895 conantur
675 4827 1090 4893 evertere.Sed
1126 4825 1228 4908 qui
1257 4833 1394 4887 sunt
1422 4825 1632 4886 muniti
1656 4825 1842 4903 gratia
1878 4829 1988 4887 Do-

357 4924 499 4985 mini
534 4921 721 4984 nostri
779 4923 920 4983 .lesu
952 4917 1194 4990 Christi,
1239 4925 1590 4996 permanent
1619 4913 1982 4977 immobiles.

352 5011 754 5084 Quamobrem
789 5028 908 5071 non
934 5015 1024 5069 est
1049 5005 1409 5080 mirandum,
1437 5003 1672 5085 quando
1702 5023 1819 5066 non
1853 5003 1983 5086 pla-

349 5104 440 5181 gis
470 5102 890 5164 conscindunt.
946 5095 1192 5169 Quando
1250 5094 1410 5156 enim
1459 5112 1564 5175 per
1593 5093 1984 5174 cogitationes

349 5201 414 5253 et
467 5192 734 5269 reliquas
764 5188 1031 5270 corporis
1068 5184 1544 5267 perturbationes
1575 5203 1691 5245 non
1741 5192 1984 5264 possunt

347 5299 456 5343 nos
485 5281 831 5356 deturbare,
866 5287 1008 5340 tunc
1041 5293 1147 5358 per
1181 5293 1245 5338 se
1267 5275 1724 5337 exercitatorum
1760 5280 1986 5336 terrent

345 5372 718 5454 petitionem.

421 5527 482 5580 ‘3
511 5529 700 5593 Galat.
734 5546 796 5596 v.

2074 4553 2301 4620 π)ησίον
2364 4566 2526 4626 μῖσος
2581 4551 3028 4628 καταλυμαίνεται
3071 4553 3171 4620 τὴν
3221 4555 3276 4608 ἑν
3329 4557 3543 4630 Χριστῷ
3575 4551 3710 4631 ἀγέ-

2076 4666 2181 4710 πην
2238 4644 2326 4699 καὶ
2383 4642 2556 4700 πάντα
2612 4641 2666 4697 δὲ
2727 4644 2800 4706 ὡς
2834 4640 2894 4698 ἄν
2940 4664 3020 4705 τις
3072 4637 3379 4712 συλλήϐδην
3411 4640 3562 4696 εἴποι
3593 4642 3708 4706 τοὺς

2068 4735 2163 4788 τοῦ
2230 4733 2378 4810 ἁγίου
2438 4732 2742 4806 Πνεύματος
2818 4733 3077 4808 καρποὺς,
3136 4732 3224 4794 οὒς
3281 4731 3309 4785 ὁ
3375 4728 3707 4795 Ἀπὸστολος

2070 4823 2485 4901 ἆπηριθμὴσατο
2538 4822 2852 4900 ἀνατρέπειν
2909 4819 2992 4878 διὰ
3041 4827 3150 4878 τῶν
3201 4820 3525 4876 ὑπεναντίων
3581 4841 3705 4876 πει-

2068 4919 2286 4989 ρῶνται.
2336 4909 2488 4967 Ἀλλ’
2531 4911 2580 4967 οἱ
2623 4917 2691 4987 τῇ
2719 4913 2904 4992 χάριτι
2935 4917 3028 4967 τοῦ
3061 4915 3312 4988 Σωτῆρος
3343 4909 3500 4983 ἡμῶν
3532 4910 3707 4976 ἰησοῦ

2071 5007 2298 5078 Χριστοῦ
2353 5002 2756 5080 τετειχισμένοι
2815 5001 3055 5065 ἀκλινετς
3129 4998 3464 5075 διαμένουσιν
3499 5015 3514 5029 ·
3591 4999 3704 5055 ὅθεν

2067 5094 2126 5148 οὗ
2181 5091 2292 5170 χρὴ
2343 5092 2652 5165 θαυμάζειν,
2687 5090 2838 5148 ὁπότ’
2877 5091 2940 5145 ἃν
2971 5091 3060 5147 καί
3091 5087 3333 5167 πληγαῖς
3363 5091 3500 5162 ἡμᾶς
3530 5111 3702 5146 καταο

2065 5181 2377 5242 κόπτουσιν,
2410 5179 2579 5237 ’Ὅταν
2610 5179 2710 5258 γὰρ
2739 5179 2824 5236 διὰ
2855 5182 2959 5237 τῶν
3011 5181 3228 5236 ἒννοιῶν
3275 5180 3361 5234 καὶ
3417 5185 3527 5234 τῶν
3587 5178 3702 5234 λοι-ι

2067 5276 2182 5328 πῶν
2237 5275 2558 5345 σωματικῶν
2591 5273 2770 5326 παθῶν
2821 5270 2898 5347 μὴ
2948 5268 3225 5344 δυνάμενοι
3280 5268 3406 5343 ὦσι,
3459 5269 3584 5327 τοτε
3638 5266 3701 5327 δι’

2067 5361 2269 5420 ἑαυτῶν
2299 5359 2570 5441 πρόσεισιν
2600 5355 2945 5444 ἐκφοϐοῦντες
2968 5358 3090 5425 τοὺς
3111 5357 3372 5430 ἀσκητάς,
