3932 6140
178 375 358 447 1495

1501 381 1683 454 VITA
1731 381 1792 451 Β.
1835 381 2244 452 AUXENTII.

3401 365 3554 438 1426

268 514 398 577 NA’
411 560 426 577 .
463 517 530 577 Οἳ
559 511 871 580 πλειστάκις
911 519 987 590 τῷ
1015 516 1224 594 σημείῳ
1253 524 1344 580 τοῦ
1375 529 1599 601 σταυροῦ
1628 542 1787 601 καταρ

1996 517 2262 593 LIV.Qui
2285 514 2612 600 saepissime
2631 513 2799 596 signo
2819 511 3013 578 crucis
3034 506 3550 601 repressi,dellent

175 608 452 683 γούμενοι
522 607 622 675 τὴν
692 610 858 676 ἧτταν
939 605 1288 686 ἀποδύρονται
1346 613 1434 668 καὶ
1489 611 1834 684 ὀλολύζοντες

176 697 553 777 ἀπέρχονται.
618 689 812 771 Ἡμεῖς
871 698 960 752 οῦν
1019 699 1096 772 μὴ
1143 697 1397 777 ἐνδὼμεν,
1447 701 1687 760 κάκεῖνοι
1747 699 1836 755 ἒν-

175 786 479 862 τρέπονται
511 802 525 818 '
584 788 750 861 ἡμεῖς
811 787 1165 868 ἀντιστιῦμεν,
1257 791 1502 848 κάκεῖνοι
1561 787 1832 848 καταϐάλ-

175 874 380 932 λονται
417 893 431 907 ⁶
467 878 633 948 ἡμεῖς
691 877 782 931 τὸν
828 876 1013 952 Κύριον
1073 877 1525 957 επικαλεσόμεθα,
1558 881 1646 938 καὶ
1689 887 1835 937 πᾶσα

172 965 362 1040 βουλὴ
410 965 580 1021 αὗτῶν
641 962 1058 1036 διασκεδάζεται,
1109 966 1332 1025 Στάδιον
1380 971 1482 1049 γάρ
1540 971 1689 1027 ἐστΐν
1744 961 1834 1027 καὶ

175 1053 418 1120 ἄθλησις
472 1055 560 1111 καί
606 1054 890 1131 μαρτύριον
939 1057 966 1111 6
1015 1055 1128 1132 βίος
1159 1061 1353 1124 παντὸς
1386 1060 1700 1139 Χριστιανοῦ
1743 1067 1833 1116 τοῦ

174 1145 323 1201 κατά
371 1145 468 1208 τὰς
512 1143 730 1207 ἐντολὰς
787 1151 878 1200 τοῦ
937 1151 1193 1222 Σωτῆρος
1230 1152 1378 1221 ἡμῶν
1411 1149 1831 1227 προαιρουμένου

174 1235 531 1306 πορεύεσθαι,
579 1232 814 1307 μάλιστα
860 1231 915 1289 δὲ
965 1236 1058 1290 τὸν
1104 1235 1157 1292 ἐν
1213 1241 1294 1310 τῷ
1337 1241 1558 1317 μονήρει
1619 1243 1826 1315 σκοπῷ,

176 1327 250 1388 ὡς
299 1327 399 1380 καὶ
457 1325 484 1380 6
547 1322 880 1386 Ἀπόστολός
926 1346 1114 1405 φησιν,
1160 1324 1241 1382 ὅτι
1301 1329 1409 1384 Οὖκ
1444 1328 1584 1385 ἔστιν
1613 1331 1749 1406 ἡμῖν
1791 1333 1825 1400 ἡ

175 1413 336 1480 πάλη
386 1416 520 1490 πρὸς
559 1413 701 1488 αἷμα
752 1413 842 1468 καὶ
899 1413 1090 1491 σάρκα,
1151 1414 1288 1472 ἀλλά
1340 1419 1471 1495 πρὸς
1503 1419 1597 1482 τὰς
1629 1419 1821 1500 ἀρχὰς,

174 1507 315 1581 πρὸς
375 1505 472 1568 τάς
548 1502 808 1574 ἐξουσίας,
869 1505 1001 1580 πρὸς
1059 1506 1181 1570 τοὺς
1238 1509 1678 1586 κοσμοκράτορας
1735 1517 1826 1566 τοῦ

175 1595 442 1671 σκότους,
486 1595 618 1670 πρὸς
681 1593 746 1648 τά
802 1595 1136 1666 πνευματικά
1175 1595 1272 1662 τῆς
1327 1598 1586 1676 πονηρίας
1621 1613 1636 1628 ·
1685 1621 1826 1678 παρ-

176 1690 365 1763 εγγυῶ
412 1681 467 1739 δὲ
519 1685 649 1758 ὑμῖν
707 1680 881 1758 λέγων
915 1701 928 1715 ⁶
989 1681 1311 1743 Ἐνδύσασθε
1371 1687 1470 1754 τὴν
1527 1686 1826 1745 πανοπλίαν

173 1782 272 1831 τοῦ
337 1779 472 1830 Θεοῦ
515 1773 647 1851 πρὸς
696 1773 756 1828 τὸ
805 1768 1048 1829 δύνασθαι
1111 1775 1418 1844 ἀντιστῆναι
1478 1791 1603 1841 ταῖς
1663 1781 1827 1853 μεθο-

1917 628 1980 672 se
2005 628 2136 672 esse
2151 599 2492 672 victos.Nos
2508 626 2648 688 ergo
2668 625 2743 668 ne
2761 604 3132 678 cedamus,et
3155 601 3238 664 illi
3259 599 3553 681 dejiciun-

1920 708 2152 762 tur:nos
2170 699 2605 770 resistamus,et
2622 696 2704 760 illi
2729 702 3215 770 evertuntur;nos
3230 690 3548 755 Dominum

1918 793 2353 864 invocemus,et
2381 788 2706 867 dissipatur
2735 786 3074 847 universum
3107 799 3312 844 eorum
3348 777 3550 840 consi-

1919 881 2089 943 lium.
2122 877 2221 940 Est
2244 881 2399 940 enim
2425 877 2705 951 stadium,
2742 883 3042 938 certamen
3084 879 3144 934 et
3175 869 3546 948 martyrium,

1917 970 2031 1031 vita
2065 967 2382 1048 cujuslibet
2411 966 2756 1038 Christiani,
2785 968 2880 1045 qui
2913 964 3037 1025 vult
3065 959 3297 1041 ingredi
3327 975 3549 1048 contie-

1917 1046 2156 1121 nienter
2179 1060 2491 1138 prmceptis
2515 1056 3129 1118 nostriServatoris:et
3147 1046 3471 1125 maximeej
3484 1064 3548 1107 us

1917 1149 2018 1230 qui
2052 1156 2138 1210 est
2168 1145 2421 1224 insignis
2452 1147 2512 1208 in
2557 1146 2674 1206 vita
2725 1144 3075 1215 monastica,
3116 1149 3177 1200 ut
3208 1139 3349 1199 dicit
3375 1139 3546 1216 Apo-

1912 1227 2098 1300 stolus
2125 1237 2188 1287 30
2223 1254 2235 1299 :
2274 1261 2296 1294 τ
2337 1237 2466 1298 Non
2527 1243 2616 1297 est
2673 1235 2845 1296 nobis
2888 1229 3226 1295 colluctatio
3259 1227 3546 1289 adversus

1911 1327 2264 1405 sanguinem
2290 1325 2732 1400 etcarnem,sed
2748 1324 3029 1385 adversus
3045 1314 3548 1402 principatus,ad-

1912 1436 2115 1479 versus
2139 1424 2482 1495 potestates,
2509 1416 2788 1476 adversus
2832 1409 3134 1492 principes
3157 1407 3543 1468 tenebrarum

1911 1507 2117 1568 mundi
2141 1493 2353 1587 hujus.
2396 1531 2416 1562 ι
2457 1505 2745 1583 Praecipio
2776 1512 2973 1565 autem
2999 1493 3547 1587 vobis,dicens:

1910 1599 2071 1660 duite
2111 1584 2472 1660 armaturam
2497 1594 2602 1657 Dei
2627 1601 2690 1654 ut
2740 1592 2974 1672 possitis
2997 1589 3282 1651 resistere
3310 1584 3545 1646 insidiis

1911 1686 2156 1757 diaboli,
2195 1694 2252 1747 et
2282 1685 2532 1746 loricam
2569 1682 2797 1752 ﬁdei,et
2829 1679 3054 1757 galeam
3089 1675 3384 1748 salutis,et
3414 1673 3544 1752 gla-

1911 1776 2074 1838 dium
2105 1775 2350 1856 spiritus
2368 1774 2544 1835 docet
2576 1772 2705 1852 ipse
2722 1771 2777 1821 51
2807 1789 2914 1834 uos
2945 1767 3256 1849 possidere
3291 1782 3306 1827 :
3340 1773 3406 1824 ut
3441 1780 3547 1844 per

175 1863 348 1929 δείαις
391 1870 486 1919 τοῦ
517 1859 791 1940 διαϐόλου,
819 1863 910 1918 καὶ
939 1864 1030 1918 τὸν
1059 1863 1272 1942 θώρακα
1329 1864 1383 1921 δὲ
1424 1871 1524 1934 τῆς
1568 1870 1787 1931 πίστεως

1923 1868 2037 1927 haec
2068 1865 2281 1927 invicta
2311 1882 2496 1935 arma,
2533 1880 2666 1942 qua:
2691 1880 2807 1922 non
2833 1859 3052 1922 cadunt
3075 1856 3186 1919 sub
3210 1861 3543 1934 aspectum,

174 1955 266 2009 καὶ
324 1953 431 2019 τὴν
488 1949 905 2030 περικεραλαῖαν
961 1959 1056 2008 τοῦ
1113 1955 1400 2032 σωτηρίου⁷
1467 1957 1551 2014 καὶ
1600 1959 1787 2032 τὴνμε

1923 1956 2265 2018 resistamus
2286 1950 2744 2032 cogitationibus
2769 1968 2900 2030 qua:
2930 1946 3114 2007 videri
3150 1951 3547 2022 nequeunt,et

175 2063 385 2121 χαιραν
471 2048 564 2098 τοῦ
648 2039 956 2114 πνεύματος
1035 2039 1190 2106 αῦτὸς
1270 2041 1500 2100 διδάσκει
1575 2044 1787 2112 ἐκτῆσθε

1923 2063 2021 2125 per
2047 2063 2145 2106 eas
2179 2043 2463 2116 inimicis,
2495 2039 2795 2122 quomodo
2826 2039 2974 2099 dicit
2998 2037 3058 2087 59
3091 2054 3104 2098 :
3141 2034 3546 2113 Cogitationes

172 2132 352 2206 ἡμᾶς,
418 2128 555 2185 ὥστε
615 2125 700 2184 διά
750 2135 874 2195 τῶν,
915 2131 1171 2187 τοιούτων
1225 2131 1466 2210 ἀοράτων
1500 2135 1584 2192 καὶ
1615 2136 1787 2207 ἀηττή

1923 2135 2291 2196 iestruentes
2347 2141 2404 2193 ct
2433 2149 2672 2193 onmem
2705 2128 3103 2200 altitudinem,
3139 2143 3269 2205 qua:
3301 2124 3546 2201 erigitur

174 2233 285 2278 των
350 2217 535 2275 ὅπλων
592 2218 1137 2294 ἀντιπαρατάττεσθαι
1191 2222 1336 2296 ἡμᾶς
1407 2236 1523 2289 τοῖς
1580 2225 1787 2304 ἀορέτυι

1923 2223 2190 2285 tdversus
2220 2221 2324 2284 Dei
2357 2221 2765 2290 scientiam,et
2797 2235 3032 2278 omnem
3059 2222 3374 2291 cogitatum
3409 2231 3544 2293 cap-

175 2309 497 2388 λογισμοῖς,
545 2306 749 2364 καὶδιά
792 2307 992 2364 τούτων
1037 2322 1152 2374 τοῖς
1193 2309 1435 2390 ἐχθροῖς,
1471 2314 1603 2369 καθά
1635 2338 1819 2394 φησιν,

174 2398 479 2476 λογισμοὺς
534 2400 906 2474 καθαιροῦντες
969 2398 1062 2453 καί
1109 2404 1213 2455 πᾶν
1271 2399 1470 2476 ὕψωμα
1525 2405 1820 2480 ἐπαιρόμε..

178 2510 268 2544 νον
327 2489 471 2544 κατά
527 2491 627 2553 τῆς
684 2486 934 2563 γνώσεως
1005 2493 1097 2542 τοῦ
1155 2495 1286 2544 Θεοῦ
1335 2492 1422 2546 καὶ
1482 2497 1585 2548 πᾶν
1646 2494 1822 2569 νόημα

176 2575 678 2657 αἰχμαλωτίζοντες
735 2577 807 2640 εἷς
849 2576 950 2641 τὴν
996 2577 1236 2643 ὑπακοὴν
1299 2578 1390 2634 τοῦ
1436 2584 1664 2658 Χριστοῦ
1735 2587 1822 2640 τοῦ

173 2673 440 2727 νικῶντος
484 2665 565 2719 ἀεὶ
609 2664 664 2720 ὲν
707 2669 775 2738 τῇ
815 2663 1050 2742 ἡμετέρᾳ
1103 2663 1346 2737 ἀσθενείᾳ
1400 2668 1462 2722 τὸ
1518 2666 1821 2726 διαϐολικὸν

1905 2313 2158 2375 tivantes
2177 2311 2249 2373 ad
2270 2309 2480 2374 Christi
2510 2307 2938 2379 obedientiam,
2967 2305 3068 2386 qui
3092 2319 3332 2381 semper
3363 2302 3543 2362 vincit

1905 2403 1963 2465 in
2013 2410 2213 2464 nostra
2251 2399 2664 2462 imbecillitate
2709 2395 3067 2458 diabolicam
3114 2391 3448 2462 audaciam,
3485 2400 3544 2452 et

1903 2512 2021 2555 non
2041 2491 2335 2572 permittit
2357 2508 2460 2549 nos
2482 2487 2694 2549 tentari
2719 2496 2902 2558 supra
2929 2483 2986 2544 id
3011 2481 3165 2563 quod
3200 2499 3537 2561 possumus,

1905 2583 2012 2646 sed
2047 2580 2269 2661 pr‘ebet
2293 2585 2567 2640 eventum
2598 2595 2706 2658 per
2737 2573 3132 2642 tolerantiam,
3161 2581 3227 2661 ut
3259 2589 3365 2630 nos
3400 2586 3541 2661 pos-

1903 2658 2090 2734 simus
2119 2666 2594 2730 sustinere.Nam
2629 2665 2860 2745 absque
2893 2663 3022 2741 ejus
3053 2660 3268 2721 auxilio
3305 2677 3411 2719 nos
3445 2658 3540 2720 in-

172 2756 372 2832 θράσος
453 2756 542 2810 καὶ
606 2753 683 2826 μὴ
782 2755 1191 2831 συγχωροῦντος
1269 2756 1606 2830 πειράζεσθαι
1677 2761 1787 2835 ἡμᾶ

1923 2761 2059 2824 irmi
2093 2769 2149 2822 et
2179 2757 2555 2832 imbecilli,et
2577 2753 2886 2835 quibusvis
2913 2749 3252 2813 volucribus
3273 2755 3334 2811 et
3367 2766 3544 2827 pecu-

173 2845 307 2922 ὑπὲρ
356 2844 388 2900 ὃ
431 2842 718 2918 δυνάμεθα,
777 2841 917 2897 ἀλλά
971 2842 1306 2922 παρέχοντος
1349 2847 1448 2912 τὴν
1499 2845 1714 2906 ἔκϐασιν
1755 2849 1782 2906 δ

1923 2851 2080 2912 libus
2110 2855 2281 2928 captu
2307 2844 2866 2923 faciliores.Dignati
2895 2849 3090 2904 autem
3127 2839 3256 2917 ejus
3287 2837 3539 2914 auxilio,

172 2935 482 3011 ὅλομθνῆςθ
517 2935 647 3008 πρὸς
679 2932 740 2988 τ’)
770 2930 1014 2988 δῦνίῖσθκι
1071 2935 1216 3007 ἡμᾶς
1273 2935 1612 3014 ὑπενεγκεῖν,
1657 2939 1785 2997 ’Ἄγε

1923 2941 2008 3021 lui
2039 2935 2564 3030 imbecilli,forte_s:
2589 2935 2689 3016 qui
2717 2927 3249 3030 abiectpgloriosi‘:
3278 2927 3379 3007 qui

172 3025 274 3102 γὰρ
337 3027 439 3090 τῆς
472 3024 633 3080 αὖτοῦ
659 3021 910 3111 βοηθείας
943 3021 1186 3086 ἀσθενεῖς
1237 3025 1399 3097 ἡμεῖς
1447 3028 1536 3084 καὶ
1590 3029 1782 3111 ἀνίσχυ

1923 3015 2058 3104 Ῑθηί,
2093 3027 2390 3099 (celestes,
2427 3025 2526 3105 qui
2588 3022 2890 3095 mortales,
2927 3017 3295 3080 immortales
3331 3015 3538 3076 reddi-

174 3133 280 3189 ροι,
328 3113 421 3168 καὶ
476 3114 690 3166 πάντων
753 3107 947 3187 σχεδὸν
997 3117 1218 3176 πτηνῶν
1244 3115 1332 3168 καὶ
1367 3121 1579 3182 κτηνῶν
1608 3107 1783 3176 eam)

1923 3137 2040 3180 nur
2097 3135 2204 3198 per
2263 3113 2700 3176 multitudinem
2763 3112 2894 3190 ejus
2953 3108 3429 3181 miserationum,
3485 3113 3543 3166 et

172 3200 390 3276 τότεροι
427 3216 443 3234 ⁶
501 3199 799 3272 ἀξιούμενοι
859 3195 914 3252 δὲ
971 3199 1068 3266 τῆς
1124 3200 1285 3256 αὐτοῦ
1367 3203 1699 3278 ἐπικουρείας
1771 3233 1787 3266 ε

1923 3195 2113 3270 eterni
2141 3208 2308 3284 regni
2339 3203 2612 3265 haeredes
2637 3201 2958 3263 efﬁcimur.

172 3289 424 3352 ἀσθενεῖς
475 3289 706 3377 ὶσχυροὶ,
743 3289 790 3343 οἱ
845 3283 1026 3361 ἄτιμοι
1087 3286 1305 3377 EvBoEoe,
1340 3293 1385 3346 οἶ
1445 3295 1626 3369 γήϊνοι
1684 3297 2012 3377 ἐπουράνιοι,
2046 3299 2092 3353 οἱ
2146 3283 2326 3362 θνητοὶ
2380 3295 2628 3350 ἀθάνατοι
2685 3290 2820 3347 κατά
2889 3290 2950 3344 τὸ
3005 3285 3206 3353 πλῆθος
3237 3284 3342 3342 τῶν
3387 3285 3544 3340 αὒτοῦ

172 3379 469 3456 οἰκτιρμῶν
499 3375 911 3452 ἀναδεικνὸμεθα
942 3377 1030 3433 καὶ
1061 3375 1387 3457 κληρονόμοι
1422 3383 1631 3443 αἰωνίου
1673 3375 1948 3462 βασιλείας
1979 3375 2253 3465 γινόμεθα,
3310 3382 3315 3386 ’

1662 3509 1906 3576 CAPUT
1951 3511 2052 3575 1X.

258 3609 481 3676 Cultus
511 3610 761 3674 divinus
794 3627 831 3672 a
861 3607 932 3673 S.
969 3611 1274 3698 Auxentio
1303 3610 1449 3676 aliis
1478 3619 1898 3698 prasert’ptus.
1935 3620 2100 3682 Mors
2129 3616 2198 3681 S.
2245 3615 2553 3680 Simeonis
2583 3611 2844 3694 Sig/litae,
2878 3611 3130 3691 aliaque
3159 3605 3453 3672 revelata.

1176 3696 1622 3760 Monasterium
1647 3696 2188 3762 satictimonalium
2219 3701 2548 3777 inceptum.

255 3791 393 3864 NF...
457 3791 674 3863 ’ἱκανῶς
759 3801 931 3857 τοίνυν
1001 3798 1366 3880 ὠφελούμενοι
1453 3806 1499 3860 οἱ
1582 3807 1818 3883 γνησίως

171 3893 532 3969 ἀκροώμενοι,
566 3891 842 3968 χαίροντες
900 3892 1191 3968 κατῄεισαν
1247 3891 1690 3970 εὐχαριστοῦντες
1743 3903 1820 3970 τῷ

174 3984 428 4056 Δετπότῃ
458 3987 564 4036 τῶν
592 3977 730 4035 ὅλων
767 3981 856 4035 καὶ
889 3980 1060 4052 Κυρίῳ
1101 3982 1258 4053 ἡμῶν
1309 3979 1489 4047 Ἰησοῦ
1547 3986 1766 4060 Χριστῷ
1799 4001 1812 4015 ⁸

170 4072 259 4128 καὶ
318 4077 476 4126 τοῦτο
506 4067 560 4123 δὲ
605 4066 951 4143 ἀπήγγελλεν
999 4071 1026 4124 6
1071 4069 1358 4150 μακάριος,
1406 4072 1480 4132 ὡς
1541 4073 1618 4146 μὴ
1653 4073 1816 4147 μόνον

172 4161 272 4227 τὴν
335 4158 625 4233 Κυριακὴν²
689 4156 827 4213 ἀ)λά
869 4158 958 4215 καὶ
991 4158 1091 4225 τὴν
1135 4161 1476 4237 παρασκευὴν
1526 4163 1643 4218 καθ’
1683 4162 1814 4220 ἑκά-

173 4272 310 4318 στην
369 4245 634 4321 ἑϐδομάδα
681 4246 996 4326 σχολάζειν,
1044 4249 1088 4304 εἰ
1148 4247 1388 4325 δυνατὸν,
1427 4249 1663 4323 μάλιστα
1694 4255 1815 4316 τοὺς

171 4338 530 4417 εὔποροῦντας
587 4336 683 4403 τῆς
737 4336 1009 4414 ἐφημέρου
1052 4344 1278 4418 τροφῆς,
1330 4341 1429 4404 τὴν
1479 4342 1577 4415 μὲν
1624 4341 1678 4397 ἒν
1709 4365 1814 4409 νη-

173 4431 326 4500 στείᾳ
378 4428 465 4483 καὶ
527 4433 805 4505 προσευχῇ
859 4424 944 4481 διὰ
999 4429 1060 4483 τὸ
1090 4429 1255 4492 πάθος
1283 4435 1375 4486 τοῦ
1404 4432 1678 4507 Σωτῆρος,
1715 4433 1814 4497 τὴν

171 4514 226 4572 δὲ
286 4517 343 4572 ἐν
375 4515 579 4594 aiam-Li;
636 4516 722 4570 καὶ
778 4520 844 4590 τῇ
899 4522 1006 4570 τῶν
1049 4518 1357 4595 μυστηρίων
1387 4518 1696 4595 μεταλείψει
1730 4519 1814 4576 διά

170 4606 268 4672 τὴν
305 4609 464 4664 αῦτοῦ
492 4605 782 4660 ἀνάστασιν
815 4621 828 4635 ⁸
893 4603 1078 4682 διόπερ
1135 4605 1188 4662 εἴ
1237 4627 1367 4662 ποτε
1415 4606 1608 4675 συνέϐη
1659 4611 1812 4666 οἶκο-

1981 3801 2100 3868 LV.
2136 3803 2280 3866 Cum
2314 3804 2458 3866 satis
2489 3820 2632 3882 ergo
2664 3798 2933 3863 utilitatis
2963 3795 3397 3882 percepissent,
3431 3793 3535 3875 qui

1901 3896 2158 3975 ingenue
2203 3893 2550 3964 audiebant,
2613 3890 2730 3952 lteti
2787 3888 3252 3958 descenderunt,
3283 3885 3536 3975 _gratias

1898 3972 2144 4063 agentes
2168 3983 2580 4045 universorum
2609 3978 2862 4042 Domino
2887 3986 3088 4039 nostro
3110 3975 3250 4038 Jesu
3272 3972 3528 4036 Christo.

1899 4076 2088 4137 Porro
2119 4081 2316 4134 autem
2352 4073 2464 4133 hoc
2515 4087 2748 4150 quoque
2783 4066 3164 4149 praecipiebat
3194 4063 3432 4140 Beatus,
3473 4073 3536 4126 ut

1899 4181 2020 4223 non
2041 4162 2234 4223 solum
2260 4161 2359 4223 die
2386 4159 2829 4231 Dominico,sed
2855 4157 3030 4218 etiam
3057 4156 3156 4219 die
3183 4161 3532 4219 Parasceves

1898 4251 2148 4329 singulis
2185 4249 2578 4312 hebdomadis
2625 4249 3004 4322 feriarentur,
3042 4246 3090 4307 si
3117 4255 3316 4325 posset
3348 4246 3477 4310 ﬁeri
3513 4265 3527 4308 :

1899 4340 2160 4402 maxime
2180 4337 2398 4419 quibus
2421 4336 2799 4418 quotidianus
2831 4336 3016 4397 victus
3039 4334 3277 4397 abunde
3303 4355 3532 4416 suppe-

1898 4428 1987 4490 tit:
2011 4429 2172 4490 hunc
2203 4428 2443 4508 quidem
2479 4429 2537 4487 in
2559 4426 2794 4506 jejunio
2822 4436 2879 4486 et
2911 4425 3534 4506 precatione,propter

1898 4518 2235 4599 passionem
2268 4516 2626 4591 Servatoris;
2660 4516 2823 4577 illum
2859 4523 3056 4575 autem
3091 4513 3153 4575 in
3183 4515 3451 4576 convivio
3476 4522 3536 4575 et

1895 4615 2402 4669 sacramentorum
2431 4605 3164 4686 participatione,propter
3185 4604 3313 4682 ejus
3338 4623 3534 4666 resur-

171 4693 346 4769 δομῆς
378 4693 534 4751 ἕνεκα
564 4693 789 4771 ἐργάτας
822 4693 972 4772 ἔχειν
1031 4695 1188 4750 αὸτὸν
1306 4697 1393 4752 καὶ
1424 4698 1518 4753 τὸν
1559 4696 1782 4778 διάδοχο

1923 4699 2252 4761 ’ectionem.
2283 4695 2684 4768 Quamobrem
2717 4695 2767 4754 si
2799 4692 3035 4774 quando
3058 4694 3409 4770 contigisset
3440 4697 3534 4773 ip-

173 4788 356 4863 αῦτοῦ,
389 4785 506 4860 περὶ
535 4784 595 4839 οῦ
626 4784 763 4839 κατά
793 4783 979 4861 χώραν
1011 4784 1272 4861 εἱροῦμεν,
1334 4786 1426 4849 τὰς
1487 4785 1574 4843 δύο
1616 4789 1809 4850 ταύτας

170 4874 377 4948 ἡμέρας
410 4870 697 4950 σχολάζειν
730 4871 1040 4950 ἐπέταττεν,
1072 4878 1139 4947 τῇ
1195 4873 1292 4948 μὲν
1352 4881 1662 4951 παρασκευῇ
1717 4879 1810 4932 σῦν

169 4967 247 5033 τῷ
306 4960 615 5034 ἀναλώματι
673 4961 760 5016 καὶ
818 4962 910 5016 τὸν
968 4963 1158 5034 μισθὸν
1217 4961 1571 5041 παρέχοντες,
1629 4971 1696 5040 τῇ
1755 4963 1810 5020 δὲ

175 5055 412 5128 Κυριακῇ
464 5051 524 5104 τὸ
581 5048 844 5122 ἀνάλωμα
892 5050 1057 5123 μόνον
1093 5069 1108 5085 ο
1159 5049 1573 5128 ἐπιφωσκούσης
1627 5051 1682 5108 δὲ
1713 5058 1810 5120 τῆς

170 5139 374 5216 ἡμέρας
407 5144 510 5194 τῶν
543 5135 835 5211 Σαϐϐάτῳν
890 5141 1005 5203 τοὺς
1062 5141 1304 5209 συνήθεις
1357 5143 1494 5214 μετά
1526 5143 1632 5198 τῶν
1662 5144 1809 5218 εὕρι-

173 5229 450 5304 σκομένων
483 5229 509 5284 6
545 5227 726 5306 Πατὴρ
777 5230 1115 5307 παννυχίζων
1171 5228 1462 5306 ἀγρυπνεῖν
1509 5230 1805 5295 ἐκελεύετο.

251 5404 408 5480 κζ’.
448 5405 594 5464 Κατά
623 5405 713 5462 οὖν
767 5407 826 5461 τὸ
879 5406 1061 5470 εἷιιρθὸς
1091 5405 1146 5462 ἐν
1178 5407 1276 5481 μιᾷ
1305 5408 1411 5464 τῶν
1447 5409 1804 5490 παννυγίδων,

1896 4807 2029 4849 sum
2065 4787 2289 4849 habere
2311 4783 2650 4866 operarios,
2697 4793 2797 4844 aut
2850 4782 3024 4844 etiam
3059 4783 3190 4861 ejus
3214 4801 3533 4844 successo-

1893 4895 2044 4951 rem,
2075 4877 2150 4938 de
2181 4893 2298 4955 quo
2328 4893 2435 4935 suo
2469 4874 2598 4934 loco
2631 4872 2926 4942 dicemus,
2955 4872 3064 4932 hos
3093 4871 3245 4931 duos
3278 4870 3410 4932 dies
3435 4873 3535 4951 juo

1895 4963 2117 5027 bebant
2144 4963 2347 5026 feriari
2381 4985 2394 5026 :
2431 4963 2524 5024 die
2553 4962 2794 5043 quidem
2826 4960 3181 5021 Parasceves
3214 4979 3352 5020 cum
3411 4960 3531 5020 im-

1895 5056 2094 5133 pensis
2135 5053 2471 5116 mercedem
2523 5070 2757 5132 quoque
2817 5051 3175 5130 prtebentes,
3213 5050 3530 5111 Dominico

1892 5152 2088 5206 autem
2145 5145 2338 5206 solum
2397 5143 2724 5220 impensas.
2793 5141 3182 5202 lllucescente
3239 5159 3377 5201 vero
3433 5138 3534 5200 die

1893 5232 2309 5306 Sabbatorum,
2337 5231 2660 5292 familiares
2691 5248 2830 5291 suos
2858 5248 2996 5290 cum
3027 5229 3100 5290 iis
3132 5231 3233 5310 qui
3269 5228 3532 5291 invenie-

1892 5323 2128 5385 bantur.
2168 5324 2342 5385 Pater
2365 5320 2614 5400 jubebat
2637 5328 2756 5380 tota
2786 5326 2959 5380 nocte
2996 5319 3260 5396 vigilare.

1946 5413 2246 5478 LVICum
2274 5415 2348 5476 de
2369 5432 2534 5476 more
2554 5432 2693 5493 ergo
2717 5414 2777 5474 in
2801 5412 3054 5493 quadam
3084 5421 3376 5475 nocturna
3394 5411 3532 5488 vigi-

169 5494 330 5555 αὖτοῦ
373 5493 517 5551 ἔνδον
549 5495 985 5574 προσευχομένου
1043 5500 1138 5553 καὶ
1198 5499 1304 5552 τῶν
1360 5496 1564 5555 λοιπῶν
1622 5499 1787 5565 ἔξωθεε

1923 5510 1964 5566 ia
1989 5507 2114 5579 ipse
2131 5509 2282 5568 intus
2298 5517 2631 5580 precaretur
2646 5516 2694 5564 et
2717 5506 2922 5578 reliqui
2943 5504 3083 5562 loris
3101 5515 3530 5578 p3rmanerent.

247 5682 310 5733 50
337 5681 561 5766 Ephes.
593 5697 676 5758 vn,
711 5683 812 5750 492.
894 5683 948 5735 δι
984 5680 1140 5749 Ibid.
1224 5683 1288 5735 3?-
1315 5682 1388 5748 ΙΙ.
1423 5683 1558 5750 Cor.
1587 5703 1646 5764 x,
1681 5685 1741 5750 5.
