  <div class='ocr_page' id='page_1' title='image "/cluster/home/n/w/nwhite01/storage/ocr_20150623/114/mdp.39015028574344/749.png"; bbox 0 0 3932 6140; ppageno 0'>
   <div class='ocr_carea' id='block_1_1' title="bbox 357 288 508 358">
    <p class='ocr_par' dir='ltr' id='par_1_1' title="bbox 357 288 508 358">
     <span class='ocr_line' id='line_1_1' title="bbox 357 288 508 358; baseline -0.026 -2"><span class='ocrx_word' id='word_1_1' title='bbox 357 288 508 358; x_wconf 75' lang='grc'>1427</span> 
     </span>
    </p>
   </div>
   <div class='ocr_carea' id='block_1_2' title="bbox 1611 284 2446 356">
    <p class='ocr_par' dir='ltr' id='par_1_2' title="bbox 1611 284 2446 356">
     <span class='ocr_line' id='line_1_2' title="bbox 1611 284 2446 356; baseline -0.001 -5"><span class='ocrx_word' id='word_1_2' title='bbox 1611 284 1896 353; x_wconf 89' lang='lat' dir='ltr'><strong>MENSIS</strong></span> <span class='ocrx_word' id='word_1_3' title='bbox 1936 284 2446 356; x_wconf 82' lang='lat' dir='ltr'><strong>FEBRUARIUS.</strong></span> 
     </span>
    </p>
   </div>
   <div class='ocr_carea' id='block_1_3' title="bbox 3556 285 3696 357">
    <p class='ocr_par' dir='ltr' id='par_1_3' title="bbox 3556 285 3696 357">
     <span class='ocr_line' id='line_1_3' title="bbox 3556 285 3696 357; baseline 0.007 -1"><span class='ocrx_word' id='word_1_4' title='bbox 3556 285 3696 357; x_wconf 75' lang='grc'><strong>1428</strong></span> 
     </span>
    </p>
   </div>
   <div class='ocr_carea' id='block_1_4' title="bbox 353 423 2024 512">
    <p class='ocr_par' dir='ltr' id='par_1_4' title="bbox 353 423 2024 512">
     <span class='ocr_line' id='line_1_4' title="bbox 353 423 2024 512; baseline -0.002 -20"><span class='ocrx_word' id='word_1_5' title='bbox 353 434 562 512; x_wconf 90' lang='lat' dir='ltr'><strong>aperta</strong></span> <span class='ocrx_word' id='word_1_6' title='bbox 579 425 840 493; x_wconf 79' lang='lat' dir='ltr'><strong>fenestra</strong></span> <span class='ocrx_word' id='word_1_7' title='bbox 854 424 1259 504; x_wconf 88' lang='lat' dir='ltr'><strong>Beatus,cum,</strong></span> <span class='ocrx_word' id='word_1_8' title='bbox 1285 423 1683 491; x_wconf 77' lang='lat' dir='ltr'><strong>«Benedictus</strong></span> <span class='ocrx_word' id='word_1_9' title='bbox 1699 425 1990 492; x_wconf 91' lang='lat' dir='ltr'><strong>Dominus</strong></span> <span class='ocrx_word' id='word_1_10' title='bbox 2009 438 2024 481; x_wconf 67' lang='grc' dir='ltr'><em>Α</em></span> 
     </span>
    </p>
   </div>
   <div class='ocr_carea' id='block_1_5' title="bbox 2108 423 3697 512">
    <p class='ocr_par' dir='ltr' id='par_1_5' title="bbox 2108 425 3697 509">
     <span class='ocr_line' id='line_1_5' title="bbox 2108 425 3697 509; baseline 0 -25"><span class='ocrx_word' id='word_1_11' title='bbox 2108 427 2286 486; x_wconf 86' lang='grc' dir='ltr'>ύπνων</span> <span class='ocrx_word' id='word_1_12' title='bbox 2331 425 2743 509; x_wconf 80' lang='grc' dir='ltr'>διατελούντων,</span> <span class='ocrx_word' id='word_1_13' title='bbox 2789 425 3000 495; x_wconf 79' lang='grc' dir='ltr'>ἀνοίξας</span> <span class='ocrx_word' id='word_1_14' title='bbox 3045 427 3106 487; x_wconf 80' lang='grc' dir='ltr'>τὸ</span> <span class='ocrx_word' id='word_1_15' title='bbox 3146 425 3368 508; x_wconf 89' lang='grc' dir='ltr'>θυρίδιον</span> <span class='ocrx_word' id='word_1_16' title='bbox 3439 427 3469 486; x_wconf 75' lang='grc' dir='ltr'>ὁ</span> <span class='ocrx_word' id='word_1_17' title='bbox 3530 427 3697 504; x_wconf 79' lang='grc' dir='ltr'>μακά-</span> 
     </span>
    </p>
   </div>
   <div class='ocr_carea' id='block_1_6' title="bbox 351 517 1993 601">
    <p class='ocr_par' dir='ltr' id='par_1_6' title="bbox 351 517 1993 601">
     <span class='ocr_line' id='line_1_6' title="bbox 351 517 1993 601; baseline -0.004 -15"><span class='ocrx_word' id='word_1_18' title='bbox 351 522 572 598; x_wconf 75' lang='grc' dir='ltr'>Βθυε,ι</span> <span class='ocrx_word' id='word_1_19' title='bbox 610 530 703 584; x_wconf 89' lang='lat' dir='ltr'><strong>ter</strong></span> <span class='ocrx_word' id='word_1_20' title='bbox 731 520 1117 582; x_wconf 75' lang='lat' dir='ltr'><strong>vehementer</strong></span> <span class='ocrx_word' id='word_1_21' title='bbox 1145 517 1420 599; x_wconf 85' lang='lat' dir='ltr'><strong>dixisset,</strong></span> <span class='ocrx_word' id='word_1_22' title='bbox 1455 527 1512 581; x_wconf 92' lang='lat' dir='ltr'><strong>et</strong></span> <span class='ocrx_word' id='word_1_23' title='bbox 1539 519 1993 601; x_wconf 86' lang='lat' dir='ltr'><strong>suspirasset,et</strong></span> 
     </span>
    </p>
   </div>
   <div class='ocr_carea' id='block_1_7' title="bbox 355 607 1992 694">
    <p class='ocr_par' dir='ltr' id='par_1_7' title="bbox 355 607 1992 694">
     <span class='ocr_line' id='line_1_7' title="bbox 355 607 1992 694; baseline -0.002 -19"><span class='ocrx_word' id='word_1_24' title='bbox 355 622 538 694; x_wconf 88' lang='lat' dir='ltr'><strong>caput</strong></span> <span class='ocrx_word' id='word_1_25' title='bbox 567 612 628 674; x_wconf 92' lang='lat' dir='ltr'><strong>in</strong></span> <span class='ocrx_word' id='word_1_26' title='bbox 662 619 880 674; x_wconf 91' lang='lat' dir='ltr'><strong>terram</strong></span> <span class='ocrx_word' id='word_1_27' title='bbox 936 607 1306 685; x_wconf 83' lang='lat' dir='ltr'><strong>inclinasset,</strong></span> <span class='ocrx_word' id='word_1_28' title='bbox 1341 608 1486 671; x_wconf 89' lang='lat' dir='ltr'><strong>dicit</strong></span> <span class='ocrx_word' id='word_1_29' title='bbox 1521 629 1534 670; x_wconf 89' lang='lat'><strong>:</strong></span> <span class='ocrx_word' id='word_1_30' title='bbox 1570 608 1738 682; x_wconf 83' lang='lat' dir='ltr'><strong>Quod</strong></span> <span class='ocrx_word' id='word_1_31' title='bbox 1771 617 1900 672; x_wconf 89' lang='lat' dir='ltr'><strong>erat</strong></span> <span class='ocrx_word' id='word_1_32' title='bbox 1931 609 1992 671; x_wconf 92' lang='lat' dir='ltr'><strong>in</strong></span> 
     </span>
    </p>
   </div>
   <div class='ocr_carea' id='block_1_8' title="bbox 356 697 1994 778">
    <p class='ocr_par' dir='ltr' id='par_1_8' title="bbox 356 697 1994 778">
     <span class='ocr_line' id='line_1_8' title="bbox 356 697 1994 778; baseline -0.005 -8"><span class='ocrx_word' id='word_1_33' title='bbox 356 704 602 770; x_wconf 82' lang='lat' dir='ltr'><strong>Oriente</strong></span> <span class='ocrx_word' id='word_1_34' title='bbox 659 701 976 774; x_wconf 84' lang='lat' dir='ltr'><strong>luminare,</strong></span> <span class='ocrx_word' id='word_1_35' title='bbox 1033 717 1068 760; x_wconf 96' lang='lat' dir='ltr'><strong>o</strong></span> <span class='ocrx_word' id='word_1_36' title='bbox 1129 697 1258 774; x_wconf 92' lang='lat' dir='ltr'><strong>ﬁlii,</strong></span> <span class='ocrx_word' id='word_1_37' title='bbox 1293 697 1554 778; x_wconf 89' lang='lat' dir='ltr'><strong>Symeon</strong></span> <span class='ocrx_word' id='word_1_38' title='bbox 1583 701 1758 762; x_wconf 87' lang='lat' dir='ltr'><strong>Pater</strong></span> <span class='ocrx_word' id='word_1_39' title='bbox 1787 707 1994 762; x_wconf 89' lang='lat' dir='ltr'><strong>noster</strong></span> 
     </span>
    </p>
   </div>
   <div class='ocr_carea' id='block_1_9' title="bbox 359 788 1994 869">
    <p class='ocr_par' dir='ltr' id='par_1_9' title="bbox 359 788 1994 869">
     <span class='ocr_line' id='line_1_9' title="bbox 359 788 1994 869; baseline -0.003 -12"><span class='ocrx_word' id='word_1_40' title='bbox 359 793 628 857; x_wconf 90' lang='lat' dir='ltr'><strong>dormiit.</strong></span> <span class='ocrx_word' id='word_1_41' title='bbox 661 791 806 854; x_wconf 89' lang='lat' dir='ltr'><strong>Cum</strong></span> <span class='ocrx_word' id='word_1_42' title='bbox 853 789 891 849; x_wconf 90' lang='lat' dir='ltr'><strong>ii</strong></span> <span class='ocrx_word' id='word_1_43' title='bbox 947 795 1144 851; x_wconf 91' lang='lat' dir='ltr'><strong>autem</strong></span> <span class='ocrx_word' id='word_1_44' title='bbox 1179 795 1421 869; x_wconf 80' lang='lat' dir='ltr'><strong>propter</strong></span> <span class='ocrx_word' id='word_1_45' title='bbox 1451 788 1838 865; x_wconf 84' lang='lat' dir='ltr'><strong>psalmodiam</strong></span> <span class='ocrx_word' id='word_1_46' title='bbox 1875 809 1994 852; x_wconf 92' lang='lat' dir='ltr'><strong>non</strong></span> 
     </span>
    </p>
   </div>
   <div class='ocr_carea' id='block_1_10' title="bbox 359 877 1996 960">
    <p class='ocr_par' dir='ltr' id='par_1_10' title="bbox 359 877 1996 960">
     <span class='ocr_line' id='line_1_10' title="bbox 359 877 1996 960; baseline -0.003 -14"><span class='ocrx_word' id='word_1_47' title='bbox 359 882 712 956; x_wconf 89' lang='lat' dir='ltr'><strong>sensissent,</strong></span> <span class='ocrx_word' id='word_1_48' title='bbox 743 878 900 960; x_wconf 89' lang='lat' dir='ltr'><strong>quod</strong></span> <span class='ocrx_word' id='word_1_49' title='bbox 947 878 1174 941; x_wconf 80' lang='lat' dir='ltr'><strong>dictum</strong></span> <span class='ocrx_word' id='word_1_50' title='bbox 1207 877 1423 957; x_wconf 85' lang='lat' dir='ltr'><strong>fuerat,</strong></span> <span class='ocrx_word' id='word_1_51' title='bbox 1448 878 1620 941; x_wconf 85' lang='lat' dir='ltr'><strong>valde</strong></span> <span class='ocrx_word' id='word_1_52' title='bbox 1669 880 1820 942; x_wconf 87' lang='lat' dir='ltr'><strong>ﬂens</strong></span> <span class='ocrx_word' id='word_1_53' title='bbox 1846 881 1996 942; x_wconf 85' lang='lat' dir='ltr'><strong>Bea-</strong></span> 
     </span>
    </p>
   </div>
   <div class='ocr_carea' id='block_1_11' title="bbox 359 967 1995 1048">
    <p class='ocr_par' dir='ltr' id='par_1_11' title="bbox 359 967 1995 1048">
     <span class='ocr_line' id='line_1_11' title="bbox 359 967 1995 1048; baseline -0.001 -14"><span class='ocrx_word' id='word_1_54' title='bbox 359 981 478 1048; x_wconf 90' lang='lat' dir='ltr'><strong>tus,</strong></span> <span class='ocrx_word' id='word_1_55' title='bbox 511 988 723 1034; x_wconf 83' lang='lat' dir='ltr'><strong>rursus</strong></span> <span class='ocrx_word' id='word_1_56' title='bbox 752 968 895 1031; x_wconf 86' lang='lat' dir='ltr'><strong>dicit</strong></span> <span class='ocrx_word' id='word_1_57' title='bbox 926 967 1012 1031; x_wconf 88' lang='lat' dir='ltr'><strong>eis</strong></span> <span class='ocrx_word' id='word_1_58' title='bbox 1047 988 1061 1029; x_wconf 89' lang='lat'>:</span> <span class='ocrx_word' id='word_1_59' title='bbox 1114 970 1367 1030; x_wconf 87' lang='lat' dir='ltr'><strong>Sanctus</strong></span> <span class='ocrx_word' id='word_1_60' title='bbox 1416 970 1592 1032; x_wconf 91' lang='lat' dir='ltr'><strong>Pater</strong></span> <span class='ocrx_word' id='word_1_61' title='bbox 1621 977 1846 1043; x_wconf 90' lang='lat' dir='ltr'><strong>noster,</strong></span> <span class='ocrx_word' id='word_1_62' title='bbox 1875 967 1995 1032; x_wconf 88' lang='lat' dir='ltr'><strong>Ec-</strong></span> 
     </span>
    </p>
   </div>
   <div class='ocr_carea' id='block_1_12' title="bbox 363 1057 1996 1139">
    <p class='ocr_par' dir='ltr' id='par_1_12' title="bbox 363 1057 1996 1139">
     <span class='ocr_line' id='line_1_12' title="bbox 363 1057 1996 1139; baseline -0.005 -12"><span class='ocrx_word' id='word_1_63' title='bbox 363 1062 563 1126; x_wconf 68' lang='lat' dir='ltr'><strong>clesiae</strong></span> <span class='ocrx_word' id='word_1_64' title='bbox 592 1060 875 1123; x_wconf 89' lang='lat' dir='ltr'><strong>columna</strong></span> <span class='ocrx_word' id='word_1_65' title='bbox 900 1065 958 1121; x_wconf 89' lang='lat' dir='ltr'><strong>et</strong></span> <span class='ocrx_word' id='word_1_66' title='bbox 989 1057 1727 1137; x_wconf 87' lang='lat' dir='ltr'><strong>ﬁrmamentum,Symeon</strong></span> <span class='ocrx_word' id='word_1_67' title='bbox 1758 1057 1996 1139; x_wconf 85' lang='lat' dir='ltr'><strong>requie-</strong></span> 
     </span>
    </p>
   </div>
   <div class='ocr_carea' id='block_1_13' title="bbox 360 1146 1995 1229">
    <p class='ocr_par' dir='ltr' id='par_1_13' title="bbox 360 1146 1995 1229">
     <span class='ocr_line' id='line_1_13' title="bbox 360 1146 1995 1229; baseline -0.003 -14"><span class='ocrx_word' id='word_1_68' title='bbox 360 1154 466 1229; x_wconf 91' lang='lat' dir='ltr'><strong>vit,</strong></span> <span class='ocrx_word' id='word_1_69' title='bbox 501 1159 561 1214; x_wconf 91' lang='lat' dir='ltr'><strong>et</strong></span> <span class='ocrx_word' id='word_1_70' title='bbox 608 1148 757 1212; x_wconf 88' lang='lat' dir='ltr'><strong>nulli</strong></span> <span class='ocrx_word' id='word_1_71' title='bbox 814 1147 1006 1228; x_wconf 65' lang='lat' dir='ltr'><strong>culpae</strong></span> <span class='ocrx_word' id='word_1_72' title='bbox 1061 1146 1254 1208; x_wconf 85' lang='lat' dir='ltr'><strong>afﬁnis</strong></span> <span class='ocrx_word' id='word_1_73' title='bbox 1285 1153 1344 1209; x_wconf 91' lang='lat' dir='ltr'><strong>et</strong></span> <span class='ocrx_word' id='word_1_74' title='bbox 1375 1147 1597 1210; x_wconf 91' lang='lat' dir='ltr'><strong>munda</strong></span> <span class='ocrx_word' id='word_1_75' title='bbox 1628 1149 1758 1228; x_wconf 86' lang='lat' dir='ltr'><strong>ejus</strong></span> <span class='ocrx_word' id='word_1_76' title='bbox 1795 1147 1995 1210; x_wconf 90' lang='lat' dir='ltr'><strong>anima</strong></span> 
     </span>
    </p>
   </div>
   <div class='ocr_carea' id='block_1_14' title="bbox 2075 517 3694 599">
    <p class='ocr_par' dir='ltr' id='par_1_14' title="bbox 2075 517 3694 599">
     <span class='ocr_line' id='line_1_14' title="bbox 2075 517 3694 599; baseline -0.002 -24"><span class='ocrx_word' id='word_1_77' title='bbox 2075 539 2186 598; x_wconf 92' lang='grc' dir='ltr'>ριος</span> <span class='ocrx_word' id='word_1_78' title='bbox 2229 521 2328 576; x_wconf 65' lang='grc' dir='ltr'>καὶ</span> <span class='ocrx_word' id='word_1_79' title='bbox 2373 519 2460 599; x_wconf 79' lang='grc' dir='ltr'><strong>τὸ,</strong></span> <span class='ocrx_word' id='word_1_80' title='bbox 2506 517 2816 597; x_wconf 80' lang='grc' dir='ltr'>Εὑλογητὸς</span> <span class='ocrx_word' id='word_1_81' title='bbox 2864 519 3078 595; x_wconf 82' lang='grc' dir='ltr'>Κύριος,</span> <span class='ocrx_word' id='word_1_82' title='bbox 3138 520 3368 598; x_wconf 78' lang='grc' dir='ltr'>εἶρηγὼς</span> <span class='ocrx_word' id='word_1_83' title='bbox 3401 517 3488 576; x_wconf 71' lang='grc' dir='ltr'>ἐπὶ</span> <span class='ocrx_word' id='word_1_84' title='bbox 3517 521 3694 596; x_wconf 77' lang='grc' dir='ltr'>τρίτον,</span> 
     </span>
    </p>
   </div>
   <div class='ocr_carea' id='block_1_15' title="bbox 2075 605 3698 688">
    <p class='ocr_par' dir='ltr' id='par_1_15' title="bbox 2075 605 3698 688">
     <span class='ocr_line' id='line_1_15' title="bbox 2075 605 3698 688; baseline 0 -25"><span class='ocrx_word' id='word_1_85' title='bbox 2075 605 2313 687; x_wconf 68' lang='grc' dir='ltr'>σφοδρῶς</span> <span class='ocrx_word' id='word_1_86' title='bbox 2382 608 2634 674; x_wconf 73' lang='grc' dir='ltr'><strong>στενάξας</strong></span> <span class='ocrx_word' id='word_1_87' title='bbox 2705 610 2794 665; x_wconf 78' lang='grc' dir='ltr'>καὶ</span> <span class='ocrx_word' id='word_1_88' title='bbox 2836 609 2935 677; x_wconf 79' lang='grc' dir='ltr'><strong>τὴν</strong></span> <span class='ocrx_word' id='word_1_89' title='bbox 2979 607 3223 677; x_wconf 69' lang='grc' dir='ltr'>κεφαλὴν</span> <span class='ocrx_word' id='word_1_90' title='bbox 3265 608 3450 672; x_wconf 78' lang='grc' dir='ltr'>κλίνας</span> <span class='ocrx_word' id='word_1_91' title='bbox 3495 607 3698 688; x_wconf 68' lang='grc' dir='ltr'>ἔφησεν,</span> 
     </span>
    </p>
   </div>
   <div class='ocr_carea' id='block_1_16' title="bbox 2079 689 3701 778">
    <p class='ocr_par' dir='ltr' id='par_1_16' title="bbox 2079 689 3701 778">
     <span class='ocr_line' id='line_1_16' title="bbox 2079 689 3701 778; baseline -0.001 -22"><span class='ocrx_word' id='word_1_92' title='bbox 2079 689 2137 756; x_wconf 59' lang='grc' dir='ltr'><strong>εΟ</strong></span> <span class='ocrx_word' id='word_1_93' title='bbox 2171 697 2224 754; x_wconf 72' lang='grc' dir='ltr'>ἓν</span> <span class='ocrx_word' id='word_1_94' title='bbox 2255 704 2326 775; x_wconf 82' lang='grc' dir='ltr'><strong>τῇ</strong></span> <span class='ocrx_word' id='word_1_95' title='bbox 2357 696 2629 776; x_wconf 72' lang='grc' dir='ltr'>Ἀνατρλῇ</span> <span class='ocrx_word' id='word_1_96' title='bbox 2659 698 2908 778; x_wconf 76' lang='grc' dir='ltr'>φωστὴρ,</span> <span class='ocrx_word' id='word_1_97' title='bbox 2938 700 2984 755; x_wconf 87' lang='grc' dir='ltr'><strong>ὦ</strong></span> <span class='ocrx_word' id='word_1_98' title='bbox 3012 699 3197 777; x_wconf 84' lang='grc' dir='ltr'>τέκνα,</span> <span class='ocrx_word' id='word_1_99' title='bbox 3230 701 3456 775; x_wconf 87' lang='grc' dir='ltr'>Συμεὼν</span> <span class='ocrx_word' id='word_1_100' title='bbox 3485 700 3516 755; x_wconf 93' lang='grc' dir='ltr'><strong>ὑ</strong></span> <span class='ocrx_word' id='word_1_101' title='bbox 3543 698 3701 774; x_wconf 74' lang='grc' dir='ltr'>πατὴρ</span> 
     </span>
    </p>
   </div>
   <div class='ocr_carea' id='block_1_17' title="bbox 2076 785 3705 864">
    <p class='ocr_par' dir='ltr' id='par_1_17' title="bbox 2076 785 3705 864">
     <span class='ocr_line' id='line_1_17' title="bbox 2076 785 3705 864; baseline -0.001 -21"><span class='ocrx_word' id='word_1_102' title='bbox 2076 787 2232 861; x_wconf 67' lang='grc' dir='ltr'>τημῶν</span> <span class='ocrx_word' id='word_1_103' title='bbox 2289 787 2634 863; x_wconf 88' lang='grc' dir='ltr'>κεκοίμηται.</span> <span class='ocrx_word' id='word_1_104' title='bbox 2711 789 2828 846; x_wconf 87' lang='grc' dir='ltr'>Τῶν</span> <span class='ocrx_word' id='word_1_105' title='bbox 2897 785 2946 845; x_wconf 76' lang='grc' dir='ltr'>δὲ</span> <span class='ocrx_word' id='word_1_106' title='bbox 3006 786 3090 844; x_wconf 79' lang='grc' dir='ltr'><strong>διὰ</strong></span> <span class='ocrx_word' id='word_1_107' title='bbox 3132 788 3230 856; x_wconf 78' lang='grc' dir='ltr'><strong>τὴν</strong></span> <span class='ocrx_word' id='word_1_108' title='bbox 3277 787 3597 864; x_wconf 81' lang='grc' dir='ltr'>ψαλμῳδίαν</span> <span class='ocrx_word' id='word_1_109' title='bbox 3638 787 3705 861; x_wconf 69' lang='grc' dir='ltr'>μὴ</span> 
     </span>
    </p>
   </div>
   <div class='ocr_carea' id='block_1_18' title="bbox 2078 875 3706 956">
    <p class='ocr_par' dir='ltr' id='par_1_18' title="bbox 2078 875 3706 956">
     <span class='ocr_line' id='line_1_18' title="bbox 2078 875 3706 956; baseline 0 -24"><span class='ocrx_word' id='word_1_110' title='bbox 2078 876 2404 953; x_wconf 79' lang='grc' dir='ltr'><strong>αἰσθομένων</strong></span> <span class='ocrx_word' id='word_1_111' title='bbox 2442 879 2504 934; x_wconf 79' lang='grc' dir='ltr'>τὸ</span> <span class='ocrx_word' id='word_1_112' title='bbox 2546 877 2731 956; x_wconf 80' lang='grc' dir='ltr'>ῥηθὲν,</span> <span class='ocrx_word' id='word_1_113' title='bbox 2776 875 3031 935; x_wconf 75' lang='grc' dir='ltr'><strong>ἔκλαυσεν</strong></span> <span class='ocrx_word' id='word_1_114' title='bbox 3077 879 3110 946; x_wconf 78' lang='grc' dir='ltr'>ἡ</span> <span class='ocrx_word' id='word_1_115' title='bbox 3155 879 3422 956; x_wconf 64' lang='grc' dir='ltr'>μακάριος</span> <span class='ocrx_word' id='word_1_116' title='bbox 3469 878 3554 934; x_wconf 73' lang='grc' dir='ltr'><strong>ἐπὶ</strong></span> <span class='ocrx_word' id='word_1_117' title='bbox 3594 879 3706 933; x_wconf 64' lang='grc' dir='ltr'>ἱκα-</span> 
     </span>
    </p>
   </div>
   <div class='ocr_carea' id='block_1_19' title="bbox 2078 959 3706 1046">
    <p class='ocr_par' dir='ltr' id='par_1_19' title="bbox 2078 959 3706 1046">
     <span class='ocr_line' id='line_1_19' title="bbox 2078 959 3706 1046; baseline -0.001 -23"><span class='ocrx_word' id='word_1_118' title='bbox 2078 967 2167 1024; x_wconf 88' lang='grc' dir='ltr'><strong>νόν</strong></span> <span class='ocrx_word' id='word_1_119' title='bbox 2203 981 2218 997; x_wconf 89' lang='grc'>⁶</span> <span class='ocrx_word' id='word_1_120' title='bbox 2265 967 2623 1043; x_wconf 71' lang='grc' dir='ltr'>παυσαμένων</span> <span class='ocrx_word' id='word_1_121' title='bbox 2655 965 2712 1024; x_wconf 79' lang='grc' dir='ltr'>δὲ</span> <span class='ocrx_word' id='word_1_122' title='bbox 2745 967 2919 1025; x_wconf 79' lang='grc' dir='ltr'>αὑτῶν</span> <span class='ocrx_word' id='word_1_123' title='bbox 2949 967 3110 1025; x_wconf 89' lang='grc' dir='ltr'>πάλιν</span> <span class='ocrx_word' id='word_1_124' title='bbox 3141 967 3314 1046; x_wconf 83' lang='grc' dir='ltr'>λέγει,</span> <span class='ocrx_word' id='word_1_125' title='bbox 3371 959 3432 1027; x_wconf 65' lang='grc' dir='ltr'>Ὀ</span> <span class='ocrx_word' id='word_1_126' title='bbox 3465 968 3521 1025; x_wconf 79' lang='grc' dir='ltr'>ἐν</span> <span class='ocrx_word' id='word_1_127' title='bbox 3553 967 3706 1044; x_wconf 74' lang='grc' dir='ltr'>ἀγίοις</span> 
     </span>
    </p>
   </div>
   <div class='ocr_carea' id='block_1_20' title="bbox 2079 1056 3704 1136">
    <p class='ocr_par' dir='ltr' id='par_1_20' title="bbox 2079 1056 3704 1136">
     <span class='ocr_line' id='line_1_20' title="bbox 2079 1056 3704 1136; baseline 0.001 -22"><span class='ocrx_word' id='word_1_128' title='bbox 2079 1057 2263 1136; x_wconf 74' lang='grc' dir='ltr'>Πατὴρ</span> <span class='ocrx_word' id='word_1_129' title='bbox 2308 1058 2461 1134; x_wconf 64' lang='grc' dir='ltr'>ἡμῶν</span> <span class='ocrx_word' id='word_1_130' title='bbox 2506 1059 2534 1114; x_wconf 80' lang='grc' dir='ltr'>ὁ</span> <span class='ocrx_word' id='word_1_131' title='bbox 2579 1056 2774 1122; x_wconf 88' lang='grc' dir='ltr'>στύλος</span> <span class='ocrx_word' id='word_1_132' title='bbox 2820 1059 2908 1115; x_wconf 82' lang='grc' dir='ltr'><strong>καὶ</strong></span> <span class='ocrx_word' id='word_1_133' title='bbox 2939 1059 3002 1115; x_wconf 80' lang='grc' dir='ltr'><strong>τὸ</strong></span> <span class='ocrx_word' id='word_1_134' title='bbox 3031 1057 3302 1136; x_wconf 75' lang='grc' dir='ltr'><strong>ἑδραίωμα</strong></span> <span class='ocrx_word' id='word_1_135' title='bbox 3331 1063 3433 1126; x_wconf 74' lang='grc' dir='ltr'>τῆς</span> <span class='ocrx_word' id='word_1_136' title='bbox 3466 1057 3704 1125; x_wconf 75' lang='grc' dir='ltr'><strong>ἀληθείας</strong></span> 
     </span>
    </p>
   </div>
   <div class='ocr_carea' id='block_1_21' title="bbox 2079 1146 3705 1226">
    <p class='ocr_par' dir='ltr' id='par_1_21' title="bbox 2079 1146 3705 1226">
     <span class='ocr_line' id='line_1_21' title="bbox 2079 1146 3705 1226; baseline 0.002 -25"><span class='ocrx_word' id='word_1_137' title='bbox 2079 1147 2300 1222; x_wconf 86' lang='grc' dir='ltr'>Συμεὼν</span> <span class='ocrx_word' id='word_1_138' title='bbox 2371 1146 2738 1226; x_wconf 76' lang='grc' dir='ltr'>ἀνεπαύσατο,</span> <span class='ocrx_word' id='word_1_139' title='bbox 2823 1149 2912 1204; x_wconf 87' lang='grc' dir='ltr'>καὶ</span> <span class='ocrx_word' id='word_1_140' title='bbox 2968 1149 3004 1216; x_wconf 79' lang='grc' dir='ltr'><strong>ἡ</strong></span> <span class='ocrx_word' id='word_1_141' title='bbox 3062 1148 3288 1224; x_wconf 78' lang='grc' dir='ltr'><strong>ἄμωμος</strong></span> <span class='ocrx_word' id='word_1_142' title='bbox 3360 1147 3458 1204; x_wconf 85' lang='grc' dir='ltr'>καί</span> <span class='ocrx_word' id='word_1_143' title='bbox 3517 1150 3705 1225; x_wconf 68' lang='grc' dir='ltr'>καθαρὰ</span> 
     </span>
    </p>
   </div>
   <div class='ocr_carea' id='block_1_22' title="bbox 362 1235 2024 1318">
    <p class='ocr_par' dir='ltr' id='par_1_22' title="bbox 362 1235 1995 1318">
     <span class='ocr_line' id='line_1_22' title="bbox 362 1235 1995 1318; baseline -0.004 -13"><span class='ocrx_word' id='word_1_144' title='bbox 362 1261 460 1306; x_wconf 88' lang='lat' dir='ltr'><strong>me</strong></span> <span class='ocrx_word' id='word_1_145' title='bbox 484 1239 755 1302; x_wconf 74' lang='lat' dir='ltr'><strong>inutilem</strong></span> <span class='ocrx_word' id='word_1_146' title='bbox 786 1245 846 1300; x_wconf 92' lang='lat' dir='ltr'><strong>et</strong></span> <span class='ocrx_word' id='word_1_147' title='bbox 873 1235 1153 1299; x_wconf 88' lang='lat' dir='ltr'><strong>sordibus</strong></span> <span class='ocrx_word' id='word_1_148' title='bbox 1181 1235 1580 1318; x_wconf 88' lang='lat' dir='ltr'><strong>inquinatum,</strong></span> <span class='ocrx_word' id='word_1_149' title='bbox 1612 1255 1734 1299; x_wconf 90' lang='lat' dir='ltr'><strong>non</strong></span> <span class='ocrx_word' id='word_1_150' title='bbox 1762 1246 1853 1299; x_wconf 89' lang='lat' dir='ltr'><strong>est</strong></span> <span class='ocrx_word' id='word_1_151' title='bbox 1883 1239 1995 1301; x_wconf 90' lang='lat' dir='ltr'><strong>de-</strong></span> 
     </span>
    </p>
   </div>
   <div class='ocr_carea' id='block_1_23' title="bbox 2108 1235 3710 1318">
    <p class='ocr_par' dir='ltr' id='par_1_23' title="bbox 2108 1235 3710 1316">
     <span class='ocr_line' id='line_1_23' title="bbox 2108 1235 3710 1316; baseline 0.002 -26"><span class='ocrx_word' id='word_1_152' title='bbox 2108 1237 2238 1292; x_wconf 77' lang='grc' dir='ltr'>ιῦτοῦ</span> <span class='ocrx_word' id='word_1_153' title='bbox 2274 1237 2430 1316; x_wconf 73' lang='grc' dir='ltr'>ψυχὴ</span> <span class='ocrx_word' id='word_1_154' title='bbox 2473 1235 2570 1310; x_wconf 76' lang='grc' dir='ltr'><strong>ἐμὲ</strong></span> <span class='ocrx_word' id='word_1_155' title='bbox 2641 1236 2734 1292; x_wconf 81' lang='grc' dir='ltr'><strong>τὸν</strong></span> <span class='ocrx_word' id='word_1_156' title='bbox 2776 1235 3006 1316; x_wconf 75' lang='grc' dir='ltr'>ἀχρεῖον</span> <span class='ocrx_word' id='word_1_157' title='bbox 3050 1237 3139 1294; x_wconf 81' lang='grc' dir='ltr'><strong>καὶ</strong></span> <span class='ocrx_word' id='word_1_158' title='bbox 3191 1235 3569 1316; x_wconf 67' lang='grc' dir='ltr'>ὲῤῥυπωμένον</span> <span class='ocrx_word' id='word_1_159' title='bbox 3624 1239 3710 1294; x_wconf 67' lang='grc' dir='ltr'><strong>οὒκ</strong></span> 
     </span>
    </p>
   </div>
   <div class='ocr_carea' id='block_1_24' title="bbox 362 1323 2024 1414">
    <p class='ocr_par' dir='ltr' id='par_1_24' title="bbox 362 1325 1999 1414">
     <span class='ocr_line' id='line_1_24' title="bbox 362 1325 1999 1414; baseline -0.004 -18"><span class='ocrx_word' id='word_1_160' title='bbox 362 1333 600 1414; x_wconf 76' lang='lat' dir='ltr'><strong>dignata</strong></span> <span class='ocrx_word' id='word_1_161' title='bbox 631 1328 978 1411; x_wconf 60' lang='lat' dir='ltr'><strong>praeteriens</strong></span> <span class='ocrx_word' id='word_1_162' title='bbox 1007 1325 1289 1388; x_wconf 88' lang='lat' dir='ltr'><strong>salutare.</strong></span> <span class='ocrx_word' id='word_1_163' title='bbox 1321 1327 1465 1389; x_wconf 70' lang='lat' dir='ltr'><strong>Haec</strong></span> <span class='ocrx_word' id='word_1_164' title='bbox 1498 1345 1632 1389; x_wconf 94' lang='lat' dir='ltr'><strong>cum</strong></span> <span class='ocrx_word' id='word_1_165' title='bbox 1665 1327 1999 1390; x_wconf 83' lang='lat' dir='ltr'><strong>audiissent</strong></span> 
     </span>
    </p>
   </div>
   <div class='ocr_carea' id='block_1_25' title="bbox 2108 1323 3710 1414">
    <p class='ocr_par' dir='ltr' id='par_1_25' title="bbox 2108 1323 3710 1406">
     <span class='ocr_line' id='line_1_25' title="bbox 2108 1323 3710 1406; baseline 0.001 -25"><span class='ocrx_word' id='word_1_166' title='bbox 2108 1323 2380 1392; x_wconf 77' lang='grc' dir='ltr'>’πηξίωσεν</span> <span class='ocrx_word' id='word_1_167' title='bbox 2437 1325 2682 1406; x_wconf 51' lang='lat' dir='ltr'><strong>sese”:</strong></span> <span class='ocrx_word' id='word_1_168' title='bbox 2749 1327 3222 1390; x_wconf 75' lang='grc' dir='ltr'>κατασπάσασθαι.</span> <span class='ocrx_word' id='word_1_169' title='bbox 3315 1329 3496 1385; x_wconf 73' lang='grc' dir='ltr'>Ταῦτα</span> <span class='ocrx_word' id='word_1_170' title='bbox 3553 1327 3710 1383; x_wconf 85' lang='grc' dir='ltr'>ἀκού-</span> 
     </span>
    </p>
   </div>
   <div class='ocr_carea' id='block_1_26' title="bbox 365 1414 2024 1500">
    <p class='ocr_par' dir='ltr' id='par_1_26' title="bbox 365 1416 1996 1500">
     <span class='ocr_line' id='line_1_26' title="bbox 365 1416 1996 1500; baseline -0.005 -13"><span class='ocrx_word' id='word_1_171' title='bbox 365 1435 427 1488; x_wconf 83' lang='lat' dir='ltr'><strong>et</strong></span> <span class='ocrx_word' id='word_1_172' title='bbox 454 1419 626 1483; x_wconf 88' lang='lat' dir='ltr'><strong>valde</strong></span> <span class='ocrx_word' id='word_1_173' title='bbox 657 1425 860 1481; x_wconf 89' lang='lat' dir='ltr'><strong>essent</strong></span> <span class='ocrx_word' id='word_1_174' title='bbox 889 1416 1180 1497; x_wconf 84' lang='lat' dir='ltr'><strong>perculsi,</strong></span> <span class='ocrx_word' id='word_1_175' title='bbox 1231 1435 1351 1478; x_wconf 89' lang='lat' dir='ltr'><strong>non</strong></span> <span class='ocrx_word' id='word_1_176' title='bbox 1384 1423 1708 1497; x_wconf 91' lang='lat' dir='ltr'><strong>potuerunt</strong></span> <span class='ocrx_word' id='word_1_177' title='bbox 1738 1436 1996 1500; x_wconf 85' lang='lat' dir='ltr'><strong>respon-</strong></span> 
     </span>
    </p>
   </div>
   <div class='ocr_carea' id='block_1_27' title="bbox 2108 1414 3717 1500">
    <p class='ocr_par' dir='ltr' id='par_1_27' title="bbox 2108 1414 3717 1494">
     <span class='ocr_line' id='line_1_27' title="bbox 2108 1414 3717 1494; baseline 0.001 -24"><span class='ocrx_word' id='word_1_178' title='bbox 2108 1436 2271 1480; x_wconf 72' lang='grc' dir='ltr'>ταντες</span> <span class='ocrx_word' id='word_1_179' title='bbox 2315 1417 2409 1472; x_wconf 89' lang='grc' dir='ltr'><strong>καί</strong></span> <span class='ocrx_word' id='word_1_180' title='bbox 2455 1414 2705 1494; x_wconf 83' lang='grc' dir='ltr'>μεγάλως</span> <span class='ocrx_word' id='word_1_181' title='bbox 2749 1415 3137 1494; x_wconf 74' lang='grc' dir='ltr'>τρομάσαντες,</span> <span class='ocrx_word' id='word_1_182' title='bbox 3212 1414 3572 1494; x_wconf 80' lang='grc' dir='ltr'>ἀποκριθῆναι</span> <span class='ocrx_word' id='word_1_183' title='bbox 3628 1416 3717 1488; x_wconf 85' lang='grc' dir='ltr'>μὲν</span> 
     </span>
    </p>
   </div>
   <div class='ocr_carea' id='block_1_28' title="bbox 364 1503 2024 1592">
    <p class='ocr_par' dir='ltr' id='par_1_28' title="bbox 364 1505 2005 1592">
     <span class='ocr_line' id='line_1_28' title="bbox 364 1505 2005 1592; baseline -0.001 -18"><span class='ocrx_word' id='word_1_184' title='bbox 364 1513 534 1592; x_wconf 86' lang='lat' dir='ltr'><strong>dere,</strong></span> <span class='ocrx_word' id='word_1_185' title='bbox 568 1508 672 1572; x_wconf 90' lang='lat' dir='ltr'><strong>sed</strong></span> <span class='ocrx_word' id='word_1_186' title='bbox 692 1509 1011 1586; x_wconf 87' lang='lat' dir='ltr'><strong>siluerunt,</strong></span> <span class='ocrx_word' id='word_1_187' title='bbox 1044 1505 1348 1585; x_wconf 81' lang='lat' dir='ltr'><strong>signantes</strong></span> <span class='ocrx_word' id='word_1_188' title='bbox 1373 1513 1608 1569; x_wconf 88' lang='lat' dir='ltr'><strong>noctem</strong></span> <span class='ocrx_word' id='word_1_189' title='bbox 1639 1506 1698 1568; x_wconf 91' lang='lat' dir='ltr'><strong>in</strong></span> <span class='ocrx_word' id='word_1_190' title='bbox 1734 1525 1847 1587; x_wconf 92' lang='lat' dir='ltr'><strong>qua</strong></span> <span class='ocrx_word' id='word_1_191' title='bbox 1878 1508 2005 1572; x_wconf 74' lang='lat' dir='ltr'><strong>haec</strong></span> 
     </span>
    </p>
   </div>
   <div class='ocr_carea' id='block_1_29' title="bbox 2108 1503 3718 1592">
    <p class='ocr_par' dir='ltr' id='par_1_29' title="bbox 2108 1503 3718 1586">
     <span class='ocr_line' id='line_1_29' title="bbox 2108 1503 3718 1586; baseline -0.001 -27"><span class='ocrx_word' id='word_1_192' title='bbox 2108 1503 2180 1560; x_wconf 78' lang='grc' dir='ltr'><strong>ιὺκ</strong></span> <span class='ocrx_word' id='word_1_193' title='bbox 2237 1503 2572 1580; x_wconf 75' lang='grc' dir='ltr'>ἐτόλμησαν,</span> <span class='ocrx_word' id='word_1_194' title='bbox 2619 1503 2829 1580; x_wconf 84' lang='grc' dir='ltr'>μᾶλλον</span> <span class='ocrx_word' id='word_1_195' title='bbox 2873 1505 2928 1561; x_wconf 75' lang='grc' dir='ltr'>δὲ</span> <span class='ocrx_word' id='word_1_196' title='bbox 2971 1507 3279 1586; x_wconf 79' lang='grc' dir='ltr'>ἡσύχασαν,</span> <span class='ocrx_word' id='word_1_197' title='bbox 3325 1506 3426 1572; x_wconf 76' lang='grc' dir='ltr'><strong>τὴν</strong></span> <span class='ocrx_word' id='word_1_198' title='bbox 3456 1506 3606 1584; x_wconf 80' lang='grc' dir='ltr'>ὥραν</span> <span class='ocrx_word' id='word_1_199' title='bbox 3635 1504 3718 1560; x_wconf 78' lang='grc' dir='ltr'><strong>καί</strong></span> 
     </span>
    </p>
   </div>
   <div class='ocr_carea' id='block_1_30' title="bbox 367 1586 2024 1677">
    <p class='ocr_par' dir='ltr' id='par_1_30' title="bbox 367 1586 2005 1677">
     <span class='ocr_line' id='line_1_30' title="bbox 367 1586 2005 1677; baseline -0.003 -13"><span class='ocrx_word' id='word_1_200' title='bbox 367 1586 531 1664; x_wconf 79' lang='lat' dir='ltr'><strong>dicta</strong></span> <span class='ocrx_word' id='word_1_201' title='bbox 554 1599 816 1662; x_wconf 81' lang='lat' dir='ltr'><strong>fuerant.</strong></span> <span class='ocrx_word' id='word_1_202' title='bbox 850 1597 994 1659; x_wconf 91' lang='lat' dir='ltr'><strong>Cum</strong></span> <span class='ocrx_word' id='word_1_203' title='bbox 1025 1604 1219 1657; x_wconf 90' lang='lat' dir='ltr'><strong>autem</strong></span> <span class='ocrx_word' id='word_1_204' title='bbox 1253 1597 1458 1677; x_wconf 83' lang='lat' dir='ltr'><strong>paucis</strong></span> <span class='ocrx_word' id='word_1_205' title='bbox 1484 1603 1617 1677; x_wconf 85' lang='lat' dir='ltr'><strong>post</strong></span> <span class='ocrx_word' id='word_1_206' title='bbox 1646 1586 1859 1658; x_wconf 86' lang='lat' dir='ltr'><strong>diebus</strong></span> <span class='ocrx_word' id='word_1_207' title='bbox 1889 1597 2005 1659; x_wconf 92' lang='lat' dir='ltr'><strong>hoc</strong></span> 
     </span>
    </p>
   </div>
   <div class='ocr_carea' id='block_1_31' title="bbox 2108 1586 3723 1677">
    <p class='ocr_par' dir='ltr' id='par_1_31' title="bbox 2108 1586 3723 1675">
     <span class='ocr_line' id='line_1_31' title="bbox 2108 1586 3723 1675; baseline 0 -27"><span class='ocrx_word' id='word_1_208' title='bbox 2108 1595 2184 1661; x_wconf 76' lang='grc' dir='ltr'><strong>τὴν</strong></span> <span class='ocrx_word' id='word_1_209' title='bbox 2240 1594 2402 1651; x_wconf 85' lang='grc' dir='ltr'>νύκτα</span> <span class='ocrx_word' id='word_1_210' title='bbox 2441 1595 2910 1674; x_wconf 79' lang='grc' dir='ltr'>σημειωσάμενοι,</span> <span class='ocrx_word' id='word_1_211' title='bbox 2940 1595 2996 1651; x_wconf 72' lang='grc' dir='ltr'>ἐν</span> <span class='ocrx_word' id='word_1_212' title='bbox 3025 1599 3062 1673; x_wconf 76' lang='grc' dir='ltr'><strong>ᾗ</strong></span> <span class='ocrx_word' id='word_1_213' title='bbox 3092 1603 3256 1652; x_wconf 78' lang='grc' dir='ltr'>ταῦτα</span> <span class='ocrx_word' id='word_1_214' title='bbox 3287 1594 3519 1675; x_wconf 48' lang='grc' dir='ltr'>ἐλέχθη.</span> <span class='ocrx_word' id='word_1_215' title='bbox 3557 1586 3649 1660; x_wconf 68' lang='grc' dir='ltr'>Ὠς</span> <span class='ocrx_word' id='word_1_216' title='bbox 3675 1591 3723 1649; x_wconf 74' lang='grc' dir='ltr'>δὲ</span> 
     </span>
    </p>
   </div>
   <div class='ocr_carea' id='block_1_32' title="bbox 367 1681 2024 1771">
    <p class='ocr_par' dir='ltr' id='par_1_32' title="bbox 367 1685 2002 1771">
     <span class='ocr_line' id='line_1_32' title="bbox 367 1685 2002 1771; baseline -0.004 -18"><span class='ocrx_word' id='word_1_217' title='bbox 367 1692 440 1753; x_wconf 89' lang='lat' dir='ltr'><strong>ad</strong></span> <span class='ocrx_word' id='word_1_218' title='bbox 477 1689 637 1771; x_wconf 88' lang='lat' dir='ltr'><strong>pium</strong></span> <span class='ocrx_word' id='word_1_219' title='bbox 698 1689 1122 1768; x_wconf 89' lang='lat' dir='ltr'><strong>imperatorem</strong></span> <span class='ocrx_word' id='word_1_220' title='bbox 1171 1687 1437 1750; x_wconf 91' lang='lat' dir='ltr'><strong>Leonem</strong></span> <span class='ocrx_word' id='word_1_221' title='bbox 1484 1685 1546 1748; x_wconf 90' lang='lat' dir='ltr'><strong>in</strong></span> <span class='ocrx_word' id='word_1_222' title='bbox 1579 1686 1878 1768; x_wconf 87' lang='lat' dir='ltr'><strong>principio</strong></span> <span class='ocrx_word' id='word_1_223' title='bbox 1912 1686 2002 1748; x_wconf 89' lang='lat' dir='ltr'><strong>sui</strong></span> 
     </span>
    </p>
   </div>
   <div class='ocr_carea' id='block_1_33' title="bbox 2108 1681 3726 1771">
    <p class='ocr_par' dir='ltr' id='par_1_33' title="bbox 2108 1681 3726 1765">
     <span class='ocr_line' id='line_1_33' title="bbox 2108 1681 3726 1765; baseline -0.001 -26"><span class='ocrx_word' id='word_1_224' title='bbox 2108 1682 2205 1739; x_wconf 80' lang='grc' dir='ltr'>ιετ⁹</span> <span class='ocrx_word' id='word_1_225' title='bbox 2237 1681 2418 1762; x_wconf 79' lang='grc' dir='ltr'>ὀλίγας</span> <span class='ocrx_word' id='word_1_226' title='bbox 2453 1683 2660 1762; x_wconf 77' lang='grc' dir='ltr'>ἡμέρας</span> <span class='ocrx_word' id='word_1_227' title='bbox 2703 1686 2737 1752; x_wconf 78' lang='grc' dir='ltr'><strong>ἡ</strong></span> <span class='ocrx_word' id='word_1_228' title='bbox 2798 1686 2919 1763; x_wconf 86' lang='grc' dir='ltr'>περὶ</span> <span class='ocrx_word' id='word_1_229' title='bbox 2969 1685 3157 1742; x_wconf 78' lang='grc' dir='ltr'>τούτου</span> <span class='ocrx_word' id='word_1_230' title='bbox 3217 1685 3458 1765; x_wconf 74' lang='grc' dir='ltr'>ἀναφορὰ</span> <span class='ocrx_word' id='word_1_231' title='bbox 3508 1685 3603 1741; x_wconf 77' lang='grc' dir='ltr'>τὸν</span> <span class='ocrx_word' id='word_1_232' title='bbox 3647 1685 3726 1739; x_wconf 71' lang='grc' dir='ltr'><strong>εὖ·</strong></span> 
     </span>
    </p>
   </div>
   <div class='ocr_carea' id='block_1_34' title="bbox 366 1770 2024 1861">
    <p class='ocr_par' dir='ltr' id='par_1_34' title="bbox 366 1770 2000 1861">
     <span class='ocr_line' id='line_1_34' title="bbox 366 1770 2000 1861; baseline -0.006 -16"><span class='ocrx_word' id='word_1_233' title='bbox 366 1770 609 1861; x_wconf 86' lang='lat' dir='ltr'><strong>imperii</strong></span> <span class='ocrx_word' id='word_1_234' title='bbox 640 1777 893 1840; x_wconf 92' lang='lat' dir='ltr'><strong>relatum</strong></span> <span class='ocrx_word' id='word_1_235' title='bbox 927 1783 1174 1852; x_wconf 89' lang='lat' dir='ltr'><strong>esset,et</strong></span> <span class='ocrx_word' id='word_1_236' title='bbox 1197 1774 1479 1838; x_wconf 90' lang='lat' dir='ltr'><strong>omnibus</strong></span> <span class='ocrx_word' id='word_1_237' title='bbox 1505 1775 1565 1837; x_wconf 91' lang='lat' dir='ltr'><strong>id</strong></span> <span class='ocrx_word' id='word_1_238' title='bbox 1591 1784 1751 1838; x_wconf 89' lang='lat' dir='ltr'><strong>esset</strong></span> <span class='ocrx_word' id='word_1_239' title='bbox 1772 1783 2000 1851; x_wconf 89' lang='lat' dir='ltr'><strong>notum,</strong></span> 
     </span>
    </p>
   </div>
   <div class='ocr_carea' id='block_1_35' title="bbox 2108 1770 3728 1861">
    <p class='ocr_par' dir='ltr' id='par_1_35' title="bbox 2108 1770 3728 1854">
     <span class='ocr_line' id='line_1_35' title="bbox 2108 1770 3728 1854; baseline 0 -26"><span class='ocrx_word' id='word_1_240' title='bbox 2108 1770 2406 1831; x_wconf 72' lang='grc' dir='ltr'>τεϐἑστατον</span> <span class='ocrx_word' id='word_1_241' title='bbox 2461 1773 2687 1851; x_wconf 80' lang='grc' dir='ltr'>βασιλέα</span> <span class='ocrx_word' id='word_1_242' title='bbox 2732 1773 2786 1830; x_wconf 80' lang='grc' dir='ltr'>ἐν</span> <span class='ocrx_word' id='word_1_243' title='bbox 2832 1787 2955 1838; x_wconf 79' lang='grc' dir='ltr'>ταῖς</span> <span class='ocrx_word' id='word_1_244' title='bbox 2999 1775 3200 1854; x_wconf 78' lang='grc' dir='ltr'>ἀρχαῖς</span> <span class='ocrx_word' id='word_1_245' title='bbox 3251 1777 3409 1832; x_wconf 77' lang='grc' dir='ltr'>αὑτοῦ</span> <span class='ocrx_word' id='word_1_246' title='bbox 3468 1771 3728 1832; x_wconf 75' lang='grc' dir='ltr'>κατέλαϐε</span> 
     </span>
    </p>
   </div>
   <div class='ocr_carea' id='block_1_36' title="bbox 371 1860 2024 1948">
    <p class='ocr_par' dir='ltr' id='par_1_36' title="bbox 371 1860 2008 1948">
     <span class='ocr_line' id='line_1_36' title="bbox 371 1860 2008 1948; baseline -0.004 -15"><span class='ocrx_word' id='word_1_247' title='bbox 371 1860 687 1948; x_wconf 84' lang='lat' dir='ltr'><strong>diligenter</strong></span> <span class='ocrx_word' id='word_1_248' title='bbox 745 1868 992 1928; x_wconf 83' lang='lat' dir='ltr'><strong>scrutati</strong></span> <span class='ocrx_word' id='word_1_249' title='bbox 1051 1867 1154 1944; x_wconf 88' lang='lat' dir='ltr'><strong>qui</strong></span> <span class='ocrx_word' id='word_1_250' title='bbox 1203 1866 1576 1941; x_wconf 82' lang='lat' dir='ltr'><strong>audiverant,</strong></span> <span class='ocrx_word' id='word_1_251' title='bbox 1651 1867 2008 1928; x_wconf 89' lang='lat' dir='ltr'><strong>invenerunt</strong></span> 
     </span>
    </p>
   </div>
   <div class='ocr_carea' id='block_1_37' title="bbox 2108 1860 3726 1948">
    <p class='ocr_par' dir='ltr' id='par_1_37' title="bbox 2108 1860 3726 1944">
     <span class='ocr_line' id='line_1_37' title="bbox 2108 1860 3726 1944; baseline -0.001 -26"><span class='ocrx_word' id='word_1_252' title='bbox 2108 1860 2314 1938; x_wconf 55' lang='grc' dir='ltr'>λέοντα,</span> <span class='ocrx_word' id='word_1_253' title='bbox 2361 1863 2457 1920; x_wconf 81' lang='grc' dir='ltr'>καί</span> <span class='ocrx_word' id='word_1_254' title='bbox 2505 1877 2624 1927; x_wconf 79' lang='grc' dir='ltr'>τοῖς</span> <span class='ocrx_word' id='word_1_255' title='bbox 2679 1870 2842 1921; x_wconf 81' lang='grc' dir='ltr'>πᾶσιν</span> <span class='ocrx_word' id='word_1_256' title='bbox 2893 1863 3211 1944; x_wconf 71' lang='grc' dir='ltr'>ἐγνωρίσθη,</span> <span class='ocrx_word' id='word_1_257' title='bbox 3262 1863 3726 1943; x_wconf 74' lang='grc' dir='ltr'>φιλοπονήσαντες</span> 
     </span>
    </p>
   </div>
   <div class='ocr_carea' id='block_1_38' title="bbox 373 1954 2004 2037">
    <p class='ocr_par' dir='ltr' id='par_1_38' title="bbox 373 1954 2004 2037">
     <span class='ocr_line' id='line_1_38' title="bbox 373 1954 2004 2037; baseline -0.004 -15"><span class='ocrx_word' id='word_1_258' title='bbox 373 1961 555 2022; x_wconf 90' lang='lat' dir='ltr'><strong>fuisse</strong></span> <span class='ocrx_word' id='word_1_259' title='bbox 584 1964 814 2020; x_wconf 92' lang='lat' dir='ltr'><strong>certum</strong></span> <span class='ocrx_word' id='word_1_260' title='bbox 845 1955 1004 2037; x_wconf 89' lang='lat' dir='ltr'><strong>quod</strong></span> <span class='ocrx_word' id='word_1_261' title='bbox 1037 1954 1290 2019; x_wconf 89' lang='lat' dir='ltr'><strong>Sanctus</strong></span> <span class='ocrx_word' id='word_1_262' title='bbox 1321 1955 1578 2033; x_wconf 78' lang='lat' dir='ltr'><strong>dixerat,</strong></span> <span class='ocrx_word' id='word_1_263' title='bbox 1633 1963 1696 2018; x_wconf 90' lang='lat' dir='ltr'><strong>ut</strong></span> <span class='ocrx_word' id='word_1_264' title='bbox 1719 1955 1876 2036; x_wconf 92' lang='lat' dir='ltr'><strong>quod</strong></span> <span class='ocrx_word' id='word_1_265' title='bbox 1910 1955 2004 2016; x_wconf 89' lang='lat' dir='ltr'><strong>di-</strong></span> 
     </span>
    </p>
   </div>
   <div class='ocr_carea' id='block_1_39' title="bbox 371 2044 2003 2127">
    <p class='ocr_par' dir='ltr' id='par_1_39' title="bbox 371 2044 2003 2127">
     <span class='ocr_line' id='line_1_39' title="bbox 371 2044 2003 2127; baseline -0.002 -17"><span class='ocrx_word' id='word_1_266' title='bbox 371 2051 507 2111; x_wconf 91' lang='lat' dir='ltr'><strong>vina</strong></span> <span class='ocrx_word' id='word_1_267' title='bbox 531 2045 718 2126; x_wconf 83' lang='lat' dir='ltr'><strong>gratia</strong></span> <span class='ocrx_word' id='word_1_268' title='bbox 752 2045 1123 2127; x_wconf 76' lang='lat' dir='ltr'><strong>praedixisset</strong></span> <span class='ocrx_word' id='word_1_269' title='bbox 1153 2063 1258 2126; x_wconf 92' lang='lat' dir='ltr'><strong>per</strong></span> <span class='ocrx_word' id='word_1_270' title='bbox 1297 2044 1722 2107; x_wconf 90' lang='lat' dir='ltr'><strong>revelationem</strong></span> <span class='ocrx_word' id='word_1_271' title='bbox 1755 2044 1818 2107; x_wconf 90' lang='lat' dir='ltr'><strong>in</strong></span> <span class='ocrx_word' id='word_1_272' title='bbox 1851 2063 2003 2107; x_wconf 90' lang='lat' dir='ltr'><strong>con-</strong></span> 
     </span>
    </p>
   </div>
   <div class='ocr_carea' id='block_1_40' title="bbox 371 2132 2006 2216">
    <p class='ocr_par' dir='ltr' id='par_1_40' title="bbox 371 2132 2006 2216">
     <span class='ocr_line' id='line_1_40' title="bbox 371 2132 2006 2216; baseline -0.003 -16"><span class='ocrx_word' id='word_1_273' title='bbox 371 2137 770 2201; x_wconf 88' lang='lat' dir='ltr'><strong>summatione</strong></span> <span class='ocrx_word' id='word_1_274' title='bbox 799 2136 988 2197; x_wconf 86' lang='lat' dir='ltr'><strong>sancti</strong></span> <span class='ocrx_word' id='word_1_275' title='bbox 1019 2133 1354 2216; x_wconf 81' lang='lat' dir='ltr'><strong>Symeonis.</strong></span> <span class='ocrx_word' id='word_1_276' title='bbox 1385 2132 1577 2197; x_wconf 85' lang='lat' dir='ltr'><strong>Valde</strong></span> <span class='ocrx_word' id='word_1_277' title='bbox 1620 2153 1759 2213; x_wconf 86' lang='lat' dir='ltr'><strong>ergo</strong></span> <span class='ocrx_word' id='word_1_278' title='bbox 1790 2133 2006 2196; x_wconf 90' lang='lat' dir='ltr'><strong>obstu-</strong></span> 
     </span>
    </p>
   </div>
   <div class='ocr_carea' id='block_1_41' title="bbox 371 2224 2007 2310">
    <p class='ocr_par' dir='ltr' id='par_1_41' title="bbox 371 2224 2007 2310">
     <span class='ocr_line' id='line_1_41' title="bbox 371 2224 2007 2310; baseline -0.003 -20"><span class='ocrx_word' id='word_1_279' title='bbox 371 2227 588 2310; x_wconf 87' lang='lat' dir='ltr'><strong>pefacti</strong></span> <span class='ocrx_word' id='word_1_280' title='bbox 635 2233 698 2289; x_wconf 90' lang='lat' dir='ltr'><strong>et</strong></span> <span class='ocrx_word' id='word_1_281' title='bbox 751 2225 941 2288; x_wconf 92' lang='lat' dir='ltr'><strong>Deum</strong></span> <span class='ocrx_word' id='word_1_282' title='bbox 999 2225 1424 2305; x_wconf 87' lang='lat' dir='ltr'><strong>gloriﬁcantes,</strong></span> <span class='ocrx_word' id='word_1_283' title='bbox 1484 2224 1545 2286; x_wconf 91' lang='lat' dir='ltr'><strong>in</strong></span> <span class='ocrx_word' id='word_1_284' title='bbox 1603 2225 1718 2287; x_wconf 92' lang='lat' dir='ltr'><strong>hoc</strong></span> <span class='ocrx_word' id='word_1_285' title='bbox 1771 2241 2007 2306; x_wconf 90' lang='lat' dir='ltr'><strong>quoque</strong></span> 
     </span>
    </p>
   </div>
   <div class='ocr_carea' id='block_1_42' title="bbox 373 2315 1438 2396">
    <p class='ocr_par' dir='ltr' id='par_1_42' title="bbox 373 2315 1438 2396">
     <span class='ocr_line' id='line_1_42' title="bbox 373 2315 1438 2396; baseline -0.004 -13"><span class='ocrx_word' id='word_1_286' title='bbox 373 2317 531 2384; x_wconf 90' lang='lat' dir='ltr'><strong>docti</strong></span> <span class='ocrx_word' id='word_1_287' title='bbox 563 2316 754 2395; x_wconf 91' lang='lat' dir='ltr'><strong>fuere,</strong></span> <span class='ocrx_word' id='word_1_288' title='bbox 785 2315 972 2377; x_wconf 91' lang='lat' dir='ltr'><strong>Deum</strong></span> <span class='ocrx_word' id='word_1_289' title='bbox 1009 2333 1185 2396; x_wconf 91' lang='lat' dir='ltr'><strong>posse</strong></span> <span class='ocrx_word' id='word_1_290' title='bbox 1209 2316 1438 2380; x_wconf 80' lang='lat' dir='ltr'><strong>omnia.</strong></span> 
     </span>
    </p>
   </div>
   <div class='ocr_carea' id='block_1_43' title="bbox 453 2403 2010 2480">
    <p class='ocr_par' dir='ltr' id='par_1_43' title="bbox 453 2403 2010 2480">
     <span class='ocr_line' id='line_1_43' title="bbox 453 2403 2010 2480; baseline -0.003 -10"><span class='ocrx_word' id='word_1_291' title='bbox 453 2405 632 2470; x_wconf 84' lang='lat' dir='ltr'><strong>LVII.</strong></span> <span class='ocrx_word' id='word_1_292' title='bbox 665 2403 834 2477; x_wconf 88' lang='lat' dir='ltr'><strong>Quod</strong></span> <span class='ocrx_word' id='word_1_293' title='bbox 867 2422 1007 2466; x_wconf 90' lang='lat' dir='ltr'><strong>vero</strong></span> <span class='ocrx_word' id='word_1_294' title='bbox 1041 2405 1166 2470; x_wconf 60' lang='lat' dir='ltr'><strong>haec</strong></span> <span class='ocrx_word' id='word_1_295' title='bbox 1197 2424 1232 2466; x_wconf 90' lang='lat' dir='ltr'><strong>a</strong></span> <span class='ocrx_word' id='word_1_296' title='bbox 1263 2405 1459 2480; x_wconf 90' lang='lat' dir='ltr'><strong>nobis,</strong></span> <span class='ocrx_word' id='word_1_297' title='bbox 1521 2422 1642 2466; x_wconf 90' lang='lat' dir='ltr'><strong>non</strong></span> <span class='ocrx_word' id='word_1_298' title='bbox 1673 2403 1803 2466; x_wconf 85' lang='lat' dir='ltr'><strong>sola</strong></span> <span class='ocrx_word' id='word_1_299' title='bbox 1831 2403 2010 2466; x_wconf 88' lang='lat' dir='ltr'><strong>motis</strong></span> 
     </span>
    </p>
   </div>
   <div class='ocr_carea' id='block_1_44' title="bbox 2089 1951 3727 2032">
    <p class='ocr_par' dir='ltr' id='par_1_44' title="bbox 2089 1951 3727 2032">
     <span class='ocr_line' id='line_1_44' title="bbox 2089 1951 3727 2032; baseline -0.002 -23"><span class='ocrx_word' id='word_1_300' title='bbox 2089 1954 2136 2009; x_wconf 82' lang='grc' dir='ltr'>οἱ</span> <span class='ocrx_word' id='word_1_301' title='bbox 2179 1951 2475 2020; x_wconf 73' lang='grc' dir='ltr'>ἀκηκοότες</span> <span class='ocrx_word' id='word_1_302' title='bbox 2521 1953 2670 2032; x_wconf 82' lang='grc' dir='ltr'>εὗρον</span> <span class='ocrx_word' id='word_1_303' title='bbox 2717 1951 2932 2026; x_wconf 78' lang='grc' dir='ltr'>ἀπλανῆ</span> <span class='ocrx_word' id='word_1_304' title='bbox 2974 1961 3069 2010; x_wconf 78' lang='grc' dir='ltr'>τοῦ</span> <span class='ocrx_word' id='word_1_305' title='bbox 3112 1955 3258 2011; x_wconf 66' lang='grc' dir='ltr'>ὁσίου</span> <span class='ocrx_word' id='word_1_306' title='bbox 3287 1953 3387 2021; x_wconf 79' lang='grc' dir='ltr'>τὴν</span> <span class='ocrx_word' id='word_1_307' title='bbox 3433 1953 3624 2032; x_wconf 76' lang='grc' dir='ltr'>ῥῆσιν,</span> <span class='ocrx_word' id='word_1_308' title='bbox 3667 1951 3727 2019; x_wconf 73' lang='grc' dir='ltr'>ἣν</span> 
     </span>
    </p>
   </div>
   <div class='ocr_carea' id='block_1_45' title="bbox 2087 2041 3730 2124">
    <p class='ocr_par' dir='ltr' id='par_1_45' title="bbox 2087 2041 3730 2124">
     <span class='ocr_line' id='line_1_45' title="bbox 2087 2041 3730 2124; baseline 0 -27"><span class='ocrx_word' id='word_1_309' title='bbox 2087 2042 2271 2122; x_wconf 78' lang='grc' dir='ltr'>χάριτι</span> <span class='ocrx_word' id='word_1_310' title='bbox 2317 2043 2430 2116; x_wconf 80' lang='grc' dir='ltr'>θείᾴ</span> <span class='ocrx_word' id='word_1_311' title='bbox 2474 2044 2608 2102; x_wconf 73' lang='grc' dir='ltr'>κατὰ</span> <span class='ocrx_word' id='word_1_312' title='bbox 2651 2041 2991 2120; x_wconf 77' lang='grc' dir='ltr'>ἀποκάλυψιν</span> <span class='ocrx_word' id='word_1_313' title='bbox 3037 2044 3344 2124; x_wconf 76' lang='grc' dir='ltr'>προειρήκει</span> <span class='ocrx_word' id='word_1_314' title='bbox 3396 2045 3451 2098; x_wconf 72' lang='grc' dir='ltr'>ἓν</span> <span class='ocrx_word' id='word_1_315' title='bbox 3512 2047 3587 2118; x_wconf 81' lang='grc' dir='ltr'><strong>τῇ</strong></span> <span class='ocrx_word' id='word_1_316' title='bbox 3642 2062 3730 2097; x_wconf 86' lang='grc' dir='ltr'>τε-</span> 
     </span>
    </p>
   </div>
   <div class='ocr_carea' id='block_1_46' title="bbox 2088 2129 3730 2208">
    <p class='ocr_par' dir='ltr' id='par_1_46' title="bbox 2088 2129 3730 2208">
     <span class='ocr_line' id='line_1_46' title="bbox 2088 2129 3730 2208; baseline -0.002 -21"><span class='ocrx_word' id='word_1_317' title='bbox 2088 2130 2301 2189; x_wconf 90' lang='grc' dir='ltr'>λειώσει</span> <span class='ocrx_word' id='word_1_318' title='bbox 2355 2139 2449 2189; x_wconf 81' lang='grc' dir='ltr'>τοῦ</span> <span class='ocrx_word' id='word_1_319' title='bbox 2519 2132 2671 2208; x_wconf 83' lang='grc' dir='ltr'>ἁγίου</span> <span class='ocrx_word' id='word_1_320' title='bbox 2747 2137 3058 2208; x_wconf 83' lang='grc' dir='ltr'>Συμεῶνος.</span> <span class='ocrx_word' id='word_1_321' title='bbox 3121 2131 3576 2208; x_wconf 82' lang='grc' dir='ltr'>Καταπλαγέντες</span> <span class='ocrx_word' id='word_1_322' title='bbox 3648 2129 3730 2186; x_wconf 75' lang='grc' dir='ltr'><strong>οὖν</strong></span> 
     </span>
    </p>
   </div>
   <div class='ocr_carea' id='block_1_47' title="bbox 2090 2220 3732 2303">
    <p class='ocr_par' dir='ltr' id='par_1_47' title="bbox 2090 2220 3732 2303">
     <span class='ocr_line' id='line_1_47' title="bbox 2090 2220 3732 2303; baseline -0.001 -25"><span class='ocrx_word' id='word_1_323' title='bbox 2090 2220 2331 2302; x_wconf 71' lang='grc' dir='ltr'>σφοδρῶς</span> <span class='ocrx_word' id='word_1_324' title='bbox 2389 2224 2478 2278; x_wconf 83' lang='grc' dir='ltr'>καὶ</span> <span class='ocrx_word' id='word_1_325' title='bbox 2521 2221 2826 2294; x_wconf 73' lang='grc' dir='ltr'>δοξάζοντες</span> <span class='ocrx_word' id='word_1_326' title='bbox 2870 2223 2963 2279; x_wconf 82' lang='grc' dir='ltr'><strong>τὸν</strong></span> <span class='ocrx_word' id='word_1_327' title='bbox 3006 2223 3160 2303; x_wconf 81' lang='grc' dir='ltr'>Θεὸν,</span> <span class='ocrx_word' id='word_1_328' title='bbox 3219 2220 3588 2302; x_wconf 75' lang='grc' dir='ltr'>ἐδιδάχθησαν</span> <span class='ocrx_word' id='word_1_329' title='bbox 3641 2222 3732 2277; x_wconf 84' lang='grc' dir='ltr'>καί</span> 
     </span>
    </p>
   </div>
   <div class='ocr_carea' id='block_1_48' title="bbox 2091 2309 3362 2391">
    <p class='ocr_par' dir='ltr' id='par_1_48' title="bbox 2091 2309 3362 2391">
     <span class='ocr_line' id='line_1_48' title="bbox 2091 2309 3362 2391; baseline 0.003 -24"><span class='ocrx_word' id='word_1_330' title='bbox 2091 2309 2145 2367; x_wconf 77' lang='grc' dir='ltr'>ἐν</span> <span class='ocrx_word' id='word_1_331' title='bbox 2173 2312 2366 2386; x_wconf 83' lang='grc' dir='ltr'>τούτῷ,</span> <span class='ocrx_word' id='word_1_332' title='bbox 2400 2309 2482 2368; x_wconf 83' lang='grc' dir='ltr'><strong>ὅτι</strong></span> <span class='ocrx_word' id='word_1_333' title='bbox 2514 2312 2689 2368; x_wconf 84' lang='grc' dir='ltr'>πάντα</span> <span class='ocrx_word' id='word_1_334' title='bbox 2722 2309 2915 2368; x_wconf 84' lang='grc' dir='ltr'>δυνατὰ</span> <span class='ocrx_word' id='word_1_335' title='bbox 2943 2313 3086 2391; x_wconf 83' lang='grc' dir='ltr'><strong>παρά</strong></span> <span class='ocrx_word' id='word_1_336' title='bbox 3115 2317 3191 2386; x_wconf 85' lang='grc' dir='ltr'><strong>τῷ</strong></span> <span class='ocrx_word' id='word_1_337' title='bbox 3223 2313 3362 2388; x_wconf 83' lang='grc' dir='ltr'><strong>Θεῷ.</strong></span> 
     </span>
    </p>
   </div>
   <div class='ocr_carea' id='block_1_49' title="bbox 2174 2392 3734 2482">
    <p class='ocr_par' dir='ltr' id='par_1_49' title="bbox 2174 2392 3734 2482">
     <span class='ocr_line' id='line_1_49' title="bbox 2174 2392 3734 2482; baseline -0.003 -22"><span class='ocrx_word' id='word_1_338' title='bbox 2174 2392 2300 2460; x_wconf 71' lang='grc' dir='ltr'><strong>ΝΖ’.</strong></span> <span class='ocrx_word' id='word_1_339' title='bbox 2346 2400 2468 2460; x_wconf 80' lang='grc' dir='ltr'>’Ότι</span> <span class='ocrx_word' id='word_1_340' title='bbox 2498 2399 2553 2458; x_wconf 81' lang='grc' dir='ltr'>δὲ</span> <span class='ocrx_word' id='word_1_341' title='bbox 2602 2402 2700 2458; x_wconf 83' lang='grc' dir='ltr'><strong>οὑκ</strong></span> <span class='ocrx_word' id='word_1_342' title='bbox 2744 2400 3161 2482; x_wconf 80' lang='grc' dir='ltr'>ἐστοχασμένως</span> <span class='ocrx_word' id='word_1_343' title='bbox 3203 2401 3328 2480; x_wconf 88' lang='grc' dir='ltr'>παρ’</span> <span class='ocrx_word' id='word_1_344' title='bbox 3366 2402 3529 2477; x_wconf 76' lang='grc' dir='ltr'>ἡμῶν</span> <span class='ocrx_word' id='word_1_345' title='bbox 3575 2410 3734 2460; x_wconf 85' lang='grc' dir='ltr'>ταῦτα</span> 
     </span>
    </p>
   </div>
   <div class='ocr_carea' id='block_1_50' title="bbox 375 2487 2024 2578">
    <p class='ocr_par' dir='ltr' id='par_1_50' title="bbox 375 2493 2008 2578">
     <span class='ocr_line' id='line_1_50' title="bbox 375 2493 2008 2578; baseline -0.004 -17"><span class='ocrx_word' id='word_1_346' title='bbox 375 2493 908 2578; x_wconf 88' lang='lat' dir='ltr'><strong>conjectura,dicta</strong></span> <span class='ocrx_word' id='word_1_347' title='bbox 935 2493 1190 2568; x_wconf 87' lang='lat' dir='ltr'><strong>sint,sed</strong></span> <span class='ocrx_word' id='word_1_348' title='bbox 1223 2514 1354 2576; x_wconf 59' lang='lat' dir='ltr'><strong>quae</strong></span> <span class='ocrx_word' id='word_1_349' title='bbox 1379 2494 1830 2557; x_wconf 79' lang='lat' dir='ltr'><strong>accuratissime</strong></span> <span class='ocrx_word' id='word_1_350' title='bbox 1846 2493 2008 2557; x_wconf 90' lang='lat' dir='ltr'><strong>didi-</strong></span> 
     </span>
    </p>
   </div>
   <div class='ocr_carea' id='block_1_51' title="bbox 2108 2487 3734 2578">
    <p class='ocr_par' dir='ltr' id='par_1_51' title="bbox 2108 2487 3734 2570">
     <span class='ocr_line' id='line_1_51' title="bbox 2108 2487 3734 2570; baseline -0.001 -22"><span class='ocrx_word' id='word_1_351' title='bbox 2108 2491 2367 2570; x_wconf 58' lang='grc' dir='ltr'><strong>ίιιὶλεκτξαι,</strong></span> <span class='ocrx_word' id='word_1_352' title='bbox 2401 2489 2541 2548; x_wconf 77' lang='grc' dir='ltr'>ἀλλὰ</span> <span class='ocrx_word' id='word_1_353' title='bbox 2590 2489 2727 2565; x_wconf 78' lang='grc' dir='ltr'>μετὰ</span> <span class='ocrx_word' id='word_1_354' title='bbox 2774 2487 3022 2555; x_wconf 83' lang='grc' dir='ltr'>πλείονος</span> <span class='ocrx_word' id='word_1_355' title='bbox 3073 2488 3372 2569; x_wconf 80' lang='grc' dir='ltr'>ἀκριϐείας,</span> <span class='ocrx_word' id='word_1_356' title='bbox 3433 2491 3580 2570; x_wconf 75' lang='grc' dir='ltr'>ἅπερ</span> <span class='ocrx_word' id='word_1_357' title='bbox 3636 2512 3734 2566; x_wconf 80' lang='grc' dir='ltr'>με·</span> 
     </span>
    </p>
   </div>
   <div class='ocr_carea' id='block_1_52' title="bbox 377 2579 2024 2666">
    <p class='ocr_par' dir='ltr' id='par_1_52' title="bbox 377 2583 2014 2666">
     <span class='ocr_line' id='line_1_52' title="bbox 377 2583 2014 2666; baseline -0.002 -16"><span class='ocrx_word' id='word_1_358' title='bbox 377 2589 564 2650; x_wconf 91' lang='lat' dir='ltr'><strong>cimus</strong></span> <span class='ocrx_word' id='word_1_359' title='bbox 589 2583 664 2648; x_wconf 89' lang='lat' dir='ltr'><strong>ab</strong></span> <span class='ocrx_word' id='word_1_360' title='bbox 687 2602 806 2645; x_wconf 82' lang='lat' dir='ltr'><strong>uno</strong></span> <span class='ocrx_word' id='word_1_361' title='bbox 828 2583 903 2645; x_wconf 90' lang='lat' dir='ltr'><strong>ab</strong></span> <span class='ocrx_word' id='word_1_362' title='bbox 935 2584 1073 2664; x_wconf 89' lang='lat' dir='ltr'><strong>ejus</strong></span> <span class='ocrx_word' id='word_1_363' title='bbox 1096 2583 1576 2666; x_wconf 88' lang='lat' dir='ltr'><strong>administris,ea</strong></span> <span class='ocrx_word' id='word_1_364' title='bbox 1603 2585 1781 2646; x_wconf 88' lang='lat' dir='ltr'><strong>etiam</strong></span> <span class='ocrx_word' id='word_1_365' title='bbox 1815 2602 2014 2665; x_wconf 85' lang='lat' dir='ltr'><strong>perse-</strong></span> 
     </span>
    </p>
   </div>
   <div class='ocr_carea' id='block_1_53' title="bbox 2108 2579 3737 2666">
    <p class='ocr_par' dir='ltr' id='par_1_53' title="bbox 2108 2579 3737 2658">
     <span class='ocr_line' id='line_1_53' title="bbox 2108 2579 3737 2658; baseline -0.002 -20"><span class='ocrx_word' id='word_1_366' title='bbox 2108 2583 2414 2657; x_wconf 71' lang='grc' dir='ltr'>ααθήκαμεν</span> <span class='ocrx_word' id='word_1_367' title='bbox 2471 2579 2595 2654; x_wconf 88' lang='grc' dir='ltr'>παρ’</span> <span class='ocrx_word' id='word_1_368' title='bbox 2655 2581 2771 2643; x_wconf 74' lang='grc' dir='ltr'>ἐνὸς</span> <span class='ocrx_word' id='word_1_369' title='bbox 2828 2586 2934 2636; x_wconf 87' lang='grc' dir='ltr'><strong>τῶν</strong></span> <span class='ocrx_word' id='word_1_370' title='bbox 2991 2581 3271 2658; x_wconf 79' lang='grc' dir='ltr'>ὑπουργῶν</span> <span class='ocrx_word' id='word_1_371' title='bbox 3327 2581 3510 2654; x_wconf 76' lang='grc' dir='ltr'>αὑτοῦ,</span> <span class='ocrx_word' id='word_1_372' title='bbox 3576 2589 3737 2637; x_wconf 85' lang='grc' dir='ltr'>ταῦτα</span> 
     </span>
    </p>
   </div>
   <div class='ocr_carea' id='block_1_54' title="bbox 378 2667 2024 2756">
    <p class='ocr_par' dir='ltr' id='par_1_54' title="bbox 378 2673 2014 2756">
     <span class='ocr_line' id='line_1_54' title="bbox 378 2673 2014 2756; baseline -0.002 -16"><span class='ocrx_word' id='word_1_373' title='bbox 378 2677 500 2740; x_wconf 86' lang='lat' dir='ltr'><strong>cuti</strong></span> <span class='ocrx_word' id='word_1_374' title='bbox 533 2692 766 2736; x_wconf 88' lang='lat' dir='ltr'><strong>sumus.</strong></span> <span class='ocrx_word' id='word_1_375' title='bbox 798 2675 988 2736; x_wconf 89' lang='lat' dir='ltr'><strong>Nemo</strong></span> <span class='ocrx_word' id='word_1_376' title='bbox 1021 2692 1160 2753; x_wconf 84' lang='lat' dir='ltr'><strong>ergo</strong></span> <span class='ocrx_word' id='word_1_377' title='bbox 1191 2673 1424 2736; x_wconf 87' lang='lat' dir='ltr'><strong>dubitet</strong></span> <span class='ocrx_word' id='word_1_378' title='bbox 1459 2695 1474 2752; x_wconf 89' lang='lat'><strong>;</strong></span> <span class='ocrx_word' id='word_1_379' title='bbox 1507 2693 1643 2736; x_wconf 90' lang='lat' dir='ltr'><strong>nam</strong></span> <span class='ocrx_word' id='word_1_380' title='bbox 1667 2673 1768 2756; x_wconf 88' lang='lat' dir='ltr'><strong>qui</strong></span> <span class='ocrx_word' id='word_1_381' title='bbox 1801 2691 1910 2735; x_wconf 84' lang='lat' dir='ltr'><strong>nos</strong></span> <span class='ocrx_word' id='word_1_382' title='bbox 1939 2673 2014 2736; x_wconf 89' lang='lat' dir='ltr'><strong>de</strong></span> 
     </span>
    </p>
   </div>
   <div class='ocr_carea' id='block_1_55' title="bbox 2108 2667 3737 2756">
    <p class='ocr_par' dir='ltr' id='par_1_55' title="bbox 2108 2667 3737 2749">
     <span class='ocr_line' id='line_1_55' title="bbox 2108 2667 3737 2749; baseline 0 -23"><span class='ocrx_word' id='word_1_383' title='bbox 2108 2669 2467 2745; x_wconf 64' lang='grc' dir='ltr'>διεξήλθομεν,</span> <span class='ocrx_word' id='word_1_384' title='bbox 2497 2668 2686 2746; x_wconf 85' lang='grc' dir='ltr'>μηδεὶς</span> <span class='ocrx_word' id='word_1_385' title='bbox 2743 2667 3152 2749; x_wconf 75' lang='grc' dir='ltr'>ἀμφιϐαλλέτω.</span> <span class='ocrx_word' id='word_1_386' title='bbox 3205 2669 3370 2733; x_wconf 84' lang='grc' dir='ltr'>Οὗτος</span> <span class='ocrx_word' id='word_1_387' title='bbox 3415 2671 3546 2749; x_wconf 77' lang='grc' dir='ltr'>γὰρ,</span> <span class='ocrx_word' id='word_1_388' title='bbox 3592 2671 3737 2733; x_wconf 79' lang='grc' dir='ltr'>οὗτος</span> 
     </span>
    </p>
   </div>
   <div class='ocr_carea' id='block_1_56' title="bbox 376 2758 2024 2844">
    <p class='ocr_par' dir='ltr' id='par_1_56' title="bbox 376 2762 2016 2844">
     <span class='ocr_line' id='line_1_56' title="bbox 376 2762 2016 2844; baseline -0.004 -15"><span class='ocrx_word' id='word_1_389' title='bbox 376 2767 493 2829; x_wconf 91' lang='lat' dir='ltr'><strong>hoc</strong></span> <span class='ocrx_word' id='word_1_390' title='bbox 523 2762 963 2837; x_wconf 75' lang='lat' dir='ltr'><strong>instruxit,erat</strong></span> <span class='ocrx_word' id='word_1_391' title='bbox 988 2763 1235 2840; x_wconf 81' lang='lat' dir='ltr'><strong>quidem</strong></span> <span class='ocrx_word' id='word_1_392' title='bbox 1267 2763 1471 2844; x_wconf 81' lang='lat' dir='ltr'><strong>lingua</strong></span> <span class='ocrx_word' id='word_1_393' title='bbox 1499 2762 1883 2837; x_wconf 88' lang='lat' dir='ltr'><strong>barbarus,ut</strong></span> <span class='ocrx_word' id='word_1_394' title='bbox 1915 2762 2016 2844; x_wconf 92' lang='lat' dir='ltr'><strong>qui</strong></span> 
     </span>
    </p>
   </div>
   <div class='ocr_carea' id='block_1_57' title="bbox 2108 2758 3739 2844">
    <p class='ocr_par' dir='ltr' id='par_1_57' title="bbox 2108 2758 3739 2838">
     <span class='ocr_line' id='line_1_57' title="bbox 2108 2758 3739 2838; baseline -0.002 -22"><span class='ocrx_word' id='word_1_395' title='bbox 2108 2763 2130 2816; x_wconf 79' lang='grc' dir='ltr'><strong>ἕ)</strong></span> <span class='ocrx_word' id='word_1_396' title='bbox 2187 2763 2315 2838; x_wconf 81' lang='grc' dir='ltr'><strong>περί</strong></span> <span class='ocrx_word' id='word_1_397' title='bbox 2371 2759 2558 2818; x_wconf 82' lang='grc' dir='ltr'>τούτου</span> <span class='ocrx_word' id='word_1_398' title='bbox 2615 2760 2759 2834; x_wconf 80' lang='grc' dir='ltr'>ἡμᾶς</span> <span class='ocrx_word' id='word_1_399' title='bbox 2818 2759 3206 2838; x_wconf 79' lang='grc' dir='ltr'>στοιχειώσας,</span> <span class='ocrx_word' id='word_1_400' title='bbox 3258 2764 3326 2834; x_wconf 78' lang='grc' dir='ltr'>τῇ</span> <span class='ocrx_word' id='word_1_401' title='bbox 3380 2758 3605 2838; x_wconf 78' lang='grc' dir='ltr'>γλώττῃ</span> <span class='ocrx_word' id='word_1_402' title='bbox 3648 2761 3739 2834; x_wconf 76' lang='grc' dir='ltr'>μὲν</span> 
     </span>
    </p>
   </div>
   <div class='ocr_carea' id='block_1_58' title="bbox 380 2846 2024 2931">
    <p class='ocr_par' dir='ltr' id='par_1_58' title="bbox 380 2850 2016 2931">
     <span class='ocr_line' id='line_1_58' title="bbox 380 2850 2016 2931; baseline -0.002 -14"><span class='ocrx_word' id='word_1_403' title='bbox 380 2861 537 2917; x_wconf 81' lang='lat' dir='ltr'><strong>esset</strong></span> <span class='ocrx_word' id='word_1_404' title='bbox 567 2860 734 2915; x_wconf 91' lang='lat' dir='ltr'><strong>ortus</strong></span> <span class='ocrx_word' id='word_1_405' title='bbox 764 2868 834 2913; x_wconf 78' lang='lat' dir='ltr'><strong>ex</strong></span> <span class='ocrx_word' id='word_1_406' title='bbox 855 2850 1267 2931; x_wconf 80' lang='lat' dir='ltr'><strong>Mysia,mente</strong></span> <span class='ocrx_word' id='word_1_407' title='bbox 1291 2861 1496 2915; x_wconf 88' lang='lat' dir='ltr'><strong>autem</strong></span> <span class='ocrx_word' id='word_1_408' title='bbox 1521 2851 2016 2926; x_wconf 86' lang='lat' dir='ltr'><strong>honestissimus,</strong></span> 
     </span>
    </p>
   </div>
   <div class='ocr_carea' id='block_1_59' title="bbox 2108 2846 3741 2931">
    <p class='ocr_par' dir='ltr' id='par_1_59' title="bbox 2108 2846 3741 2928">
     <span class='ocr_line' id='line_1_59' title="bbox 2108 2846 3741 2928; baseline -0.001 -23"><span class='ocrx_word' id='word_1_409' title='bbox 2108 2846 2363 2928; x_wconf 74' lang='grc' dir='ltr'>βάρϐαρος</span> <span class='ocrx_word' id='word_1_410' title='bbox 2417 2849 2662 2928; x_wconf 76' lang='grc' dir='ltr'>ὑπῆρχεν</span> <span class='ocrx_word' id='word_1_411' title='bbox 2721 2848 2783 2905; x_wconf 85' lang='grc' dir='ltr'>ὲκ</span> <span class='ocrx_word' id='word_1_412' title='bbox 2840 2853 2936 2914; x_wconf 78' lang='grc' dir='ltr'><strong>τῆς</strong></span> <span class='ocrx_word' id='word_1_413' title='bbox 2990 2850 3190 2912; x_wconf 80' lang='grc' dir='ltr'>Μυσίας</span> <span class='ocrx_word' id='word_1_414' title='bbox 3267 2848 3612 2926; x_wconf 82' lang='grc' dir='ltr'>ὁρμώμενος,</span> <span class='ocrx_word' id='word_1_415' title='bbox 3680 2855 3741 2924; x_wconf 73' lang='grc' dir='ltr'>τῇ</span> 
     </span>
    </p>
   </div>
   <div class='ocr_carea' id='block_1_60' title="bbox 381 2937 2024 3023">
    <p class='ocr_par' dir='ltr' id='par_1_60' title="bbox 381 2940 2020 3023">
     <span class='ocr_line' id='line_1_60' title="bbox 381 2940 2020 3023; baseline -0.002 -17"><span class='ocrx_word' id='word_1_416' title='bbox 381 2953 447 3006; x_wconf 89' lang='lat' dir='ltr'><strong>ut</strong></span> <span class='ocrx_word' id='word_1_417' title='bbox 474 2941 577 3023; x_wconf 91' lang='lat' dir='ltr'><strong>qui</strong></span> <span class='ocrx_word' id='word_1_418' title='bbox 603 2957 988 3022; x_wconf 87' lang='lat' dir='ltr'><strong>perseverans</strong></span> <span class='ocrx_word' id='word_1_419' title='bbox 1028 2940 1184 3021; x_wconf 91' lang='lat' dir='ltr'><strong>apud</strong></span> <span class='ocrx_word' id='word_1_420' title='bbox 1208 2940 1446 3002; x_wconf 87' lang='lat' dir='ltr'><strong>beatum</strong></span> <span class='ocrx_word' id='word_1_421' title='bbox 1478 2942 1866 3016; x_wconf 81' lang='lat' dir='ltr'><strong>Auxentium,</strong></span> <span class='ocrx_word' id='word_1_422' title='bbox 1900 2960 2020 3002; x_wconf 92' lang='lat' dir='ltr'><strong>non</strong></span> 
     </span>
    </p>
   </div>
   <div class='ocr_carea' id='block_1_61' title="bbox 2108 2937 3742 3023">
    <p class='ocr_par' dir='ltr' id='par_1_61' title="bbox 2108 2937 3742 3018">
     <span class='ocr_line' id='line_1_61' title="bbox 2108 2937 3742 3018; baseline 0 -24"><span class='ocrx_word' id='word_1_423' title='bbox 2108 2938 2293 3018; x_wconf 82' lang='grc' dir='ltr'>γνώμῃ</span> <span class='ocrx_word' id='word_1_424' title='bbox 2322 2937 2378 2996; x_wconf 79' lang='grc' dir='ltr'>δὲ</span> <span class='ocrx_word' id='word_1_425' title='bbox 2423 2939 2754 3017; x_wconf 81' lang='grc' dir='ltr'>πάνσεμνος,</span> <span class='ocrx_word' id='word_1_426' title='bbox 2787 2938 2844 3002; x_wconf 86' lang='grc' dir='ltr'>ὃς</span> <span class='ocrx_word' id='word_1_427' title='bbox 2895 2939 3305 3016; x_wconf 78' lang='grc' dir='ltr'>προσκαρτερῶν</span> <span class='ocrx_word' id='word_1_428' title='bbox 3363 2945 3439 3013; x_wconf 83' lang='grc' dir='ltr'><strong>τῷ</strong></span> <span class='ocrx_word' id='word_1_429' title='bbox 3497 2941 3742 3017; x_wconf 72' lang='grc' dir='ltr'>μακαρίῳ</span> 
     </span>
    </p>
   </div>
   <div class='ocr_carea' id='block_1_62' title="bbox 381 3028 2016 3111">
    <p class='ocr_par' dir='ltr' id='par_1_62' title="bbox 381 3028 2016 3111">
     <span class='ocr_line' id='line_1_62' title="bbox 381 3028 2016 3111; baseline -0.002 -18"><span class='ocrx_word' id='word_1_430' title='bbox 381 3036 586 3094; x_wconf 87' lang='lat' dir='ltr'><strong>vinum</strong></span> <span class='ocrx_word' id='word_1_431' title='bbox 619 3028 858 3105; x_wconf 90' lang='lat' dir='ltr'><strong>biberit,</strong></span> <span class='ocrx_word' id='word_1_432' title='bbox 893 3047 1012 3091; x_wconf 90' lang='lat' dir='ltr'><strong>non</strong></span> <span class='ocrx_word' id='word_1_433' title='bbox 1060 3029 1191 3092; x_wconf 86' lang='lat' dir='ltr'><strong>oleo</strong></span> <span class='ocrx_word' id='word_1_434' title='bbox 1223 3049 1364 3092; x_wconf 92' lang='lat' dir='ltr'><strong>usus</strong></span> <span class='ocrx_word' id='word_1_435' title='bbox 1401 3031 1499 3106; x_wconf 88' lang='lat' dir='ltr'><strong>sit,</strong></span> <span class='ocrx_word' id='word_1_436' title='bbox 1535 3050 1652 3092; x_wconf 85' lang='lat' dir='ltr'><strong>non</strong></span> <span class='ocrx_word' id='word_1_437' title='bbox 1683 3031 2016 3111; x_wconf 89' lang='lat' dir='ltr'><strong>pulmento,</strong></span> 
     </span>
    </p>
   </div>
   <div class='ocr_carea' id='block_1_63' title="bbox 2105 3024 3741 3107">
    <p class='ocr_par' dir='ltr' id='par_1_63' title="bbox 2105 3024 3741 3107">
     <span class='ocr_line' id='line_1_63' title="bbox 2105 3024 3741 3107; baseline -0.001 -23"><span class='ocrx_word' id='word_1_438' title='bbox 2105 3027 2384 3103; x_wconf 77' lang='grc' dir='ltr'>Αὑξεντίῳ,</span> <span class='ocrx_word' id='word_1_439' title='bbox 2417 3031 2512 3086; x_wconf 74' lang='grc' dir='ltr'><strong>οὒκ</strong></span> <span class='ocrx_word' id='word_1_440' title='bbox 2553 3027 2705 3086; x_wconf 77' lang='grc' dir='ltr'>οἴνου</span> <span class='ocrx_word' id='word_1_441' title='bbox 2734 3024 3161 3102; x_wconf 80' lang='grc' dir='ltr'>μετελάμϐανεν,</span> <span class='ocrx_word' id='word_1_442' title='bbox 3219 3027 3313 3084; x_wconf 78' lang='grc' dir='ltr'><strong>οὒκ</strong></span> <span class='ocrx_word' id='word_1_443' title='bbox 3355 3027 3568 3107; x_wconf 79' lang='grc' dir='ltr'>ἐλαίου,</span> <span class='ocrx_word' id='word_1_444' title='bbox 3630 3029 3741 3085; x_wconf 70' lang='grc' dir='ltr'>οὔτε</span> 
     </span>
    </p>
   </div>
   <div class='ocr_carea' id='block_1_64' title="bbox 383 3115 2024 3202">
    <p class='ocr_par' dir='ltr' id='par_1_64' title="bbox 383 3118 2019 3201">
     <span class='ocr_line' id='line_1_64' title="bbox 383 3118 2019 3201; baseline -0.002 -17"><span class='ocrx_word' id='word_1_445' title='bbox 383 3140 505 3184; x_wconf 89' lang='lat' dir='ltr'><strong>non</strong></span> <span class='ocrx_word' id='word_1_446' title='bbox 531 3120 874 3192; x_wconf 88' lang='lat' dir='ltr'><strong>fructu,non</strong></span> <span class='ocrx_word' id='word_1_447' title='bbox 904 3118 1163 3201; x_wconf 90' lang='lat' dir='ltr'><strong>denique</strong></span> <span class='ocrx_word' id='word_1_448' title='bbox 1197 3119 1319 3182; x_wconf 91' lang='lat' dir='ltr'><strong>ullo</strong></span> <span class='ocrx_word' id='word_1_449' title='bbox 1343 3119 1636 3185; x_wconf 85' lang='lat' dir='ltr'><strong>alio.Nam</strong></span> <span class='ocrx_word' id='word_1_450' title='bbox 1663 3129 1878 3201; x_wconf 65' lang='lat' dir='ltr'><strong>praeter</strong></span> <span class='ocrx_word' id='word_1_451' title='bbox 1911 3138 2019 3200; x_wconf 90' lang='lat' dir='ltr'><strong>pa-</strong></span> 
     </span>
    </p>
   </div>
   <div class='ocr_carea' id='block_1_65' title="bbox 2108 3115 3744 3202">
    <p class='ocr_par' dir='ltr' id='par_1_65' title="bbox 2108 3115 3744 3196">
     <span class='ocr_line' id='line_1_65' title="bbox 2108 3115 3744 3196; baseline 0.002 -23"><span class='ocrx_word' id='word_1_452' title='bbox 2108 3116 2411 3193; x_wconf 74' lang='grc' dir='ltr'>ἑψήματος,</span> <span class='ocrx_word' id='word_1_453' title='bbox 2447 3115 2564 3175; x_wconf 71' lang='grc' dir='ltr'>οὔτε</span> <span class='ocrx_word' id='word_1_454' title='bbox 2594 3117 2835 3196; x_wconf 79' lang='grc' dir='ltr'>ὀπώρας,</span> <span class='ocrx_word' id='word_1_455' title='bbox 2872 3115 2966 3173; x_wconf 79' lang='grc' dir='ltr'><strong>οὒκ</strong></span> <span class='ocrx_word' id='word_1_456' title='bbox 3024 3115 3188 3173; x_wconf 71' lang='grc' dir='ltr'>ἄλλου</span> <span class='ocrx_word' id='word_1_457' title='bbox 3232 3118 3375 3182; x_wconf 82' lang='grc' dir='ltr'>τινὸς</span> <span class='ocrx_word' id='word_1_458' title='bbox 3409 3117 3560 3184; x_wconf 72' lang='grc' dir='ltr'>πλὴν</span> <span class='ocrx_word' id='word_1_459' title='bbox 3595 3118 3744 3196; x_wconf 78' lang='grc' dir='ltr'>ἄρτου</span> 
     </span>
    </p>
   </div>
   <div class='ocr_carea' id='block_1_66' title="bbox 382 3211 2016 3291">
    <p class='ocr_par' dir='ltr' id='par_1_66' title="bbox 382 3211 2016 3291">
     <span class='ocr_line' id='line_1_66' title="bbox 382 3211 2016 3291; baseline -0.002 -16"><span class='ocrx_word' id='word_1_460' title='bbox 382 3229 522 3275; x_wconf 89' lang='lat' dir='ltr'><strong>nem</strong></span> <span class='ocrx_word' id='word_1_461' title='bbox 553 3218 615 3272; x_wconf 90' lang='lat' dir='ltr'><strong>et</strong></span> <span class='ocrx_word' id='word_1_462' title='bbox 642 3227 852 3290; x_wconf 86' lang='lat' dir='ltr'><strong>aquam</strong></span> <span class='ocrx_word' id='word_1_463' title='bbox 883 3215 942 3271; x_wconf 89' lang='lat' dir='ltr'><strong>et</strong></span> <span class='ocrx_word' id='word_1_464' title='bbox 971 3211 1233 3288; x_wconf 86' lang='lat' dir='ltr'><strong>semina,</strong></span> <span class='ocrx_word' id='word_1_465' title='bbox 1266 3229 1400 3291; x_wconf 75' lang='lat' dir='ltr'><strong>quae</strong></span> <span class='ocrx_word' id='word_1_466' title='bbox 1429 3230 1548 3273; x_wconf 92' lang='lat' dir='ltr'><strong>non</strong></span> <span class='ocrx_word' id='word_1_467' title='bbox 1580 3211 2016 3291; x_wconf 86' lang='lat' dir='ltr'><strong>coquebantur,</strong></span> 
     </span>
    </p>
   </div>
   <div class='ocr_carea' id='block_1_67' title="bbox 385 3297 2021 3381">
    <p class='ocr_par' dir='ltr' id='par_1_67' title="bbox 385 3297 2021 3381">
     <span class='ocr_line' id='line_1_67' title="bbox 385 3297 2021 3381; baseline -0.002 -19"><span class='ocrx_word' id='word_1_468' title='bbox 385 3317 578 3381; x_wconf 87' lang='lat' dir='ltr'><strong>eaque</strong></span> <span class='ocrx_word' id='word_1_469' title='bbox 601 3317 720 3359; x_wconf 92' lang='lat' dir='ltr'><strong>non</strong></span> <span class='ocrx_word' id='word_1_470' title='bbox 753 3297 826 3359; x_wconf 91' lang='lat' dir='ltr'><strong>ad</strong></span> <span class='ocrx_word' id='word_1_471' title='bbox 859 3297 1213 3375; x_wconf 85' lang='lat' dir='ltr'><strong>satietatem,</strong></span> <span class='ocrx_word' id='word_1_472' title='bbox 1249 3301 1456 3378; x_wconf 88' lang='lat' dir='ltr'><strong>quavis</strong></span> <span class='ocrx_word' id='word_1_473' title='bbox 1485 3300 1610 3362; x_wconf 90' lang='lat' dir='ltr'><strong>fere</strong></span> <span class='ocrx_word' id='word_1_474' title='bbox 1643 3307 1839 3376; x_wconf 90' lang='lat' dir='ltr'><strong>nocte,</strong></span> <span class='ocrx_word' id='word_1_475' title='bbox 1873 3297 2021 3360; x_wconf 80' lang='lat' dir='ltr'><strong>nihil</strong></span> 
     </span>
    </p>
   </div>
   <div class='ocr_carea' id='block_1_68' title="bbox 386 3387 2022 3469">
    <p class='ocr_par' dir='ltr' id='par_1_68' title="bbox 386 3387 2022 3469">
     <span class='ocr_line' id='line_1_68' title="bbox 386 3387 2022 3469; baseline -0.003 -15"><span class='ocrx_word' id='word_1_476' title='bbox 386 3387 740 3454; x_wconf 85' lang='lat' dir='ltr'><strong>comedebat</strong></span> <span class='ocrx_word' id='word_1_477' title='bbox 793 3395 896 3449; x_wconf 87' lang='lat' dir='ltr'><strong>aut</strong></span> <span class='ocrx_word' id='word_1_478' title='bbox 952 3387 1223 3462; x_wconf 89' lang='lat' dir='ltr'><strong>bibebat,</strong></span> <span class='ocrx_word' id='word_1_479' title='bbox 1274 3388 1536 3452; x_wconf 90' lang='lat' dir='ltr'><strong>interdiu</strong></span> <span class='ocrx_word' id='word_1_480' title='bbox 1583 3397 1779 3451; x_wconf 88' lang='lat' dir='ltr'><strong>autem</strong></span> <span class='ocrx_word' id='word_1_481' title='bbox 1814 3407 2022 3469; x_wconf 88' lang='lat' dir='ltr'><strong>parvas</strong></span> 
     </span>
    </p>
   </div>
   <div class='ocr_carea' id='block_1_69' title="bbox 386 3477 2022 3561">
    <p class='ocr_par' dir='ltr' id='par_1_69' title="bbox 386 3477 2022 3561">
     <span class='ocr_line' id='line_1_69' title="bbox 386 3477 2022 3561; baseline -0.002 -19"><span class='ocrx_word' id='word_1_482' title='bbox 386 3477 669 3561; x_wconf 86' lang='lat' dir='ltr'><strong>quasdam</strong></span> <span class='ocrx_word' id='word_1_483' title='bbox 689 3495 900 3539; x_wconf 91' lang='lat' dir='ltr'><strong>cruces</strong></span> <span class='ocrx_word' id='word_1_484' title='bbox 915 3493 987 3539; x_wconf 83' lang='lat' dir='ltr'><strong>ex</strong></span> <span class='ocrx_word' id='word_1_485' title='bbox 1003 3477 1237 3558; x_wconf 91' lang='lat' dir='ltr'><strong>siliquis</strong></span> <span class='ocrx_word' id='word_1_486' title='bbox 1251 3478 1418 3542; x_wconf 90' lang='lat' dir='ltr'><strong>valde</strong></span> <span class='ocrx_word' id='word_1_487' title='bbox 1432 3479 1735 3558; x_wconf 75' lang='lat' dir='ltr'><strong>elegantes</strong></span> <span class='ocrx_word' id='word_1_488' title='bbox 1754 3479 1879 3540; x_wconf 89' lang='lat' dir='ltr'><strong>suis</strong></span> <span class='ocrx_word' id='word_1_489' title='bbox 1903 3495 2022 3538; x_wconf 91' lang='lat' dir='ltr'><strong>ma-</strong></span> 
     </span>
    </p>
   </div>
   <div class='ocr_carea' id='block_1_70' title="bbox 385 3566 2022 3640">
    <p class='ocr_par' dir='ltr' id='par_1_70' title="bbox 385 3566 2022 3640">
     <span class='ocr_line' id='line_1_70' title="bbox 385 3566 2022 3640; baseline -0.001 -10"><span class='ocrx_word' id='word_1_490' title='bbox 385 3568 562 3630; x_wconf 88' lang='lat' dir='ltr'><strong>nibus</strong></span> <span class='ocrx_word' id='word_1_491' title='bbox 586 3566 823 3630; x_wconf 84' lang='lat' dir='ltr'><strong>assidue</strong></span> <span class='ocrx_word' id='word_1_492' title='bbox 843 3566 1238 3640; x_wconf 87' lang='lat' dir='ltr'><strong>faciebat.Qui</strong></span> <span class='ocrx_word' id='word_1_493' title='bbox 1261 3577 1459 3630; x_wconf 89' lang='lat' dir='ltr'><strong>autem</strong></span> <span class='ocrx_word' id='word_1_494' title='bbox 1485 3567 2022 3635; x_wconf 87' lang='lat' dir='ltr'><strong>ascendebant,eas</strong></span> 
     </span>
    </p>
   </div>
   <div class='ocr_carea' id='block_1_71' title="bbox 385 3656 2023 3740">
    <p class='ocr_par' dir='ltr' id='par_1_71' title="bbox 385 3656 2023 3740">
     <span class='ocr_line' id='line_1_71' title="bbox 385 3656 2023 3740; baseline -0.002 -19"><span class='ocrx_word' id='word_1_495' title='bbox 385 3659 762 3740; x_wconf 85' lang='lat' dir='ltr'><strong>accipiebant</strong></span> <span class='ocrx_word' id='word_1_496' title='bbox 792 3657 984 3736; x_wconf 81' lang='lat' dir='ltr'><strong>gratia</strong></span> <span class='ocrx_word' id='word_1_497' title='bbox 1027 3656 1484 3720; x_wconf 90' lang='lat' dir='ltr'><strong>benedictionis.</strong></span> <span class='ocrx_word' id='word_1_498' title='bbox 1533 3661 1668 3738; x_wconf 90' lang='lat' dir='ltr'><strong>Ipse</strong></span> <span class='ocrx_word' id='word_1_499' title='bbox 1697 3657 1867 3719; x_wconf 84' lang='lat' dir='ltr'><strong>nobis</strong></span> <span class='ocrx_word' id='word_1_500' title='bbox 1897 3657 2023 3718; x_wconf 55' lang='lat' dir='ltr'><strong>haec</strong></span> 
     </span>
    </p>
   </div>
   <div class='ocr_carea' id='block_1_72' title="bbox 387 3745 2027 3828">
    <p class='ocr_par' dir='ltr' id='par_1_72' title="bbox 387 3745 2027 3828">
     <span class='ocr_line' id='line_1_72' title="bbox 387 3745 2027 3828; baseline -0.002 -19"><span class='ocrx_word' id='word_1_501' title='bbox 387 3766 492 3812; x_wconf 90' lang='lat' dir='ltr'><strong>ore</strong></span> <span class='ocrx_word' id='word_1_502' title='bbox 522 3765 628 3810; x_wconf 89' lang='lat' dir='ltr'><strong>suo</strong></span> <span class='ocrx_word' id='word_1_503' title='bbox 659 3746 1037 3825; x_wconf 88' lang='lat' dir='ltr'><strong>signiﬁcavit,</strong></span> <span class='ocrx_word' id='word_1_504' title='bbox 1093 3747 1192 3827; x_wconf 91' lang='lat' dir='ltr'><strong>qui</strong></span> <span class='ocrx_word' id='word_1_505' title='bbox 1223 3747 1398 3808; x_wconf 90' lang='lat' dir='ltr'><strong>etiam</strong></span> <span class='ocrx_word' id='word_1_506' title='bbox 1434 3758 1747 3828; x_wconf 87' lang='lat' dir='ltr'><strong>postquam</strong></span> <span class='ocrx_word' id='word_1_507' title='bbox 1782 3745 2027 3808; x_wconf 86' lang='lat' dir='ltr'><strong>dormiit</strong></span> 
     </span>
    </p>
   </div>
   <div class='ocr_carea' id='block_1_73' title="bbox 385 3836 1858 3917">
    <p class='ocr_par' dir='ltr' id='par_1_73' title="bbox 385 3836 1858 3917">
     <span class='ocr_line' id='line_1_73' title="bbox 385 3836 1858 3917; baseline 0.001 -17"><span class='ocrx_word' id='word_1_508' title='bbox 385 3839 630 3914; x_wconf 82' lang='lat' dir='ltr'><strong>Beatus,</strong></span> <span class='ocrx_word' id='word_1_509' title='bbox 662 3854 797 3897; x_wconf 92' lang='lat' dir='ltr'><strong>cum</strong></span> <span class='ocrx_word' id='word_1_510' title='bbox 832 3837 1095 3898; x_wconf 86' lang='lat' dir='ltr'><strong>moribus</strong></span> <span class='ocrx_word' id='word_1_511' title='bbox 1120 3836 1252 3898; x_wconf 94' lang='lat' dir='ltr'><strong>loco</strong></span> <span class='ocrx_word' id='word_1_512' title='bbox 1283 3855 1526 3917; x_wconf 90' lang='lat' dir='ltr'><strong>quoque</strong></span> <span class='ocrx_word' id='word_1_513' title='bbox 1548 3837 1858 3901; x_wconf 90' lang='lat' dir='ltr'><strong>successit.</strong></span> 
     </span>
    </p>
   </div>
   <div class='ocr_carea' id='block_1_74' title="bbox 466 3923 2024 4006">
    <p class='ocr_par' dir='ltr' id='par_1_74' title="bbox 466 3923 2024 4006">
     <span class='ocr_line' id='line_1_74' title="bbox 466 3923 2024 4006; baseline -0.001 -18"><span class='ocrx_word' id='word_1_514' title='bbox 466 3923 905 3988; x_wconf 82' lang='lat' dir='ltr'><strong>LVIII.Rursus</strong></span> <span class='ocrx_word' id='word_1_515' title='bbox 929 3943 1069 4004; x_wconf 87' lang='lat' dir='ltr'><strong>ergo</strong></span> <span class='ocrx_word' id='word_1_516' title='bbox 1093 3925 1363 4006; x_wconf 86' lang='lat' dir='ltr'><strong>pluribus</strong></span> <span class='ocrx_word' id='word_1_517' title='bbox 1389 3927 1851 4006; x_wconf 85' lang='lat' dir='ltr'><strong>congregatis,et</strong></span> <span class='ocrx_word' id='word_1_518' title='bbox 1877 3943 2024 4006; x_wconf 72' lang='lat' dir='ltr'><strong>pm-</strong></span> 
     </span>
    </p>
   </div>
   <div class='ocr_carea' id='block_1_75' title="bbox 386 4014 2020 4096">
    <p class='ocr_par' dir='ltr' id='par_1_75' title="bbox 386 4014 2020 4096">
     <span class='ocr_line' id='line_1_75' title="bbox 386 4014 2020 4096; baseline -0.001 -19"><span class='ocrx_word' id='word_1_519' title='bbox 386 4015 546 4077; x_wconf 91' lang='lat' dir='ltr'><strong>dicta</strong></span> <span class='ocrx_word' id='word_1_520' title='bbox 573 4024 855 4076; x_wconf 87' lang='lat' dir='ltr'><strong>consueta</strong></span> <span class='ocrx_word' id='word_1_521' title='bbox 901 4015 1109 4095; x_wconf 80' lang='lat' dir='ltr'><strong>regula</strong></span> <span class='ocrx_word' id='word_1_522' title='bbox 1167 4015 1450 4096; x_wconf 75' lang='lat' dir='ltr'><strong>hymnum</strong></span> <span class='ocrx_word' id='word_1_523' title='bbox 1485 4014 1852 4090; x_wconf 88' lang='lat' dir='ltr'><strong>dicentibus,</strong></span> <span class='ocrx_word' id='word_1_524' title='bbox 1885 4033 2020 4077; x_wconf 93' lang='lat' dir='ltr'><strong>cum</strong></span> 
     </span>
    </p>
   </div>
   <div class='ocr_carea' id='block_1_76' title="bbox 387 4104 2026 4186">
    <p class='ocr_par' dir='ltr' id='par_1_76' title="bbox 387 4104 2026 4186">
     <span class='ocr_line' id='line_1_76' title="bbox 387 4104 2026 4186; baseline -0.001 -19"><span class='ocrx_word' id='word_1_525' title='bbox 387 4104 768 4168; x_wconf 87' lang='lat' dir='ltr'><strong>beatissimus</strong></span> <span class='ocrx_word' id='word_1_526' title='bbox 792 4104 1118 4167; x_wconf 83' lang='lat' dir='ltr'><strong>Auxentius</strong></span> <span class='ocrx_word' id='word_1_527' title='bbox 1148 4106 1486 4186; x_wconf 85' lang='lat' dir='ltr'><strong>aperuisset</strong></span> <span class='ocrx_word' id='word_1_528' title='bbox 1517 4106 1932 4186; x_wconf 83' lang='lat' dir='ltr'><strong>fenestram,et</strong></span> <span class='ocrx_word' id='word_1_529' title='bbox 1966 4111 2026 4166; x_wconf 92' lang='lat' dir='ltr'><strong>ut</strong></span> 
     </span>
    </p>
   </div>
   <div class='ocr_carea' id='block_1_77' title="bbox 389 4195 2029 4275">
    <p class='ocr_par' dir='ltr' id='par_1_77' title="bbox 389 4195 2029 4275">
     <span class='ocr_line' id='line_1_77' title="bbox 389 4195 2029 4275; baseline -0.001 -18"><span class='ocrx_word' id='word_1_530' title='bbox 389 4203 801 4270; x_wconf 89' lang='lat' dir='ltr'><strong>consueverat,</strong></span> <span class='ocrx_word' id='word_1_531' title='bbox 860 4213 1104 4275; x_wconf 89' lang='lat' dir='ltr'><strong>precum</strong></span> <span class='ocrx_word' id='word_1_532' title='bbox 1141 4195 1318 4257; x_wconf 90' lang='lat' dir='ltr'><strong>ﬁnem</strong></span> <span class='ocrx_word' id='word_1_533' title='bbox 1353 4195 1614 4270; x_wconf 83' lang='lat' dir='ltr'><strong>fecisset,</strong></span> <span class='ocrx_word' id='word_1_534' title='bbox 1652 4197 2029 4275; x_wconf 86' lang='lat' dir='ltr'><strong>respondens</strong></span> 
     </span>
    </p>
   </div>
   <div class='ocr_carea' id='block_1_78' title="bbox 2104 3203 3745 3288">
    <p class='ocr_par' dir='ltr' id='par_1_78' title="bbox 2104 3203 3745 3288">
     <span class='ocr_line' id='line_1_78' title="bbox 2104 3203 3745 3288; baseline -0.001 -24"><span class='ocrx_word' id='word_1_535' title='bbox 2104 3209 2194 3264; x_wconf 88' lang='grc' dir='ltr'><strong>καὶ</strong></span> <span class='ocrx_word' id='word_1_536' title='bbox 2245 3205 2431 3270; x_wconf 71' lang='grc' dir='ltr'>ὕδατος</span> <span class='ocrx_word' id='word_1_537' title='bbox 2503 3206 2590 3262; x_wconf 78' lang='grc' dir='ltr'><strong>καὶ</strong></span> <span class='ocrx_word' id='word_1_538' title='bbox 2645 3211 2750 3262; x_wconf 88' lang='grc' dir='ltr'><strong>τῶν</strong></span> <span class='ocrx_word' id='word_1_539' title='bbox 2831 3205 3156 3284; x_wconf 79' lang='grc' dir='ltr'>σπερμάτων</span> <span class='ocrx_word' id='word_1_540' title='bbox 3238 3206 3306 3262; x_wconf 78' lang='grc' dir='ltr'><strong>τὰ</strong></span> <span class='ocrx_word' id='word_1_541' title='bbox 3361 3203 3591 3288; x_wconf 77' lang='grc' dir='ltr'>ἀνεφθα,</span> <span class='ocrx_word' id='word_1_542' title='bbox 3667 3209 3745 3264; x_wconf 82' lang='grc' dir='ltr'><strong>καὶ</strong></span> 
     </span>
    </p>
   </div>
   <div class='ocr_carea' id='block_1_79' title="bbox 2102 3293 3743 3376">
    <p class='ocr_par' dir='ltr' id='par_1_79' title="bbox 2102 3293 3743 3376">
     <span class='ocr_line' id='line_1_79' title="bbox 2102 3293 3743 3376; baseline -0.001 -22"><span class='ocrx_word' id='word_1_543' title='bbox 2102 3303 2268 3354; x_wconf 72' lang='grc' dir='ltr'>ταῦτα</span> <span class='ocrx_word' id='word_1_544' title='bbox 2324 3297 2418 3352; x_wconf 76' lang='grc' dir='ltr'><strong>οὒκ</strong></span> <span class='ocrx_word' id='word_1_545' title='bbox 2473 3297 2545 3361; x_wconf 77' lang='grc' dir='ltr'>εἷς</span> <span class='ocrx_word' id='word_1_546' title='bbox 2587 3296 2768 3376; x_wconf 85' lang='grc' dir='ltr'>κόρον,</span> <span class='ocrx_word' id='word_1_547' title='bbox 2803 3293 2887 3352; x_wconf 82' lang='grc' dir='ltr'>διὰ</span> <span class='ocrx_word' id='word_1_548' title='bbox 2917 3295 3095 3362; x_wconf 88' lang='grc' dir='ltr'>πάσης</span> <span class='ocrx_word' id='word_1_549' title='bbox 3128 3295 3226 3369; x_wconf 76' lang='grc' dir='ltr'>μὲν</span> <span class='ocrx_word' id='word_1_550' title='bbox 3258 3294 3454 3375; x_wconf 76' lang='grc' dir='ltr'>σχεδὸν</span> <span class='ocrx_word' id='word_1_551' title='bbox 3487 3305 3596 3364; x_wconf 87' lang='grc' dir='ltr'><strong>της</strong></span> <span class='ocrx_word' id='word_1_552' title='bbox 3655 3322 3743 3353; x_wconf 83' lang='grc' dir='ltr'>νυ-</span> 
     </span>
    </p>
   </div>
   <div class='ocr_carea' id='block_1_80' title="bbox 2104 3381 3748 3465">
    <p class='ocr_par' dir='ltr' id='par_1_80' title="bbox 2104 3381 3748 3465">
     <span class='ocr_line' id='line_1_80' title="bbox 2104 3381 3748 3465; baseline -0.001 -22"><span class='ocrx_word' id='word_1_553' title='bbox 2104 3388 2229 3452; x_wconf 78' lang='grc' dir='ltr'>κτὸς</span> <span class='ocrx_word' id='word_1_554' title='bbox 2271 3385 2736 3465; x_wconf 77' lang='grc' dir='ltr'>προσευχόμενος,</span> <span class='ocrx_word' id='word_1_555' title='bbox 2796 3383 2851 3440; x_wconf 75' lang='grc' dir='ltr'>ἐν</span> <span class='ocrx_word' id='word_1_556' title='bbox 2903 3382 3079 3462; x_wconf 74' lang='grc' dir='ltr'>ἡμέρᾳ</span> <span class='ocrx_word' id='word_1_557' title='bbox 3122 3381 3175 3439; x_wconf 77' lang='grc' dir='ltr'>δὲ</span> <span class='ocrx_word' id='word_1_558' title='bbox 3211 3385 3436 3463; x_wconf 77' lang='grc' dir='ltr'>σταυρία</span> <span class='ocrx_word' id='word_1_559' title='bbox 3466 3389 3641 3464; x_wconf 69' lang='grc' dir='ltr'>μικρὰ</span> <span class='ocrx_word' id='word_1_560' title='bbox 3691 3390 3748 3443; x_wconf 67' lang='grc' dir='ltr'>ὲκ</span> 
     </span>
    </p>
   </div>
   <div class='ocr_carea' id='block_1_81' title="bbox 2105 3474 3747 3554">
    <p class='ocr_par' dir='ltr' id='par_1_81' title="bbox 2105 3474 3747 3554">
     <span class='ocr_line' id='line_1_81' title="bbox 2105 3474 3747 3554; baseline -0.001 -21"><span class='ocrx_word' id='word_1_561' title='bbox 2105 3475 2334 3552; x_wconf 72' lang='grc' dir='ltr'>κρατίων</span> <span class='ocrx_word' id='word_1_562' title='bbox 2421 3474 2557 3531; x_wconf 82' lang='grc' dir='ltr'>πάνυ</span> <span class='ocrx_word' id='word_1_563' title='bbox 2635 3475 2833 3553; x_wconf 77' lang='grc' dir='ltr'>τερπνὰ</span> <span class='ocrx_word' id='word_1_564' title='bbox 2923 3486 3045 3539; x_wconf 78' lang='grc' dir='ltr'>ταῖς</span> <span class='ocrx_word' id='word_1_565' title='bbox 3117 3475 3303 3554; x_wconf 77' lang='grc' dir='ltr'>χερσὶν</span> <span class='ocrx_word' id='word_1_566' title='bbox 3392 3474 3747 3553; x_wconf 74' lang='grc' dir='ltr'>ἐργαζόμειος</span> 
     </span>
    </p>
   </div>
   <div class='ocr_carea' id='block_1_82' title="bbox 2106 3561 3751 3644">
    <p class='ocr_par' dir='ltr' id='par_1_82' title="bbox 2106 3561 3751 3644">
     <span class='ocr_line' id='line_1_82' title="bbox 2106 3561 3751 3644; baseline 0 -22"><span class='ocrx_word' id='word_1_567' title='bbox 2106 3563 2350 3644; x_wconf 80' lang='grc' dir='ltr'>διετέλει,</span> <span class='ocrx_word' id='word_1_568' title='bbox 2411 3564 2499 3620; x_wconf 89' lang='grc' dir='ltr'><strong>καὶ</strong></span> <span class='ocrx_word' id='word_1_569' title='bbox 2541 3565 2590 3619; x_wconf 75' lang='lat' dir='ltr'><strong>ci</strong></span> <span class='ocrx_word' id='word_1_570' title='bbox 2647 3563 2885 3628; x_wconf 81' lang='grc' dir='ltr'>ἀνιόντες</span> <span class='ocrx_word' id='word_1_571' title='bbox 2942 3561 3250 3639; x_wconf 72' lang='grc' dir='ltr'>ἐκομίζοντο</span> <span class='ocrx_word' id='word_1_572' title='bbox 3306 3563 3438 3620; x_wconf 70' lang='grc' dir='ltr'>αὑτὰ</span> <span class='ocrx_word' id='word_1_573' title='bbox 3504 3564 3751 3643; x_wconf 65' lang='grc' dir='ltr'>εὐλογίας</span> 
     </span>
    </p>
   </div>
   <div class='ocr_carea' id='block_1_83' title="bbox 2107 3653 3749 3736">
    <p class='ocr_par' dir='ltr' id='par_1_83' title="bbox 2107 3653 3749 3736">
     <span class='ocr_line' id='line_1_83' title="bbox 2107 3653 3749 3736; baseline 0.001 -26"><span class='ocrx_word' id='word_1_574' title='bbox 2107 3655 2269 3736; x_wconf 68' lang='grc' dir='ltr'>χάριν</span> <span class='ocrx_word' id='word_1_575' title='bbox 2302 3672 2318 3690; x_wconf 86' lang='lat'><strong><em>°</em></strong></span> <span class='ocrx_word' id='word_1_576' title='bbox 2368 3656 2524 3718; x_wconf 66' lang='grc' dir='ltr'>αὑτὸς</span> <span class='ocrx_word' id='word_1_577' title='bbox 2557 3655 2694 3730; x_wconf 77' lang='grc' dir='ltr'>ἡμῖν</span> <span class='ocrx_word' id='word_1_578' title='bbox 2739 3659 2816 3726; x_wconf 83' lang='grc' dir='ltr'>τῷ</span> <span class='ocrx_word' id='word_1_579' title='bbox 2859 3654 3038 3728; x_wconf 81' lang='grc' dir='ltr'>οἰκείῳ</span> <span class='ocrx_word' id='word_1_580' title='bbox 3080 3653 3308 3728; x_wconf 87' lang='grc' dir='ltr'>στόματι</span> <span class='ocrx_word' id='word_1_581' title='bbox 3354 3655 3487 3712; x_wconf 79' lang='grc' dir='ltr'><strong>αὑτά</strong></span> <span class='ocrx_word' id='word_1_582' title='bbox 3518 3654 3749 3734; x_wconf 79' lang='grc' dir='ltr'>ἐγνώρι-</span> 
     </span>
    </p>
   </div>
   <div class='ocr_carea' id='block_1_84' title="bbox 2109 3743 3753 3824">
    <p class='ocr_par' dir='ltr' id='par_1_84' title="bbox 2109 3743 3753 3824">
     <span class='ocr_line' id='line_1_84' title="bbox 2109 3743 3753 3824; baseline -0.001 -22"><span class='ocrx_word' id='word_1_583' title='bbox 2109 3766 2225 3824; x_wconf 91' lang='grc' dir='ltr'>σεν,</span> <span class='ocrx_word' id='word_1_584' title='bbox 2284 3746 2313 3801; x_wconf 83' lang='grc' dir='ltr'><strong>δ</strong></span> <span class='ocrx_word' id='word_1_585' title='bbox 2373 3745 2462 3800; x_wconf 83' lang='grc' dir='ltr'><strong>καὶ</strong></span> <span class='ocrx_word' id='word_1_586' title='bbox 2520 3744 2656 3819; x_wconf 82' lang='grc' dir='ltr'>μετὰ</span> <span class='ocrx_word' id='word_1_587' title='bbox 2712 3749 2803 3799; x_wconf 72' lang='grc' dir='ltr'><strong>τοῦ</strong></span> <span class='ocrx_word' id='word_1_588' title='bbox 2861 3743 3122 3819; x_wconf 88' lang='grc' dir='ltr'>μακαρίου</span> <span class='ocrx_word' id='word_1_589' title='bbox 3183 3743 3444 3820; x_wconf 84' lang='grc' dir='ltr'>κοίμησιν</span> <span class='ocrx_word' id='word_1_590' title='bbox 3509 3745 3607 3802; x_wconf 81' lang='grc' dir='ltr'>σὺν</span> <span class='ocrx_word' id='word_1_591' title='bbox 3682 3750 3753 3817; x_wconf 78' lang='grc' dir='ltr'><strong>τῷ</strong></span> 
     </span>
    </p>
   </div>
   <div class='ocr_carea' id='block_1_85' title="bbox 2109 3829 3163 3912">
    <p class='ocr_par' dir='ltr' id='par_1_85' title="bbox 2109 3829 3163 3912">
     <span class='ocr_line' id='line_1_85' title="bbox 2109 3829 3163 3912; baseline -0.004 -20"><span class='ocrx_word' id='word_1_592' title='bbox 2109 3835 2294 3912; x_wconf 84' lang='grc' dir='ltr'>τρόπῳ</span> <span class='ocrx_word' id='word_1_593' title='bbox 2322 3837 2410 3890; x_wconf 85' lang='grc' dir='ltr'>καὶ</span> <span class='ocrx_word' id='word_1_594' title='bbox 2442 3835 2536 3890; x_wconf 77' lang='grc' dir='ltr'><strong>τὸν</strong></span> <span class='ocrx_word' id='word_1_595' title='bbox 2563 3833 2730 3890; x_wconf 84' lang='grc' dir='ltr'>τόπον</span> <span class='ocrx_word' id='word_1_596' title='bbox 2762 3829 3163 3908; x_wconf 82' lang='grc' dir='ltr'>διαδεξάμενος,</span> 
     </span>
    </p>
   </div>
   <div class='ocr_carea' id='block_1_86' title="bbox 2185 3915 3755 4004">
    <p class='ocr_par' dir='ltr' id='par_1_86' title="bbox 2185 3915 3755 4004">
     <span class='ocr_line' id='line_1_86' title="bbox 2185 3915 3755 4004; baseline 0 -25"><span class='ocrx_word' id='word_1_597' title='bbox 2185 3915 2322 3987; x_wconf 81' lang='grc' dir='ltr'><strong>ΝΗ’,</strong></span> <span class='ocrx_word' id='word_1_598' title='bbox 2388 3921 2556 3978; x_wconf 74' lang='grc' dir='ltr'>Πέλιν</span> <span class='ocrx_word' id='word_1_599' title='bbox 2617 3924 2704 3979; x_wconf 79' lang='grc' dir='ltr'><strong>οὖν</strong></span> <span class='ocrx_word' id='word_1_600' title='bbox 2765 3920 3029 3980; x_wconf 81' lang='grc' dir='ltr'>πλειόνων</span> <span class='ocrx_word' id='word_1_601' title='bbox 3109 3923 3609 4004; x_wconf 70' lang='grc' dir='ltr'>ὶπισυναχθέντων,</span> <span class='ocrx_word' id='word_1_602' title='bbox 3673 3925 3755 3980; x_wconf 84' lang='grc' dir='ltr'><strong>καὶ</strong></span> 
     </span>
    </p>
   </div>
   <div class='ocr_carea' id='block_1_87' title="bbox 2105 4011 3755 4092">
    <p class='ocr_par' dir='ltr' id='par_1_87' title="bbox 2105 4011 3755 4092">
     <span class='ocr_line' id='line_1_87' title="bbox 2105 4011 3755 4092; baseline -0.002 -23"><span class='ocrx_word' id='word_1_603' title='bbox 2105 4014 2242 4070; x_wconf 76' lang='grc' dir='ltr'>κατὰ</span> <span class='ocrx_word' id='word_1_604' title='bbox 2297 4013 2388 4069; x_wconf 81' lang='grc' dir='ltr'><strong>τὸν</strong></span> <span class='ocrx_word' id='word_1_605' title='bbox 2449 4011 2838 4091; x_wconf 83' lang='grc' dir='ltr'>προειρημένον</span> <span class='ocrx_word' id='word_1_606' title='bbox 2881 4012 3083 4082; x_wconf 81' lang='grc' dir='ltr'>συνήθη</span> <span class='ocrx_word' id='word_1_607' title='bbox 3147 4012 3344 4069; x_wconf 88' lang='grc' dir='ltr'>κανόνα</span> <span class='ocrx_word' id='word_1_608' title='bbox 3388 4011 3755 4092; x_wconf 80' lang='grc' dir='ltr'>ὑμνολογούν-</span> 
     </span>
    </p>
   </div>
   <div class='ocr_carea' id='block_1_88' title="bbox 2105 4100 3756 4178">
    <p class='ocr_par' dir='ltr' id='par_1_88' title="bbox 2105 4100 3756 4178">
     <span class='ocr_line' id='line_1_88' title="bbox 2105 4100 3756 4178; baseline -0.001 -18"><span class='ocrx_word' id='word_1_609' title='bbox 2105 4125 2236 4178; x_wconf 86' lang='grc' dir='ltr'>των,</span> <span class='ocrx_word' id='word_1_610' title='bbox 2295 4100 2596 4168; x_wconf 77' lang='grc' dir='ltr'>ἆ-οοίξαντος</span> <span class='ocrx_word' id='word_1_611' title='bbox 2686 4107 2778 4158; x_wconf 79' lang='grc' dir='ltr'><strong>τοῦ</strong></span> <span class='ocrx_word' id='word_1_612' title='bbox 2864 4103 3276 4177; x_wconf 76' lang='grc' dir='ltr'>μακαριωτάτου</span> <span class='ocrx_word' id='word_1_613' title='bbox 3360 4101 3642 4168; x_wconf 78' lang='grc' dir='ltr'>Αὑξεντίου</span> <span class='ocrx_word' id='word_1_614' title='bbox 3699 4104 3756 4158; x_wconf 80' lang='grc' dir='ltr'>τὸ</span> 
     </span>
    </p>
   </div>
   <div class='ocr_carea' id='block_1_89' title="bbox 2109 4189 3750 4272">
    <p class='ocr_par' dir='ltr' id='par_1_89' title="bbox 2109 4189 3750 4272">
     <span class='ocr_line' id='line_1_89' title="bbox 2109 4189 3750 4272; baseline 0 -24"><span class='ocrx_word' id='word_1_615' title='bbox 2109 4189 2356 4272; x_wconf 86' lang='grc' dir='ltr'>θυρίδιον,</span> <span class='ocrx_word' id='word_1_616' title='bbox 2389 4193 2476 4248; x_wconf 83' lang='grc' dir='ltr'>καὶ</span> <span class='ocrx_word' id='word_1_617' title='bbox 2534 4193 2608 4256; x_wconf 83' lang='grc' dir='ltr'>ὡς</span> <span class='ocrx_word' id='word_1_618' title='bbox 2669 4191 2840 4248; x_wconf 80' lang='grc' dir='ltr'>εἰώθει</span> <span class='ocrx_word' id='word_1_619' title='bbox 2871 4193 2931 4246; x_wconf 78' lang='grc' dir='ltr'>τὸ</span> <span class='ocrx_word' id='word_1_620' title='bbox 2962 4190 3126 4269; x_wconf 88' lang='grc' dir='ltr'>πέρας</span> <span class='ocrx_word' id='word_1_621' title='bbox 3159 4196 3258 4257; x_wconf 79' lang='grc' dir='ltr'>τῆς</span> <span class='ocrx_word' id='word_1_622' title='bbox 3292 4191 3464 4270; x_wconf 70' lang='grc' dir='ltr'>εὐχῆς</span> <span class='ocrx_word' id='word_1_623' title='bbox 3495 4195 3750 4266; x_wconf 79' lang='grc' dir='ltr'>ποιήσας,</span> 
     </span>
    </p>
   </div>
   <div class='ocr_carea' id='block_1_90' title="bbox 389 4283 2024 4364">
    <p class='ocr_par' dir='ltr' id='par_1_90' title="bbox 389 4283 2024 4364">
     <span class='ocr_line' id='line_1_90' title="bbox 389 4283 2024 4364; baseline -0.001 -18"><span class='ocrx_word' id='word_1_624' title='bbox 389 4303 542 4346; x_wconf 89' lang='lat' dir='ltr'><strong>unus</strong></span> <span class='ocrx_word' id='word_1_625' title='bbox 566 4284 737 4346; x_wconf 79' lang='lat' dir='ltr'><strong>exiis</strong></span> <span class='ocrx_word' id='word_1_626' title='bbox 779 4284 881 4364; x_wconf 92' lang='lat' dir='ltr'><strong>qui</strong></span> <span class='ocrx_word' id='word_1_627' title='bbox 911 4283 1188 4359; x_wconf 91' lang='lat' dir='ltr'><strong>aderant,</strong></span> <span class='ocrx_word' id='word_1_628' title='bbox 1219 4283 1368 4346; x_wconf 82' lang='lat' dir='ltr'><strong>dixit</strong></span> <span class='ocrx_word' id='word_1_629' title='bbox 1404 4302 1418 4346; x_wconf 90' lang='lat'>:</span> <span class='ocrx_word' id='word_1_630' title='bbox 1451 4284 1613 4362; x_wconf 82' lang='lat' dir='ltr'><strong>Rogo</strong></span> <span class='ocrx_word' id='word_1_631' title='bbox 1645 4292 1724 4360; x_wconf 88' lang='lat' dir='ltr'><strong>te,</strong></span> <span class='ocrx_word' id='word_1_632' title='bbox 1757 4284 2024 4358; x_wconf 87' lang='lat' dir='ltr'><strong>domine,</strong></span> 
     </span>
    </p>
   </div>
   <div class='ocr_carea' id='block_1_91' title="bbox 2108 4283 3754 4364">
    <p class='ocr_par' dir='ltr' id='par_1_91' title="bbox 2112 4283 3754 4364">
     <span class='ocr_line' id='line_1_91' title="bbox 2112 4283 3754 4364; baseline -0.001 -23"><span class='ocrx_word' id='word_1_633' title='bbox 2112 4285 2415 4364; x_wconf 82' lang='grc' dir='ltr'>ἀποκριθεὶς</span> <span class='ocrx_word' id='word_1_634' title='bbox 2448 4285 2536 4348; x_wconf 83' lang='grc' dir='ltr'>εἷς</span> <span class='ocrx_word' id='word_1_635' title='bbox 2567 4286 2672 4341; x_wconf 88' lang='grc' dir='ltr'><strong>τῶν</strong></span> <span class='ocrx_word' id='word_1_636' title='bbox 2705 4283 2982 4362; x_wconf 87' lang='grc' dir='ltr'>παρόντων</span> <span class='ocrx_word' id='word_1_637' title='bbox 3037 4283 3137 4364; x_wconf 70' lang='grc' dir='ltr'>ἔφη</span> <span class='ocrx_word' id='word_1_638' title='bbox 3170 4303 3186 4318; x_wconf 91' lang='grc'><strong>·</strong></span> <span class='ocrx_word' id='word_1_639' title='bbox 3243 4284 3444 4359; x_wconf 82' lang='grc' dir='ltr'>Δέομαί</span> <span class='ocrx_word' id='word_1_640' title='bbox 3495 4307 3615 4360; x_wconf 79' lang='grc' dir='ltr'>σου,</span> <span class='ocrx_word' id='word_1_641' title='bbox 3653 4286 3754 4340; x_wconf 79' lang='grc' dir='ltr'><strong>Δέ-</strong></span> 
     </span>
    </p>
   </div>
   <div class='ocr_carea' id='block_1_92' title="bbox 389 4371 2024 4455">
    <p class='ocr_par' dir='ltr' id='par_1_92' title="bbox 389 4373 2024 4455">
     <span class='ocr_line' id='line_1_92' title="bbox 389 4373 2024 4455; baseline -0.001 -19"><span class='ocrx_word' id='word_1_642' title='bbox 389 4374 672 4450; x_wconf 89' lang='lat' dir='ltr'><strong>benedic,</strong></span> <span class='ocrx_word' id='word_1_643' title='bbox 706 4383 763 4436; x_wconf 92' lang='lat' dir='ltr'><strong>et</strong></span> <span class='ocrx_word' id='word_1_644' title='bbox 794 4391 1066 4455; x_wconf 86' lang='lat' dir='ltr'><strong>precare,</strong></span> <span class='ocrx_word' id='word_1_645' title='bbox 1101 4374 1258 4454; x_wconf 92' lang='lat' dir='ltr'><strong>quod</strong></span> <span class='ocrx_word' id='word_1_646' title='bbox 1307 4393 1440 4436; x_wconf 88' lang='lat' dir='ltr'><strong>cum</strong></span> <span class='ocrx_word' id='word_1_647' title='bbox 1494 4375 1688 4436; x_wconf 89' lang='lat' dir='ltr'><strong>tribus</strong></span> <span class='ocrx_word' id='word_1_648' title='bbox 1721 4373 2024 4436; x_wconf 87' lang='lat' dir='ltr'><strong>mensibus</strong></span> 
     </span>
    </p>
   </div>
   <div class='ocr_carea' id='block_1_93' title="bbox 2108 4371 3754 4455">
    <p class='ocr_par' dir='ltr' id='par_1_93' title="bbox 2113 4371 3754 4453">
     <span class='ocr_line' id='line_1_93' title="bbox 2113 4371 3754 4453; baseline -0.001 -22"><span class='ocrx_word' id='word_1_649' title='bbox 2113 4397 2307 4451; x_wconf 84' lang='grc' dir='ltr'>σποτα,</span> <span class='ocrx_word' id='word_1_650' title='bbox 2372 4372 2675 4452; x_wconf 82' lang='grc' dir='ltr'>εὑλόγησον</span> <span class='ocrx_word' id='word_1_651' title='bbox 2734 4374 2824 4430; x_wconf 76' lang='grc' dir='ltr'><strong>καί</strong></span> <span class='ocrx_word' id='word_1_652' title='bbox 2904 4371 3070 4453; x_wconf 70' lang='grc' dir='ltr'>εὖξαι,</span> <span class='ocrx_word' id='word_1_653' title='bbox 3129 4373 3210 4429; x_wconf 82' lang='grc' dir='ltr'><strong>ὅτι</strong></span> <span class='ocrx_word' id='word_1_654' title='bbox 3273 4374 3329 4429; x_wconf 86' lang='grc' dir='ltr'>ἓν</span> <span class='ocrx_word' id='word_1_655' title='bbox 3384 4375 3516 4451; x_wconf 75' lang='grc' dir='ltr'>ὑπὲρ</span> <span class='ocrx_word' id='word_1_656' title='bbox 3571 4378 3754 4445; x_wconf 74' lang='grc' dir='ltr'>μισθοῦ</span> 
     </span>
    </p>
   </div>
   <div class='ocr_carea' id='block_1_94' title="bbox 389 4460 2024 4565">
    <p class='ocr_par' dir='ltr' id='par_1_94' title="bbox 389 4463 2024 4545">
     <span class='ocr_line' id='line_1_94' title="bbox 389 4463 2024 4545; baseline -0.001 -20"><span class='ocrx_word' id='word_1_657' title='bbox 389 4481 569 4525; x_wconf 89' lang='lat' dir='ltr'><strong>unam</strong></span> <span class='ocrx_word' id='word_1_658' title='bbox 621 4481 732 4545; x_wconf 88' lang='lat' dir='ltr'><strong>pro</strong></span> <span class='ocrx_word' id='word_1_659' title='bbox 763 4463 1043 4526; x_wconf 91' lang='lat' dir='ltr'><strong>mercede</strong></span> <span class='ocrx_word' id='word_1_660' title='bbox 1074 4470 1383 4526; x_wconf 88' lang='lat' dir='ltr'><strong>menstrua</strong></span> <span class='ocrx_word' id='word_1_661' title='bbox 1409 4483 1577 4526; x_wconf 92' lang='lat' dir='ltr'><strong>ovem</strong></span> <span class='ocrx_word' id='word_1_662' title='bbox 1608 4465 1925 4544; x_wconf 87' lang='lat' dir='ltr'><strong>accipiam,</strong></span> <span class='ocrx_word' id='word_1_663' title='bbox 1960 4479 2024 4525; x_wconf 85' lang='lat' dir='ltr'><strong>ea</strong></span> 
     </span>
    </p>
   </div>
   <div class='ocr_carea' id='block_1_95' title="bbox 2108 4460 3751 4565">
    <p class='ocr_par' dir='ltr' id='par_1_95' title="bbox 2117 4460 3751 4543">
     <span class='ocr_line' id='line_1_95' title="bbox 2117 4460 3751 4543; baseline -0.002 -22"><span class='ocrx_word' id='word_1_664' title='bbox 2117 4464 2248 4521; x_wconf 68' lang='grc' dir='ltr'>κατὰ</span> <span class='ocrx_word' id='word_1_665' title='bbox 2291 4462 2435 4539; x_wconf 72' lang='grc' dir='ltr'>μῆνα</span> <span class='ocrx_word' id='word_1_666' title='bbox 2489 4462 2775 4539; x_wconf 63' lang='grc' dir='ltr'>λαμϐάνω)</span> <span class='ocrx_word' id='word_1_667' title='bbox 2822 4460 3117 4540; x_wconf 81' lang='grc' dir='ltr'>πρόϐατον,</span> <span class='ocrx_word' id='word_1_668' title='bbox 3145 4460 3439 4543; x_wconf 82' lang='grc' dir='ltr'>ἀπολέσας,</span> <span class='ocrx_word' id='word_1_669' title='bbox 3486 4465 3582 4521; x_wconf 70' lang='grc' dir='ltr'><strong>τού</strong></span> <span class='ocrx_word' id='word_1_670' title='bbox 3639 4488 3751 4540; x_wconf 82' lang='grc' dir='ltr'>μη-</span> 
     </span>
    </p>
   </div>
   <div class='ocr_carea' id='block_1_96' title="bbox 391 4551 2024 4633">
    <p class='ocr_par' dir='ltr' id='par_1_96' title="bbox 391 4551 2024 4633">
     <span class='ocr_line' id='line_1_96' title="bbox 391 4551 2024 4633; baseline 0.001 -19"><span class='ocrx_word' id='word_1_671' title='bbox 391 4551 645 4633; x_wconf 89' lang='lat' dir='ltr'><strong>perdita,</strong></span> <span class='ocrx_word' id='word_1_672' title='bbox 669 4551 923 4613; x_wconf 84' lang='lat' dir='ltr'><strong>frustror</strong></span> <span class='ocrx_word' id='word_1_673' title='bbox 954 4552 1234 4615; x_wconf 90' lang='lat' dir='ltr'><strong>mercede</strong></span> <span class='ocrx_word' id='word_1_674' title='bbox 1265 4555 1443 4615; x_wconf 90' lang='lat' dir='ltr'><strong>unius</strong></span> <span class='ocrx_word' id='word_1_675' title='bbox 1483 4553 1712 4615; x_wconf 90' lang='lat' dir='ltr'><strong>mensis</strong></span> <span class='ocrx_word' id='word_1_676' title='bbox 1743 4570 1758 4616; x_wconf 88' lang='lat'><strong>:</strong></span> <span class='ocrx_word' id='word_1_677' title='bbox 1793 4552 2024 4615; x_wconf 88' lang='lat' dir='ltr'><strong>solebat</strong></span> 
     </span>
    </p>
   </div>
   <div class='ocr_carea' id='block_1_97' title="bbox 2108 4551 3749 4633">
    <p class='ocr_par' dir='ltr' id='par_1_97' title="bbox 2115 4551 3749 4630">
     <span class='ocr_line' id='line_1_97' title="bbox 2115 4551 3749 4630; baseline -0.002 -19"><span class='ocrx_word' id='word_1_678' title='bbox 2115 4558 2202 4617; x_wconf 86' lang='grc' dir='ltr'>νὸς</span> <span class='ocrx_word' id='word_1_679' title='bbox 2253 4555 2343 4610; x_wconf 73' lang='grc' dir='ltr'><strong>τὸν</strong></span> <span class='ocrx_word' id='word_1_680' title='bbox 2401 4554 2588 4629; x_wconf 75' lang='grc' dir='ltr'>μισθὸν</span> <span class='ocrx_word' id='word_1_681' title='bbox 2657 4553 2973 4630; x_wconf 80' lang='grc' dir='ltr'>ὑστεροῦμαι</span> <span class='ocrx_word' id='word_1_682' title='bbox 3044 4551 3109 4619; x_wconf 80' lang='grc' dir='ltr'>ἦν</span> <span class='ocrx_word' id='word_1_683' title='bbox 3167 4552 3267 4630; x_wconf 78' lang='grc' dir='ltr'><strong>γὰρ</strong></span> <span class='ocrx_word' id='word_1_684' title='bbox 3311 4551 3622 4624; x_wconf 82' lang='grc' dir='ltr'>διακονίζων</span> <span class='ocrx_word' id='word_1_685' title='bbox 3679 4560 3749 4625; x_wconf 83' lang='grc' dir='ltr'>τῷ</span> 
     </span>
    </p>
   </div>
   <div class='ocr_carea' id='block_1_98' title="bbox 392 4639 2024 4722">
    <p class='ocr_par' dir='ltr' id='par_1_98' title="bbox 392 4639 2024 4716">
     <span class='ocr_line' id='line_1_98' title="bbox 392 4639 2024 4716; baseline 0 -12"><span class='ocrx_word' id='word_1_686' title='bbox 392 4643 554 4704; x_wconf 89' lang='lat' dir='ltr'><strong>enim</strong></span> <span class='ocrx_word' id='word_1_687' title='bbox 611 4642 793 4704; x_wconf 88' lang='lat' dir='ltr'><strong>Beato</strong></span> <span class='ocrx_word' id='word_1_688' title='bbox 849 4639 1073 4702; x_wconf 87' lang='lat' dir='ltr'><strong>hostias</strong></span> <span class='ocrx_word' id='word_1_689' title='bbox 1131 4642 1369 4706; x_wconf 84' lang='lat' dir='ltr'><strong>aﬁ‘erre.</strong></span> <span class='ocrx_word' id='word_1_690' title='bbox 1404 4642 1496 4704; x_wconf 85' lang='lat' dir='ltr'><strong>Ad</strong></span> <span class='ocrx_word' id='word_1_691' title='bbox 1529 4643 1654 4705; x_wconf 84' lang='lat' dir='ltr'><strong>haec</strong></span> <span class='ocrx_word' id='word_1_692' title='bbox 1687 4641 2024 4716; x_wconf 79' lang='lat' dir='ltr'><strong>subridens,</strong></span> 
     </span>
    </p>
   </div>
   <div class='ocr_carea' id='block_1_99' title="bbox 2108 4639 3750 4722">
    <p class='ocr_par' dir='ltr' id='par_1_99' title="bbox 2115 4639 3750 4722">
     <span class='ocr_line' id='line_1_99' title="bbox 2115 4639 3750 4722; baseline -0.001 -23"><span class='ocrx_word' id='word_1_693' title='bbox 2115 4643 2360 4722; x_wconf 85' lang='grc' dir='ltr'>μακαρίῳ</span> <span class='ocrx_word' id='word_1_694' title='bbox 2415 4644 2480 4699; x_wconf 82' lang='grc' dir='ltr'><strong>τὰ</strong></span> <span class='ocrx_word' id='word_1_695' title='bbox 2533 4642 2792 4717; x_wconf 83' lang='grc' dir='ltr'>θύματα).</span> <span class='ocrx_word' id='word_1_696' title='bbox 2854 4643 2992 4718; x_wconf 83' lang='grc' dir='ltr'>Πρὸς</span> <span class='ocrx_word' id='word_1_697' title='bbox 3052 4650 3217 4700; x_wconf 80' lang='grc' dir='ltr'>ταῦτα</span> <span class='ocrx_word' id='word_1_698' title='bbox 3253 4639 3532 4714; x_wconf 74' lang='grc' dir='ltr'>μειδιάσας</span> <span class='ocrx_word' id='word_1_699' title='bbox 3569 4645 3598 4699; x_wconf 78' lang='grc' dir='ltr'><strong>ὁ</strong></span> <span class='ocrx_word' id='word_1_700' title='bbox 3645 4664 3750 4717; x_wconf 85' lang='grc' dir='ltr'>μα-</span> 
     </span>
    </p>
   </div>
   <div class='ocr_carea' id='block_1_100' title="bbox 392 4729 2024 4813">
    <p class='ocr_par' dir='ltr' id='par_1_100' title="bbox 392 4729 2024 4813">
     <span class='ocr_line' id='line_1_100' title="bbox 392 4729 2024 4813; baseline -0.002 -18"><span class='ocrx_word' id='word_1_701' title='bbox 392 4730 708 4811; x_wconf 89' lang='lat' dir='ltr'><strong>respondit</strong></span> <span class='ocrx_word' id='word_1_702' title='bbox 730 4731 950 4792; x_wconf 89' lang='lat' dir='ltr'><strong>Beatus</strong></span> <span class='ocrx_word' id='word_1_703' title='bbox 984 4750 996 4790; x_wconf 94' lang='lat'>:</span> <span class='ocrx_word' id='word_1_704' title='bbox 1023 4729 1166 4792; x_wconf 85' lang='lat' dir='ltr'><strong>Mihi</strong></span> <span class='ocrx_word' id='word_1_705' title='bbox 1201 4731 1315 4793; x_wconf 92' lang='lat' dir='ltr'><strong>hoc</strong></span> <span class='ocrx_word' id='word_1_706' title='bbox 1344 4731 1589 4804; x_wconf 88' lang='lat' dir='ltr'><strong>dicis,ut</strong></span> <span class='ocrx_word' id='word_1_707' title='bbox 1612 4732 1710 4813; x_wconf 85' lang='lat' dir='ltr'><strong>qui</strong></span> <span class='ocrx_word' id='word_1_708' title='bbox 1742 4733 1853 4792; x_wconf 89' lang='lat' dir='ltr'><strong>sim</strong></span> <span class='ocrx_word' id='word_1_709' title='bbox 1878 4731 2024 4792; x_wconf 92' lang='lat' dir='ltr'><strong>soli-</strong></span> 
     </span>
    </p>
   </div>
   <div class='ocr_carea' id='block_1_101' title="bbox 2108 4729 3750 4813">
    <p class='ocr_par' dir='ltr' id='par_1_101' title="bbox 2115 4729 3750 4812">
     <span class='ocr_line' id='line_1_101' title="bbox 2115 4729 3750 4812; baseline -0.004 -22"><span class='ocrx_word' id='word_1_710' title='bbox 2115 4731 2300 4812; x_wconf 74' lang='grc' dir='ltr'>κᾶριος</span> <span class='ocrx_word' id='word_1_711' title='bbox 2355 4732 2675 4808; x_wconf 85' lang='grc' dir='ltr'>ἀπεκρίνατο</span> <span class='ocrx_word' id='word_1_712' title='bbox 2711 4749 2726 4763; x_wconf 86' lang='grc'><strong><em>⁸</em></strong></span> <span class='ocrx_word' id='word_1_713' title='bbox 2779 4731 2940 4806; x_wconf 77' lang='grc' dir='ltr'>Ἐμοὶ</span> <span class='ocrx_word' id='word_1_714' title='bbox 3007 4737 3165 4788; x_wconf 78' lang='grc' dir='ltr'>τοῦτο</span> <span class='ocrx_word' id='word_1_715' title='bbox 3230 4729 3431 4807; x_wconf 88' lang='grc' dir='ltr'>λέγεις,</span> <span class='ocrx_word' id='word_1_716' title='bbox 3494 4734 3568 4796; x_wconf 84' lang='grc' dir='ltr'>ὡς</span> <span class='ocrx_word' id='word_1_717' title='bbox 3613 4754 3750 4806; x_wconf 87' lang='grc' dir='ltr'>μαν-</span> 
     </span>
    </p>
   </div>
   <div class='ocr_carea' id='block_1_102' title="bbox 392 4819 2024 4902">
    <p class='ocr_par' dir='ltr' id='par_1_102' title="bbox 392 4819 2024 4902">
     <span class='ocr_line' id='line_1_102' title="bbox 392 4819 2024 4902; baseline 0.001 -21"><span class='ocrx_word' id='word_1_718' title='bbox 392 4831 486 4883; x_wconf 83' lang='lat' dir='ltr'><strong>tus</strong></span> <span class='ocrx_word' id='word_1_719' title='bbox 516 4819 918 4894; x_wconf 88' lang='lat' dir='ltr'><strong>divinare,aut</strong></span> <span class='ocrx_word' id='word_1_720' title='bbox 953 4820 1056 4897; x_wconf 94' lang='lat' dir='ltr'><strong>qui</strong></span> <span class='ocrx_word' id='word_1_721' title='bbox 1088 4838 1299 4899; x_wconf 72' lang='lat' dir='ltr'><strong>greges</strong></span> <span class='ocrx_word' id='word_1_722' title='bbox 1325 4819 1697 4902; x_wconf 81' lang='lat' dir='ltr'><strong>possideam?</strong></span> <span class='ocrx_word' id='word_1_723' title='bbox 1717 4820 1827 4884; x_wconf 90' lang='lat' dir='ltr'><strong>llle</strong></span> <span class='ocrx_word' id='word_1_724' title='bbox 1855 4820 2024 4883; x_wconf 86' lang='lat' dir='ltr'><strong>dixit:</strong></span> 
     </span>
    </p>
   </div>
   <div class='ocr_carea' id='block_1_103' title="bbox 2108 4819 3752 4902">
    <p class='ocr_par' dir='ltr' id='par_1_103' title="bbox 2115 4819 3752 4898">
     <span class='ocr_line' id='line_1_103' title="bbox 2115 4819 3752 4898; baseline -0.002 -19"><span class='ocrx_word' id='word_1_725' title='bbox 2115 4824 2359 4880; x_wconf 85' lang='grc' dir='ltr'>τεύεσθαι</span> <span class='ocrx_word' id='word_1_726' title='bbox 2417 4821 2696 4897; x_wconf 77' lang='grc' dir='ltr'>είθισμένῳ</span> <span class='ocrx_word' id='word_1_727' title='bbox 2737 4821 2773 4890; x_wconf 78' lang='grc' dir='ltr'><strong>ἢ</strong></span> <span class='ocrx_word' id='word_1_728' title='bbox 2819 4819 3014 4898; x_wconf 68' lang='grc' dir='ltr'>ἆίέλας</span> <span class='ocrx_word' id='word_1_729' title='bbox 3075 4820 3439 4895; x_wconf 73' lang='grc' dir='ltr'>κεκτημένῳς</span> <span class='ocrx_word' id='word_1_730' title='bbox 3505 4821 3752 4884; x_wconf 72' lang='grc' dir='ltr'>κάκεῖνος</span> 
     </span>
    </p>
   </div>
   <div class='ocr_carea' id='block_1_104' title="bbox 392 4909 2024 4993">
    <p class='ocr_par' dir='ltr' id='par_1_104' title="bbox 392 4910 2024 4993">
     <span class='ocr_line' id='line_1_104' title="bbox 392 4910 2024 4993; baseline 0 -19"><span class='ocrx_word' id='word_1_731' title='bbox 392 4911 815 4993; x_wconf 85' lang='lat' dir='ltr'><strong>Nequaquam,</strong></span> <span class='ocrx_word' id='word_1_732' title='bbox 849 4910 953 4972; x_wconf 89' lang='lat' dir='ltr'><strong>sed</strong></span> <span class='ocrx_word' id='word_1_733' title='bbox 990 4910 1172 4973; x_wconf 85' lang='lat' dir='ltr'><strong>adoro</strong></span> <span class='ocrx_word' id='word_1_734' title='bbox 1204 4920 1284 4987; x_wconf 89' lang='lat' dir='ltr'><strong>te,</strong></span> <span class='ocrx_word' id='word_1_735' title='bbox 1321 4917 1384 4972; x_wconf 89' lang='lat' dir='ltr'><strong>ut</strong></span> <span class='ocrx_word' id='word_1_736' title='bbox 1411 4917 1638 4988; x_wconf 86' lang='lat' dir='ltr'><strong>ores,et</strong></span> <span class='ocrx_word' id='word_1_737' title='bbox 1667 4911 2024 4974; x_wconf 80' lang='lat' dir='ltr'><strong>inveniatur.</strong></span> 
     </span>
    </p>
   </div>
   <div class='ocr_carea' id='block_1_105' title="bbox 2108 4909 3752 4993">
    <p class='ocr_par' dir='ltr' id='par_1_105' title="bbox 2119 4909 3752 4992">
     <span class='ocr_line' id='line_1_105' title="bbox 2119 4909 3752 4992; baseline -0.001 -24"><span class='ocrx_word' id='word_1_738' title='bbox 2119 4912 2248 4991; x_wconf 72' lang='grc' dir='ltr'>ἔφη,</span> <span class='ocrx_word' id='word_1_739' title='bbox 2295 4910 2437 4992; x_wconf 77' lang='grc' dir='ltr'>Ούχί</span> <span class='ocrx_word' id='word_1_740' title='bbox 2473 4917 2752 4989; x_wconf 84' lang='grc' dir='ltr'>προσκυνῶ</span> <span class='ocrx_word' id='word_1_741' title='bbox 2786 4931 2865 4990; x_wconf 86' lang='grc' dir='ltr'><strong>σε,</strong></span> <span class='ocrx_word' id='word_1_742' title='bbox 2903 4909 3023 4966; x_wconf 83' lang='grc' dir='ltr'>ἀλλ’</span> <span class='ocrx_word' id='word_1_743' title='bbox 3053 4910 3144 4965; x_wconf 79' lang='grc' dir='ltr'>’ίνα</span> <span class='ocrx_word' id='word_1_744' title='bbox 3175 4909 3368 4987; x_wconf 75' lang='grc' dir='ltr'>ἐπεύξῃ</span> <span class='ocrx_word' id='word_1_745' title='bbox 3399 4911 3486 4966; x_wconf 80' lang='grc' dir='ltr'><strong>καὶ</strong></span> <span class='ocrx_word' id='word_1_746' title='bbox 3519 4912 3704 4988; x_wconf 80' lang='grc' dir='ltr'>εὑρεθῇ</span> <span class='ocrx_word' id='word_1_747' title='bbox 3737 4927 3752 4944; x_wconf 88' lang='grc'>⁶</span> 
     </span>
    </p>
   </div>
   <div class='ocr_carea' id='block_1_106' title="bbox 391 4998 2040 5081">
    <p class='ocr_par' dir='ltr' id='par_1_106' title="bbox 391 4998 2040 5081">
     <span class='ocr_line' id='line_1_106' title="bbox 391 4998 2040 5081; baseline -0.001 -17"><span class='ocrx_word' id='word_1_748' title='bbox 391 5000 630 5064; x_wconf 89' lang='lat' dir='ltr'><strong>Deinde</strong></span> <span class='ocrx_word' id='word_1_749' title='bbox 684 5018 821 5061; x_wconf 92' lang='lat' dir='ltr'><strong>cum</strong></span> <span class='ocrx_word' id='word_1_750' title='bbox 883 4998 1184 5080; x_wconf 90' lang='lat' dir='ltr'><strong>paululum</strong></span> <span class='ocrx_word' id='word_1_751' title='bbox 1244 4999 1693 5074; x_wconf 88' lang='lat' dir='ltr'><strong>intermisisset,</strong></span> <span class='ocrx_word' id='word_1_752' title='bbox 1765 4999 2040 5081; x_wconf 81' lang='lat' dir='ltr'><strong>Alypium</strong></span> 
     </span>
    </p>
   </div>
   <div class='ocr_carea' id='block_1_107' title="bbox 406 5088 2038 5171">
    <p class='ocr_par' dir='ltr' id='par_1_107' title="bbox 406 5088 2038 5171">
     <span class='ocr_line' id='line_1_107' title="bbox 406 5088 2038 5171; baseline 0 -18"><span class='ocrx_word' id='word_1_753' title='bbox 406 5090 730 5171; x_wconf 88' lang='lat' dir='ltr'><strong>quemdam</strong></span> <span class='ocrx_word' id='word_1_754' title='bbox 763 5091 924 5151; x_wconf 86' lang='lat' dir='ltr'><strong>clara</strong></span> <span class='ocrx_word' id='word_1_755' title='bbox 945 5096 1184 5166; x_wconf 84' lang='lat' dir='ltr'><strong>voce,ut</strong></span> <span class='ocrx_word' id='word_1_756' title='bbox 1214 5088 1466 5166; x_wconf 87' lang='lat' dir='ltr'><strong>solebat,</strong></span> <span class='ocrx_word' id='word_1_757' title='bbox 1499 5093 1714 5153; x_wconf 88' lang='lat' dir='ltr'><strong>Beatus</strong></span> <span class='ocrx_word' id='word_1_758' title='bbox 1742 5089 2038 5153; x_wconf 88' lang='lat' dir='ltr'><strong>accersiit.</strong></span> 
     </span>
    </p>
   </div>
   <div class='ocr_carea' id='block_1_108' title="bbox 397 5177 2038 5259">
    <p class='ocr_par' dir='ltr' id='par_1_108' title="bbox 397 5177 2038 5259">
     <span class='ocr_line' id='line_1_108' title="bbox 397 5177 2038 5259; baseline -0.001 -17"><span class='ocrx_word' id='word_1_759' title='bbox 397 5180 547 5243; x_wconf 89' lang='lat' dir='ltr'><strong>Cum</strong></span> <span class='ocrx_word' id='word_1_760' title='bbox 584 5179 707 5242; x_wconf 93' lang='lat' dir='ltr'><strong>duo</strong></span> <span class='ocrx_word' id='word_1_761' title='bbox 741 5195 883 5258; x_wconf 87' lang='lat' dir='ltr'><strong>ergo</strong></span> <span class='ocrx_word' id='word_1_762' title='bbox 935 5177 1162 5241; x_wconf 87' lang='lat' dir='ltr'><strong>inventi</strong></span> <span class='ocrx_word' id='word_1_763' title='bbox 1192 5185 1393 5241; x_wconf 86' lang='lat' dir='ltr'><strong>essent</strong></span> <span class='ocrx_word' id='word_1_764' title='bbox 1425 5179 1696 5259; x_wconf 89' lang='lat' dir='ltr'><strong>ejusdem</strong></span> <span class='ocrx_word' id='word_1_765' title='bbox 1724 5179 1989 5241; x_wconf 88' lang='lat' dir='ltr'><strong>nominis</strong></span> <span class='ocrx_word' id='word_1_766' title='bbox 2023 5196 2038 5240; x_wconf 90' lang='lat'><strong>:</strong></span> 
     </span>
    </p>
   </div>
   <div class='ocr_carea' id='block_1_109' title="bbox 402 5267 2043 5349">
    <p class='ocr_par' dir='ltr' id='par_1_109' title="bbox 402 5267 2043 5349">
     <span class='ocr_line' id='line_1_109' title="bbox 402 5267 2043 5349; baseline -0.001 -17"><span class='ocrx_word' id='word_1_767' title='bbox 402 5267 562 5348; x_wconf 89' lang='lat' dir='ltr'><strong>Tibi,</strong></span> <span class='ocrx_word' id='word_1_768' title='bbox 598 5267 814 5346; x_wconf 89' lang='lat' dir='ltr'><strong>inquit,</strong></span> <span class='ocrx_word' id='word_1_769' title='bbox 842 5267 999 5345; x_wconf 87' lang='lat' dir='ltr'><strong>dico,</strong></span> <span class='ocrx_word' id='word_1_770' title='bbox 1029 5267 1130 5349; x_wconf 91' lang='lat' dir='ltr'><strong>qui</strong></span> <span class='ocrx_word' id='word_1_771' title='bbox 1160 5275 1281 5330; x_wconf 86' lang='lat' dir='ltr'><strong>stas</strong></span> <span class='ocrx_word' id='word_1_772' title='bbox 1307 5287 1342 5330; x_wconf 92' lang='lat' dir='ltr'><strong>a</strong></span> <span class='ocrx_word' id='word_1_773' title='bbox 1372 5268 1796 5332; x_wconf 89' lang='lat' dir='ltr'><strong>sinistris.Scio</strong></span> <span class='ocrx_word' id='word_1_774' title='bbox 1827 5276 1885 5332; x_wconf 87' lang='lat' dir='ltr'><strong>te</strong></span> <span class='ocrx_word' id='word_1_775' title='bbox 1923 5287 2043 5332; x_wconf 90' lang='lat' dir='ltr'><strong>non</strong></span> 
     </span>
    </p>
   </div>
   <div class='ocr_carea' id='block_1_110' title="bbox 409 5353 2045 5440">
    <p class='ocr_par' dir='ltr' id='par_1_110' title="bbox 409 5353 2045 5440">
     <span class='ocr_line' id='line_1_110' title="bbox 409 5353 2045 5440; baseline 0.003 -22"><span class='ocrx_word' id='word_1_776' title='bbox 409 5375 544 5420; x_wconf 82' lang='lat' dir='ltr'><strong>esse</strong></span> <span class='ocrx_word' id='word_1_777' title='bbox 575 5358 933 5420; x_wconf 84' lang='lat' dir='ltr'><strong>suﬁ&#39;uratum</strong></span> <span class='ocrx_word' id='word_1_778' title='bbox 962 5355 1273 5431; x_wconf 87' lang='lat' dir='ltr'><strong>ovem,sed</strong></span> <span class='ocrx_word' id='word_1_779' title='bbox 1300 5357 1782 5436; x_wconf 86' lang='lat' dir='ltr'><strong>invenisse,vade</strong></span> <span class='ocrx_word' id='word_1_780' title='bbox 1813 5353 1957 5440; x_wconf 76' lang='lat' dir='ltr'><strong>ergo</strong></span> <span class='ocrx_word' id='word_1_781' title='bbox 1985 5368 2045 5423; x_wconf 92' lang='lat' dir='ltr'><strong>et</strong></span> 
     </span>
    </p>
   </div>
   <div class='ocr_carea' id='block_1_111' title="bbox 404 5445 2046 5529">
    <p class='ocr_par' dir='ltr' id='par_1_111' title="bbox 404 5445 2046 5529">
     <span class='ocr_line' id='line_1_111' title="bbox 404 5445 2046 5529; baseline 0.005 -23"><span class='ocrx_word' id='word_1_782' title='bbox 404 5447 616 5510; x_wconf 87' lang='lat' dir='ltr'><strong>redde.</strong></span> <span class='ocrx_word' id='word_1_783' title='bbox 649 5447 758 5510; x_wconf 89' lang='lat' dir='ltr'><strong>Hic</strong></span> <span class='ocrx_word' id='word_1_784' title='bbox 791 5445 978 5524; x_wconf 87' lang='lat' dir='ltr'><strong>enim,</strong></span> <span class='ocrx_word' id='word_1_785' title='bbox 1009 5448 1114 5529; x_wconf 89' lang='lat' dir='ltr'><strong>qui</strong></span> <span class='ocrx_word' id='word_1_786' title='bbox 1146 5448 1433 5529; x_wconf 89' lang='lat' dir='ltr'><strong>perdidit,</strong></span> <span class='ocrx_word' id='word_1_787' title='bbox 1462 5449 1560 5513; x_wconf 89' lang='lat' dir='ltr'><strong>dat</strong></span> <span class='ocrx_word' id='word_1_788' title='bbox 1589 5449 1756 5512; x_wconf 89' lang='lat' dir='ltr'><strong>vobis</strong></span> <span class='ocrx_word' id='word_1_789' title='bbox 1781 5451 1854 5514; x_wconf 82' lang='lat' dir='ltr'><strong>ad</strong></span> <span class='ocrx_word' id='word_1_790' title='bbox 1885 5469 2046 5514; x_wconf 89' lang='lat' dir='ltr'><strong>sum-</strong></span> 
     </span>
    </p>
   </div>
   <div class='ocr_carea' id='block_1_112' title="bbox 411 5535 2042 5619">
    <p class='ocr_par' dir='ltr' id='par_1_112' title="bbox 411 5535 2042 5619">
     <span class='ocr_line' id='line_1_112' title="bbox 411 5535 2042 5619; baseline 0.005 -25"><span class='ocrx_word' id='word_1_791' title='bbox 411 5542 538 5594; x_wconf 93' lang='lat' dir='ltr'><strong>tum</strong></span> <span class='ocrx_word' id='word_1_792' title='bbox 573 5553 676 5599; x_wconf 79' lang='lat' dir='ltr'><strong>sex</strong></span> <span class='ocrx_word' id='word_1_793' title='bbox 734 5535 946 5598; x_wconf 88' lang='lat' dir='ltr'><strong>obolos</strong></span> <span class='ocrx_word' id='word_1_794' title='bbox 1005 5547 1068 5600; x_wconf 90' lang='lat' dir='ltr'><strong>ut</strong></span> <span class='ocrx_word' id='word_1_795' title='bbox 1128 5557 1232 5600; x_wconf 88' lang='lat' dir='ltr'><strong>vos</strong></span> <span class='ocrx_word' id='word_1_796' title='bbox 1261 5540 1727 5619; x_wconf 63' lang='lat' dir='ltr'><strong>congregemini.</strong></span> <span class='ocrx_word' id='word_1_797' title='bbox 1763 5540 1874 5614; x_wconf 87' lang='lat' dir='ltr'><strong>Qui</strong></span> <span class='ocrx_word' id='word_1_798' title='bbox 1906 5559 2042 5603; x_wconf 90' lang='lat' dir='ltr'><strong>cum</strong></span> 
     </span>
    </p>
   </div>
   <div class='ocr_carea' id='block_1_113' title="bbox 413 5621 2041 5710">
    <p class='ocr_par' dir='ltr' id='par_1_113' title="bbox 413 5621 2041 5710">
     <span class='ocr_line' id='line_1_113' title="bbox 413 5621 2041 5710; baseline 0.009 -31"><span class='ocrx_word' id='word_1_799' title='bbox 413 5621 630 5687; x_wconf 87' lang='lat' dir='ltr'><strong>ecisset</strong></span> <span class='ocrx_word' id='word_1_800' title='bbox 661 5633 722 5687; x_wconf 88' lang='lat' dir='ltr'><strong>ut</strong></span> <span class='ocrx_word' id='word_1_801' title='bbox 746 5625 955 5705; x_wconf 88' lang='lat' dir='ltr'><strong>jussus</strong></span> <span class='ocrx_word' id='word_1_802' title='bbox 986 5626 1045 5689; x_wconf 89' lang='lat' dir='ltr'><strong>fu</strong></span> <span class='ocrx_word' id='word_1_803' title='bbox 1061 5637 1458 5710; x_wconf 81' lang='lat' dir='ltr'><strong>erat,recepta</strong></span> <span class='ocrx_word' id='word_1_804' title='bbox 1475 5646 1604 5708; x_wconf 86' lang='lat' dir='ltr'><strong>ove,</strong></span> <span class='ocrx_word' id='word_1_805' title='bbox 1641 5630 1892 5694; x_wconf 90' lang='lat' dir='ltr'><strong>Domino</strong></span> <span class='ocrx_word' id='word_1_806' title='bbox 1922 5631 2041 5710; x_wconf 82' lang='lat' dir='ltr'><strong>egit</strong></span> 
     </span>
    </p>
   </div>
   <div class='ocr_carea' id='block_1_114' title="bbox 2123 4997 3756 5079">
    <p class='ocr_par' dir='ltr' id='par_1_114' title="bbox 2123 4997 3756 5079">
     <span class='ocr_line' id='line_1_114' title="bbox 2123 4997 3756 5079; baseline -0.002 -21"><span class='ocrx_word' id='word_1_807' title='bbox 2123 5002 2248 5058; x_wconf 73' lang='grc' dir='ltr'>εἶτα</span> <span class='ocrx_word' id='word_1_808' title='bbox 2303 5003 2491 5079; x_wconf 83' lang='grc' dir='ltr'>μικρὸν</span> <span class='ocrx_word' id='word_1_809' title='bbox 2550 4999 2868 5074; x_wconf 86' lang='grc' dir='ltr'>διαστείλας,</span> <span class='ocrx_word' id='word_1_810' title='bbox 2924 4997 3165 5056; x_wconf 65' lang='grc' dir='ltr'><strong>’Ἃλνπάν</strong></span> <span class='ocrx_word' id='word_1_811' title='bbox 3237 5021 3354 5056; x_wconf 87' lang='grc' dir='ltr'>τινα</span> <span class='ocrx_word' id='word_1_812' title='bbox 3416 4997 3641 5075; x_wconf 84' lang='grc' dir='ltr'>λαμπρᾷ</span> <span class='ocrx_word' id='word_1_813' title='bbox 3694 5004 3756 5075; x_wconf 76' lang='grc' dir='ltr'><strong>τῇ</strong></span> 
     </span>
    </p>
   </div>
   <div class='ocr_carea' id='block_1_115' title="bbox 2124 5087 3754 5171">
    <p class='ocr_par' dir='ltr' id='par_1_115' title="bbox 2124 5087 3754 5171">
     <span class='ocr_line' id='line_1_115' title="bbox 2124 5087 3754 5171; baseline 0 -24"><span class='ocrx_word' id='word_1_814' title='bbox 2124 5096 2296 5171; x_wconf 75' lang='grc' dir='ltr'>φωνῇ,</span> <span class='ocrx_word' id='word_1_815' title='bbox 2330 5091 2404 5153; x_wconf 80' lang='grc' dir='ltr'>ὣς</span> <span class='ocrx_word' id='word_1_816' title='bbox 2430 5089 2495 5157; x_wconf 78' lang='grc' dir='ltr'><strong>ἧν</strong></span> <span class='ocrx_word' id='word_1_817' title='bbox 2527 5093 2670 5164; x_wconf 66' lang='grc' dir='ltr'>αὐτῷ</span> <span class='ocrx_word' id='word_1_818' title='bbox 2698 5089 2956 5169; x_wconf 66' lang='grc' dir='ltr'>πεφυκὸς,</span> <span class='ocrx_word' id='word_1_819' title='bbox 2989 5087 3355 5164; x_wconf 73' lang='grc' dir='ltr'>μετακαλεττο</span> <span class='ocrx_word' id='word_1_820' title='bbox 3397 5091 3424 5145; x_wconf 85' lang='grc' dir='ltr'><strong>ὁ</strong></span> <span class='ocrx_word' id='word_1_821' title='bbox 3467 5089 3754 5166; x_wconf 73' lang='grc' dir='ltr'>μακάριος.</span> 
     </span>
    </p>
   </div>
   <div class='ocr_carea' id='block_1_116' title="bbox 2133 5176 3758 5257">
    <p class='ocr_par' dir='ltr' id='par_1_116' title="bbox 2133 5176 3758 5257">
     <span class='ocr_line' id='line_1_116' title="bbox 2133 5176 3758 5257; baseline -0.004 -19"><span class='ocrx_word' id='word_1_822' title='bbox 2133 5181 2232 5238; x_wconf 81' lang='grc' dir='ltr'>Δύο</span> <span class='ocrx_word' id='word_1_823' title='bbox 2281 5180 2370 5237; x_wconf 73' lang='grc' dir='ltr'>οὖν</span> <span class='ocrx_word' id='word_1_824' title='bbox 2427 5179 2728 5256; x_wconf 78' lang='grc' dir='ltr'>ὁμωνύμων</span> <span class='ocrx_word' id='word_1_825' title='bbox 2773 5177 3105 5257; x_wconf 69' lang='grc' dir='ltr'>εὑρεθέντων,</span> <span class='ocrx_word' id='word_1_826' title='bbox 3154 5179 3272 5257; x_wconf 87' lang='grc' dir='ltr'>Σοὶ,</span> <span class='ocrx_word' id='word_1_827' title='bbox 3305 5177 3456 5257; x_wconf 69' lang='grc' dir='ltr'>φησὶ,</span> <span class='ocrx_word' id='word_1_828' title='bbox 3492 5176 3636 5256; x_wconf 83' lang='grc' dir='ltr'>λέγω</span> <span class='ocrx_word' id='word_1_829' title='bbox 3686 5177 3758 5248; x_wconf 80' lang='grc' dir='ltr'><strong>τῷ</strong></span> 
     </span>
    </p>
   </div>
   <div class='ocr_carea' id='block_1_117' title="bbox 2126 5262 3758 5347">
    <p class='ocr_par' dir='ltr' id='par_1_117' title="bbox 2126 5262 3758 5347">
     <span class='ocr_line' id='line_1_117' title="bbox 2126 5262 3758 5347; baseline -0.004 -20"><span class='ocrx_word' id='word_1_830' title='bbox 2126 5269 2178 5337; x_wconf 80' lang='grc' dir='ltr'>ἐξ</span> <span class='ocrx_word' id='word_1_831' title='bbox 2221 5271 2504 5347; x_wconf 71' lang='grc' dir='ltr'>εὐωνύμων</span> <span class='ocrx_word' id='word_1_832' title='bbox 2564 5271 2760 5327; x_wconf 78' lang='grc' dir='ltr'>ἑστῶτι</span> <span class='ocrx_word' id='word_1_833' title='bbox 2799 5286 2812 5300; x_wconf 82' lang='grc'><strong>⁸</strong></span> <span class='ocrx_word' id='word_1_834' title='bbox 2859 5265 3010 5342; x_wconf 75' lang='grc' dir='ltr'>οἶδα,</span> <span class='ocrx_word' id='word_1_835' title='bbox 3060 5266 3139 5323; x_wconf 81' lang='grc' dir='ltr'>ὅτι</span> <span class='ocrx_word' id='word_1_836' title='bbox 3185 5266 3280 5324; x_wconf 73' lang='grc' dir='ltr'><strong>οὒκ</strong></span> <span class='ocrx_word' id='word_1_837' title='bbox 3339 5265 3597 5346; x_wconf 77' lang='grc' dir='ltr'>ἔκλεψας,</span> <span class='ocrx_word' id='word_1_838' title='bbox 3642 5262 3758 5322; x_wconf 69' lang='grc' dir='ltr'>ἀλλ’</span> 
     </span>
    </p>
   </div>
   <div class='ocr_carea' id='block_1_118' title="bbox 2127 5353 3757 5439">
    <p class='ocr_par' dir='ltr' id='par_1_118' title="bbox 2127 5353 3757 5439">
     <span class='ocr_line' id='line_1_118' title="bbox 2127 5353 3757 5439; baseline -0.006 -21"><span class='ocrx_word' id='word_1_839' title='bbox 2127 5363 2272 5439; x_wconf 77' lang='grc' dir='ltr'>εὗρες</span> <span class='ocrx_word' id='word_1_840' title='bbox 2333 5361 2396 5417; x_wconf 73' lang='grc' dir='ltr'><strong>τὸ</strong></span> <span class='ocrx_word' id='word_1_841' title='bbox 2438 5355 2705 5438; x_wconf 80' lang='grc' dir='ltr'>πρόϐατον</span> <span class='ocrx_word' id='word_1_842' title='bbox 2735 5376 2753 5395; x_wconf 81' lang='grc' dir='ltr'><strong>ο</strong></span> <span class='ocrx_word' id='word_1_843' title='bbox 2799 5357 2993 5414; x_wconf 75' lang='grc' dir='ltr'>ἄπελθε</span> <span class='ocrx_word' id='word_1_844' title='bbox 3043 5356 3156 5430; x_wconf 76' lang='grc' dir='ltr'>οὖν,</span> <span class='ocrx_word' id='word_1_845' title='bbox 3208 5353 3432 5419; x_wconf 77' lang='grc' dir='ltr'>ἀπόδος.</span> <span class='ocrx_word' id='word_1_846' title='bbox 3466 5358 3631 5418; x_wconf 76' lang='grc' dir='ltr'>Οὗτος</span> <span class='ocrx_word' id='word_1_847' title='bbox 3661 5355 3757 5433; x_wconf 69' lang='grc' dir='ltr'>γὰρ</span> 
     </span>
    </p>
   </div>
   <div class='ocr_carea' id='block_1_119' title="bbox 2126 5444 3755 5529">
    <p class='ocr_par' dir='ltr' id='par_1_119' title="bbox 2126 5444 3755 5529">
     <span class='ocr_line' id='line_1_119' title="bbox 2126 5444 3755 5529; baseline -0.006 -21"><span class='ocrx_word' id='word_1_848' title='bbox 2126 5454 2155 5508; x_wconf 82' lang='grc' dir='ltr'>ὁ</span> <span class='ocrx_word' id='word_1_849' title='bbox 2189 5447 2454 5513; x_wconf 76' lang='grc' dir='ltr'>ἀπολέσας</span> <span class='ocrx_word' id='word_1_850' title='bbox 2485 5448 2538 5515; x_wconf 82' lang='grc' dir='ltr'>ἓξ</span> <span class='ocrx_word' id='word_1_851' title='bbox 2567 5447 2750 5529; x_wconf 76' lang='grc' dir='ltr'>φόλεις</span> <span class='ocrx_word' id='word_1_852' title='bbox 2781 5449 2853 5514; x_wconf 87' lang='grc' dir='ltr'><strong>εἰς</strong></span> <span class='ocrx_word' id='word_1_853' title='bbox 2886 5445 3215 5524; x_wconf 77' lang='grc' dir='ltr'>ἀναλώματα</span> <span class='ocrx_word' id='word_1_854' title='bbox 3270 5444 3501 5525; x_wconf 80' lang='grc' dir='ltr'>παρέχει</span> <span class='ocrx_word' id='word_1_855' title='bbox 3558 5444 3652 5501; x_wconf 68' lang='grc' dir='ltr'><strong>ἐπὶ</strong></span> <span class='ocrx_word' id='word_1_856' title='bbox 3698 5445 3755 5498; x_wconf 78' lang='grc' dir='ltr'>τὸ</span> 
     </span>
    </p>
   </div>
   <div class='ocr_carea' id='block_1_120' title="bbox 2125 5533 3752 5614">
    <p class='ocr_par' dir='ltr' id='par_1_120' title="bbox 2125 5533 3752 5614">
     <span class='ocr_line' id='line_1_120' title="bbox 2125 5533 3752 5614; baseline -0.006 -17"><span class='ocrx_word' id='word_1_857' title='bbox 2125 5539 2503 5606; x_wconf 83' lang='grc' dir='ltr'>συναλισθῆναι</span> <span class='ocrx_word' id='word_1_858' title='bbox 2561 5540 2726 5614; x_wconf 79' lang='grc' dir='ltr'>ὑμᾶς,</span> <span class='ocrx_word' id='word_1_859' title='bbox 2781 5539 2838 5602; x_wconf 83' lang='grc' dir='ltr'>ὃς</span> <span class='ocrx_word' id='word_1_860' title='bbox 2895 5537 3127 5605; x_wconf 87' lang='grc' dir='ltr'>ποιήσας</span> <span class='ocrx_word' id='word_1_861' title='bbox 3159 5537 3231 5600; x_wconf 82' lang='grc' dir='ltr'>ὡς</span> <span class='ocrx_word' id='word_1_862' title='bbox 3264 5533 3570 5608; x_wconf 82' lang='grc' dir='ltr'>ἐκελεύσθη,</span> <span class='ocrx_word' id='word_1_863' title='bbox 3619 5533 3752 5589; x_wconf 77' lang='grc' dir='ltr'>ἁπο-</span> 
     </span>
    </p>
   </div>
   <div class='ocr_carea' id='block_1_121' title="bbox 2124 5625 3753 5709">
    <p class='ocr_par' dir='ltr' id='par_1_121' title="bbox 2124 5625 3753 5709">
     <span class='ocr_line' id='line_1_121' title="bbox 2124 5625 3753 5709; baseline -0.007 -21"><span class='ocrx_word' id='word_1_864' title='bbox 2124 5629 2298 5690; x_wconf 75' lang='grc' dir='ltr'>λαϐὼν</span> <span class='ocrx_word' id='word_1_865' title='bbox 2340 5631 2400 5688; x_wconf 82' lang='grc' dir='ltr'>τὸ</span> <span class='ocrx_word' id='word_1_866' title='bbox 2441 5627 2651 5709; x_wconf 78' lang='grc' dir='ltr'>θρέμμα</span> <span class='ocrx_word' id='word_1_867' title='bbox 2709 5627 3028 5709; x_wconf 70' lang='grc' dir='ltr'>ηὐχαρίστει</span> <span class='ocrx_word' id='word_1_868' title='bbox 3080 5631 3157 5701; x_wconf 87' lang='grc' dir='ltr'><strong>τῷ</strong></span> <span class='ocrx_word' id='word_1_869' title='bbox 3210 5625 3382 5706; x_wconf 79' lang='grc' dir='ltr'>Κυρίῳ</span> <span class='ocrx_word' id='word_1_870' title='bbox 3413 5631 3491 5701; x_wconf 85' lang='grc' dir='ltr'><strong>τῷ</strong></span> <span class='ocrx_word' id='word_1_871' title='bbox 3524 5631 3753 5684; x_wconf 76' lang='grc' dir='ltr'>ποιοῦντι</span> 
     </span>
    </p>
   </div>
  </div>
