3932 6140
217 332 376 402 1429

1523 332 1712 402 VITA
1741 333 1818 400 Β.
1863 331 2268 406 ΑΠΧΕΝΤΙῙ.

3409 334 3566 407 1430

211 469 312 564 ξιᾶ
354 478 462 532 τῶν
491 471 652 564 ὁσίων
682 474 840 534 αῦτοῦ
886 441 1098 564 μεγάλα
1156 471 1261 564 καὶ,
1302 469 1701 556 ἆνὶξιχνίαστα,
1759 470 1852 530 ἔνο

1958 476 2285 562 il‘atias,qui
2318 498 2423 563 per
2454 486 2692 546 sanctos
2720 499 2862 545 suos
2895 479 3035 546 facit
3068 500 3279 564 magna
3307 488 3366 547 et
3395 483 3568 546 inve-

217 562 351 632 δοξά
380 586 437 622 τε
468 565 562 622 καί
593 562 815 640 ἐξαίσια,
844 568 916 624 ὧν
949 569 1042 625 οὒκ
1071 561 1212 622 ἔστιν
1245 563 1488 643 ἀριθμός.

303 745 443 807 NO'.
491 751 599 819 Μιᾷ
631 742 686 801 δὲ
716 749 824 802 τῶν
853 746 1068 822 ἡμερῶν
1099 742 1336 816 πλήθους
1362 742 1700 823 συνηγμένον
1750 745 1859 800 τῶν

217 836 530 916 ἔπιχωρίων
587 856 646 892 τε
706 836 794 892 καὶ
851 835 1143 892 πολιτικῶν
1201 837 1290 892 καὶ
1345 841 1438 893 τοῦ
1487 833 1748 913 μακαρίοῦ
1791 833 1859 891 τὰ

218 927 356 1004 πρὸς
435 925 702 1004 σωτηρίαν
797 923 1205 1004 διαλεγομένου,
1297 924 1520 986 ἐπιστὰς
1606 923 1856 1002 ἄγροικος

217 1015 540 1096 χαιρετίζων
580 1015 764 1094 ἔλεγεν
810 1016 950 1089 αὒτῴ
982 1033 998 1050 °
1051 1014 1202 1087 Καλή
1245 1037 1340 1072 σου
1397 1013 1597 1093 ἡμέρα,
1627 1013 1859 1072 δέσποτά

216 1128 326 1182 μου
358 1125 374 1141 ο
416 1113 507 1164 τοῦ
557 1104 612 1162 δὲ
655 1106 848 1180 σεμνὸν
886 1103 1335 1184 ἐπιγελάσαντος,
1385 1106 1473 1161 καὶ
1529 1105 1628 1185 γὰρ
1672 1105 1739 1173 ἦν
1781 1111 1859 1179 τῷ

214 1197 330 1254 ὄντι
375 1197 584 1277 χαρίεις
655 1197 772 1272 καὶ,
851 1193 1026 1261 Καλός
1097 1217 1180 1252 σοι
1228 1196 1416 1274 καιρὸς
1460 1195 1764 1270 εἰρηκότος,
1809 1196 1858 1250 οἱ

211 1288 479 1364 παρόντες
537 1289 611 1352 είς
644 1287 862 1351 ἑαυτοὺς
895 1283 1284 1364 προσεμειδίων
1317 1301 1331 1316 °
1367 1287 1396 1342 ὃ
1438 1283 1491 1342 δέ
1544 1307 1674 1364 φησι
1725 1285 1858 1364 πρδς

216 1376 412 1440 αύτούς
445 1393 458 1408 ’
509 1375 771 1456 Γραφικὸς
831 1375 946 1432 ἐστι
991 1373 1179 1453 λόγος,
1227 1373 1467 1456 ἀδελφοὶ,
1509 1396 1539 1429 α
1587 1374 1676 1442 Μὴ
1715 1373 1857 1430 ἁπο-

217 1469 401 1536 κρίνου
444 1465 630 1546 ἄφρονι
685 1466 818 1544 πρὸς
877 1465 979 1533 τὴν
1031 1465 1339 1545 ἀφροσύνην
1381 1467 1537 1524 αὐτοῦ
1571 1483 1586 1501 ο
1637 1486 1665 1519 ι
1719 1464 1764 1519 εί
1793 1463 1858 1531 ἦν

220 1558 478 1634 εἰρηκὼς,
516 1555 848 1634 Εύλόγησον,
884 1554 1107 1623 ἤκουσεν
1163 1552 1225 1610 ἄν
1259 1575 1277 1629 ;
1338 1556 1366 1612 ὃ
1398 1555 1587 1634 Κύριος
1625 1550 1860 1631 εύλογή-

220 1668 306 1703 σει
338 1668 396 1702 σε
425 1647 562 1704 κατὰ
615 1647 678 1702 τὸ
708 1647 929 1712 συνῆθες
957 1647 1094 1720 ἡμῖν
1129 1663 1148 1681 ο
1186 1645 1345 1712 αῦτὸς
1386 1643 1486 1722 γάρ
1531 1643 1672 1702 ἐστιν
1704 1644 1732 1700 δ
1761 1642 1860 1709 τὴν

218 1736 389 1812 τιμὴν
445 1734 529 1792 διὰ
570 1741 678 1792 τῶν
723 1734 931 1790 οἰκείων
959 1738 1120 1794 αὺτοῦ
1145 1733 1344 1792 δούλων
1375 1735 1447 1798 εἰς
1484 1734 1674 1790 ἑαυτὸν
1717 1731 1860 1790 ἀπο-

1939 564 2641 655 stigabilia,gloriosaque
2669 580 2733 636 et
2763 572 3419 656 admirabilia,quorum
3452 593 3572 637 non

1939 663 2028 718 est
2053 668 2366 726 numerus.

2022 748 2166 814 LIX.
2201 750 2468 824 Quodam
2499 759 2697 816 autem
2745 752 2842 817 die
2902 759 3260 833 congregata
3295 752 3570 816 multitu-

1941 837 2082 901 dine
2113 848 2228 902 tam
2259 842 2618 906 rusticorum
2681 862 2855 924 quam
2907 842 3146 916 civium,
3201 841 3468 905 etBeato
3501 861 3573 906 ea

1941 928 2280 993 disserente
2311 950 2442 1013 quze
2492 933 2868 1012 pertinebant
2915 933 2988 994 ad
3023 932 3296 1006 salutem,
3331 933 3571 1013 quidam

1941 1019 2043 1099 qui
2077 1020 2396 1084 advenerat
2426 1023 2703 1098 rusticus,
2738 1022 2884 1085 dixit
2911 1022 2967 1084 ei
2998 1041 3011 1085 :
3046 1021 3244 1084 Bonus
3275 1021 3403 1084 dies
3432 1021 3570 1093 tibi.

1940 1107 2184 1172 domine
2246 1112 2346 1172 mi.
2406 1111 2549 1174 Cum
2609 1111 2710 1174 ille
2758 1121 2953 1174 autem
2985 1111 3238 1174 honeste
3267 1110 3570 1174 arrisisset

1944 1196 2095 1278 (erat
2152 1199 2312 1262 enim
2373 1218 2579 1263 revera
2633 1201 2889 1282 lepidus)
2942 1210 2998 1264 et
3029 1200 3298 1271 dixisset,
3331 1203 3566 1264 Bonum

1941 1286 2048 1349 tibi
2080 1294 2316 1370 tempus
2351 1309 2364 1350 :
2401 1289 2502 1372 qui
2537 1291 2783 1354 aderant
2814 1293 2962 1371 apud
2999 1309 3064 1354 se
3113 1291 3409 1356 ridebant.
3456 1290 3564 1354 Ille

1939 1393 2082 1439 vero
2114 1379 2260 1441 dicit
2318 1379 2405 1443 eis
2441 1401 2454 1444 :
2487 1379 2590 1443 Est
2622 1399 2820 1443 sermo
2855 1381 3202 1463 Scripturae,
3237 1401 3270 1444 ο
3306 1381 3520 1443 fratres
3555 1399 3569 1441 :

1947 1489 1970 1522 α
2008 1467 2100 1530 Ne
2129 1468 2427 1550 responde
2456 1469 2634 1532 stulto
2681 1471 2852 1550 juxta
2899 1471 3202 1532 stultitiam
3235 1489 3400 1532 suam
3421 1471 3506 1532 53.
3547 1493 3572 1528 ο

1943 1554 2004 1618 Si
2061 1556 2328 1636 dixisset,
2381 1558 2644 1622 Benedic
2699 1581 2712 1624 :
2775 1559 3115 1634 audivisset,
3177 1560 3462 1623 Dominus
3521 1568 3579 1623 te

1942 1643 2283 1724 benedicet,
2344 1651 2500 1712 sicut
2558 1650 2996 1714 consuevimus.
3049 1650 3182 1732 Ipse
3241 1658 3334 1713 est
3388 1650 3573 1726 enim,

1944 1736 2044 1817 qui
2078 1737 2369 1801 honorem
2429 1758 2538 1822 per
2591 1759 2729 1802 suos
2784 1759 2988 1803 servos
3048 1743 3106 1802 in
3141 1759 3207 1802 se
3239 1741 3481 1821 accipit,
3514 1748 3576 1803 et

219 1824 547 1905 δεχόμενος,
599 1826 685 1882 καὶ
745 1825 957 1898 ἑκάστῳ
1005 1825 1104 1892 τὴν
1155 1820 1386 1892 ἀμοιϐὴν
1440 1822 1538 1892 τῆς
1572 1825 1859 1910 ,μισθαπο-

1958 1820 2444 1910 unumquemque
2491 1838 2908 1892 remuneratur
2957 1829 3236 1892 mercede
3285 1820 3408 1891 sure
3435 1847 3576 1909 gra-

219 1913 405 1979 δοσίας
465 1922 536 1992 τῇ
592 1918 751 1974 αὒτοῦ
811 1914 997 1996 χάριτι
1041 1913 1348 1978 ἀποδιδούς.
1407 1909 1626 1981 Ἐπειδὴ
1671 1910 1864 1979 δὲτὴν

220 2005 402 2075 καλήν
441 2028 548 2081 μου
587 2004 793 2082 ἡμέραν
820 2004 1128 2080 ἀπένειμεν,
1162 2004 1254 2061 τὸν
1295 2001 1460 2060 καλὸν
1503 2003 1687 2081 καιρὸν
1729 2000 1861 2058 ἀντ-

223 2093 441 2158 ἐλαϐεν,
503 2095 684 2158 Οὕτως
743 2092 1190 2173 διορθωσάμενος,
1252 2095 1312 2150 ού
1367 2094 1531 2170 μόνον
1587 2093 1678 2149 τὸν
1738 2088 1861 2146 δια-

221 2185 544 2259 πταίσαντα,
619 2183 755 2242 ἄλλα
798 2186 886 2240 καὶ
940 2183 1062 2248 τοὺς
1119 2181 1337 2247 λοιποὺς
1408 2181 1670 2261 ἅπαντας,
1717 2178 1862 2239 ἔνδον

223 2272 476 2332 εἰσελθὼν
507 2271 670 2330 πάλιν
702 2273 1002 2352 ἡσύχασεν.

306 2363 402 2427 Ξ’.
463 2365 572 2431 Τῆς
616 2363 670 2420 δὲ
730 2382 824 2419 του
880 2362 1135 2439 Σωτῆρος
1196 2361 1350 2436 ἡμῶν
1410 2359 1589 2429 Ἰησοῦ
1635 2367 1863 2440 Χριστοῦ

219 2453 584 2532 συνεργούσης
675 2453 816 2526 αὖτῷ
902 2451 1150 2531 χάριτος,
1239 2449 1430 2508 πολλοὶ
1485 2449 1864 2527 δαιμονιῶντες

215 2544 588 2624 προσέτρεχον
646 2545 810 2615 αὒτῷ,
869 2542 918 2598 οἱ
981 2540 1078 2615 μὲν
1149 2541 1384 2614 ἑκόντες,
1447 2541 1537 2596 καὶ
1587 2538 1657 2595 δι’
1703 2543 1861 2598 αὒτοῦ

212 2633 317 2700 τὴν
359 2631 509 2687 ’ίασιν
559 2628 946 2704 ἀσπαζόμενοι,
995 2630 1040 2686 0i
1072 2628 1128 2684 δὲ
1160 2627 1404 2702 ἄκόντες,
1438 2630 1523 2685 καὶ
1552 2626 1638 2708 ὑφ’
1669 2629 1861 2706 ἐτέρων

212 2722 498 2801 ἀγόμενοι,
555 2720 798 2784 οὕστινας
861 2725 940 2793 τῷ
984 2717 1144 2792 ἐλαίῳ
1198 2724 1305 2775 τῶν
1365 2717 1531 2796 ἁγίων
1589 2717 1860 2792 λειψάνων

209 2813 449 2882 ποτίζων
500 2812 589 2867 καὶ
631 2809 908 2876 νηστεύειν
955 2808 1188 2884 μᾶλιστα
1222 2809 1319 2876 τὴν
1350 2806 1576 2887 τετράδα
1617 2808 1708 2864 καὶ
1765 2806 1860 2874 τὴν

213 2901 564 2976 παρασκευὴν
609 2898 844 2956 κελεύων
889 2901 980 2954 σὺν
1041 2898 1251 2955 ἐκτενετ
1299 2904 1583 2977 προσευχῇ
1642 2897 1731 2954 καὶ
1766 2898 1862 2954 πί-

222 3012 340 3048 στει
373 2989 651 3066 εἱλικρινεῖ
704 2988 927 3064 ἰώμενος
961 2985 1191 3043 ἀπέλυεν
1225 3001 1238 3017 ⁸
1275 2985 1330 3043 ἒν
1365 2987 1454 3048 οἷς
1484 2984 1863 3064 προσποιησά-

226 3101 380 3155 μενοι
438 3101 574 3144 τινες
631 3080 859 3158 αἰσχροῦ
901 3075 1117 3155 κέρδους
1163 3076 1324 3158 χάριν
1372 3082 1496 3140 τοὺς
1542 3073 1863 3152 δαιμονιῶν-

1945 1914 2066 1976 tim.
2125 1914 2414 1988 Quoniam
2475 1927 2669 1981 autem
2733 1917 2958 1981 bonum
3008 1918 3166 1981 diem
3223 1918 3367 1982 mihi
3399 1917 3576 1982 attri-

1945 2002 2093 2080 buit,
2128 2005 2176 2068 is
2229 2014 2435 2070 contra
2483 2009 2714 2088 accepit
2767 2007 2989 2070 bonum
3023 2015 3278 2086 tempus.
3315 2008 3460 2071 Cum
3493 2007 3579 2070 sic

1945 2095 2308 2160 correxisset
2349 2116 2468 2159 non
2519 2097 2714 2160 solum
2767 2117 2901 2159 eum
2948 2097 3051 2180 qui
3083 2096 3431 2170 oﬂ'enderat,
3469 2098 3574 2160 sed

1945 2184 2120 2246 etiam
2177 2185 2442 2269 reliquos
2500 2206 2731 2264 omnes,
2792 2187 2950 2250 intro
3003 2187 3333 2266 ingressus,
3368 2203 3576 2252 rursus.

1944 2273 2133 2336 siluit.

2027 2355 2146 2418 LX.
2179 2356 2507 2419 Servatoris
2536 2364 2732 2419 autem
2759 2357 2944 2420 nostri
2969 2359 3106 2418 Jesu
3138 2353 3360 2419 Christi
3394 2372 3570 2436 opem

1945 2443 1998 2506 ei
2027 2444 2258 2507 ferente
2288 2445 2495 2524 gratia,
2531 2446 2699 2508 multi
2733 2446 3079 2508 dromoniaci
3105 2445 3177 2508 ad
3209 2464 3342 2508 eum
3376 2443 3577 2508 venie-

1943 2533 2110 2610 bant,
2142 2552 2247 2596 sua
2277 2534 2518 2612 quidem
2552 2544 2763 2614 sponte
2795 2543 2852 2596 et
2884 2553 2991 2616 per
3019 2554 3082 2596 se
3106 2543 3436 2616 quaerentes
3469 2553 3580 2597 cu-

1941 2623 2257 2686 rationem.
2297 2623 2454 2697 Quos
2486 2625 2728 2702 quidem
2763 2623 2894 2686 oleo
2927 2633 3263 2685 sanctarum
3294 2623 3578 2704 reliquia-

1942 2729 2072 2774 rum
2107 2712 2379 2792 irrigans,
2445 2725 2844 2796 quartumque
2903 2729 2955 2775 et
3009 2713 3371 2776 Parasceves
3420 2713 3579 2775 diem

1945 2801 2201 2864 maxime
2252 2801 2473 2882 jubens
2523 2804 2826 2883 jejunare,
2883 2821 3016 2864 cum
3051 2803 3318 2865 oratione
3349 2801 3584 2865 intensa

1945 2901 2004 2953 et
2034 2893 2270 2954 sincera
2319 2893 2457 2968 fide,
2519 2911 2734 2954 curans
2793 2892 3044 2954 dimisit.
3077 2891 3240 2954 Inter
3261 2911 3410 2974 quos
3438 2892 3582 2970 qui-

1946 2981 2079 3042 dam
2106 2981 2179 3043 ab
2210 3000 2281 3044 eo
2311 2989 2448 3044 sunt
2481 2981 2870 3064 deprehensi,
2905 2982 3007 3060 qui
3039 2981 3231 3063 turpis
3264 2981 3414 3044 lucri
3440 3000 3579 3059 gra-

1946 3071 2027 3132 tia
2057 3090 2120 3133 se
2152 3071 2510 3134 simulabant
2566 3091 2698 3134 esse
2755 3071 3159 3134 dmmoniacos
3190 3089 3204 3135 :
3262 3089 3412 3153 quos
3443 3072 3583 3153 qui-

224 3191 324 3234 τας
379 3169 468 3227 ὑπ’
528 3171 686 3226 αὖτοῦ
743 3167 1095 3246 ἐφωράθησαν
1151 3167 1247 3223 καί
1317 3165 1859 3244 ἐπιπληκτικωτέρως

1958 3161 2082 3223 iem
2139 3162 2392 3223 Sanctus
2450 3161 2838 3223 vehementer
2897 3161 3246 3240 increpavit,
3302 3160 3512 3222 dicens
3566 3181 3581 3220 :

223 3260 694 3338 κατεστύφθησαν,
754 3257 1004 3336 λέγοντος
1051 3261 1144 3313 τοῦ
1219 3256 1476 3334 μακαρίου
1519 3257 1727 3328 «tum,
1773 3254 1858 3310 ὅτι

227 3351 289 3408 Ei.
320 3349 398 3424 μὴ
454 3349 550 3417 ἧτε
597 3355 698 3416 τῆς
755 3355 847 3405 τοῦ
892 3346 1040 3425 ἁγίου
1103 3347 1410 3420 Πνεύματος
1469 3343 1860 3421 κατηξιωμένοι

225 3437 451 3514 δωρεᾶς,
484 3439 586 3496 ὑπὸ
617 3437 831 3495 ἀνιάτου
863 3434 1110 3512 δαίμονος
1144 3433 1206 3490 ἂν
1238 3435 1698 3513 κατεκυριεύθητε,

309 3526 460 3591 ΞΜ.
505 3525 787 3606 Ἐλευθέρα
847 3523 902 3582 δέ
959 3546 1044 3588 τις
1099 3522 1433 3602 φερώνυμος,
1505 3521 1725 3601 λαμπρὰ
1780 3528 1856 3595 τῷ

225 3616 394 3695 γένει,
440 3615 782 3696 λαμπροτέρα
825 3612 880 3671 δὲ
932 3621 1032 3682 τῆς
1078 3609 1462 3678 εὖσεϐεστάτης
1525 3610 1860 3691 Πούλχερίας

224 3706 637 3784 κουϐικουλαρία
716 3704 1012 3784 γεναμένη,
1103 3705 1342 3773 συνήθως
1395 3701 1668 3782 ἐρχομένη
1728 3703 1864 3778 μετᾶ

233 3799 477 3870 πάντων,
521 3798 616 3862 τὰς
665 3797 831 3877 εῦχᾶς
862 3796 1184 3872 ἐκαρποῦτο,
1218 3793 1352 3860 αὕτη
1383 3792 1538 3870 ἔρωτι
1568 3793 1690 3865 θείῳ
1718 3815 1861 3870 τρω-

223 3893 381 3946 θεῖσα
409 3888 506 3956 τὴν
539 3887 750 3967 ψυχὴν,
785 3884 1010 3961 λείψανα
1059 3883 1224 3961 ἁγίων
1272 3881 1579 3955 κεκτημένη
1610 3883 1865 3961 παρέθετο

223 3987 303 4052 τῷ
375 3979 662 4056 μακαρίῳ⁶
723 3975 912 4033 ἔπειτα
977 3971 1030 4030 δὲ
1085 3974 1339 4030 ἱκετεύειν
1403 3973 1560 4030 αὐτὸν
1620 3973 1866 4050 ἐπειρᾶτο

225 4069 308 4125 διὰ
338 4071 434 4134 τῆς
466 4066 831 4146 κατηχήσεως
878 4067 1038 4123 αὒτοῦ
1097 4071 1192 4122 τοῦ
1244 4062 1508 4140 μονήρους
1551 4062 1686 4137 βίου,
1721 4061 1864 4118 ἄπο-

229 4165 430 4217 σπᾶσαι
491 4157 658 4224 αὖτῆν
713 4162 819 4212 τῶν
881 4153 1078 4211 ὓλικῶν
1124 4151 1480 4232 πραγμάτων,
1523 4159 1627 4208 Τοῦ
1658 4149 1713 4206 δὲ
1743 4149 1865 4208 δια-

228 4249 408 4328 φόρως
465 4243 900 4319 ἆναϐαΑλομένω
972 4241 1069 4300 καί
1143 4243 1438 4321 φάσκοντος
1513 4235 1760 4295 δύνασθαι
1811 4241 1868 4296 ἓν

231 4338 406 4415 ἀγαθῇ
453 4335 697 4408 πολιτείᾳ
727 4355 786 4390 τε
831 4335 918 4390 καὶ
975 4332 1192 4404 timori;
1246 4331 1331 4387 καὶ
1361 4332 1418 4385 ἓν
1447 4335 1522 4402 τῷ
1554 4328 1652 4406 βίῳ
1681 4329 1871 4406 εὐαρε-

229 4440 383 4484 στεῖν
413 4431 488 4499 τῷ
521 4426 660 4503 Θεῷ,
707 4423 887 4490 ἐκείνη
941 4423 1039 4480 οὐκ
1097 4420 1366 4478 ἐπαύσατο
1423 4416 1490 4475 δι’
1517 4417 1688 4498 ὄχλου
1718 4438 1870 4495 γινο-

1943 3249 2068 3312 Nisi
2102 3251 2316 3312 essetis
2346 3251 2570 3329 dignati
2614 3250 2772 3311 dono
2803 3250 2990 3312 sancti
3023 3249 3420 3331 baptismatis,
3454 3249 3572 3310 im-

1945 3338 2321 3402 medicabilis
2358 3339 2646 3402 daemonis
2676 3339 3016 3402 dominatus
3043 3357 3144 3401 vos
3178 3339 3497 3402 tenuisset.

2022 3517 2168 3582 LXI.
2199 3518 2480 3592 Quaedam
2501 3537 2641 3582 vero
2673 3519 2916 3582 nomine
2949 3518 3190 3601 quidem
3227 3517 3574 3590 Eleuthera,

1947 3616 2147 3670 mente
2169 3616 2369 3670 autem
2395 3609 2802 3689 splendidiore
2819 3627 2984 3672 suam
3005 3626 3304 3670 coronans
3325 3607 3587 3690 appella-

1943 3697 2196 3774 tionem,
2221 3716 2350 3779 quae
2382 3699 2491 3779 piae
2525 3698 2798 3779 inprimis
2829 3698 3166 3762 Pulcheria:
3195 3698 3378 3760 fuerat
3409 3697 3584 3760 cubi-

1946 3787 2193 3865 cularia,
2227 3787 2452 3850 solebat
2483 3788 2556 3850 ad
2589 3806 2724 3850 eum
2773 3787 2997 3863 venire,
3025 3797 3082 3850 et
3111 3807 3246 3850 cum
3277 3787 3582 3863 omnibus,

1949 3878 2080 3958 ejus
2107 3876 2412 3940 fruebatur
2435 3876 2993 3958 precibus.Ea.cum
3018 3886 3176 3939 esset
3207 3877 3318 3959 ipsi
3350 3877 3586 3939 animus

1950 3965 2148 4029 divino
2206 3984 2406 4029 amore
2463 3967 2723 4042 saucius,
2781 3985 2927 4047 quas
2959 3965 3214 4028 habebat
3242 3977 3584 4030 sanctorum

1951 4056 2252 4139 reliquias,
2288 4057 2563 4135 deposuit
2590 4055 2744 4136 apud
2769 4056 3039 4119 Beatum.
3061 4055 3288 4119 Deinde
3323 4054 3590 4116 tentabat

1951 4146 2199 4226 supplex
2234 4145 2290 4206 ei
2323 4145 2706 4227 persuadere,
2760 4155 2823 4208 ut
2879 4145 3010 4206 vitae
3045 4144 3384 4206 monasticaa
3410 4143 3484 4205 ab
3515 4161 3586 4205 eo

1953 4236 2240 4297 initiatam
2265 4236 2552 4298 avelleret
2579 4254 2614 4297 a
2645 4234 3004 4297 turbulentis
3035 4235 3213 4314 hujus
3249 4233 3452 4295 mundi
3479 4251 3586 4294 ne-

1952 4325 2242 4405 gotiis.Eo
2263 4333 2458 4386 autem
2481 4324 2658 4386 variis
2684 4324 2876 4386 modis
2898 4324 3299 4397 diﬂ‘erente,et
3321 4322 3584 4396 dicente,

1954 4431 2174 4482 eam,se
2200 4426 2355 4474 recte
2381 4417 2738 4495 gerendo,,et
2762 4416 3141 4474 beneﬁcentia
3166 4415 3584 4478 uzendo.etiam

233 4517 370 4587 μένη
415 4524 507 4573 τοῦ
536 4500 730 4594 τυχεῖν
774 4513 985 4571 τούτου.
1026 4501 1121 4575 Ὠς
1166 4509 1219 4566 δὲ
1253 4507 1553 4588 προσέσχεν
1583 4508 1659 4582 τῷ
1688 4505 1859 4584 διορα-

1958 4501 2016 4564 in
2050 4501 2354 4564 mundana
2383 4501 2498 4563 vita
2529 4521 2704 4582 posse
2753 4503 2990 4583 placere
3025 4501 3301 4576 Domino,
3337 4500 3438 4562 illa
3466 4518 3586 4563 non

229 4609 368 4678 τικῷ
410 4603 612 4678 ὄμματι
670 4603 771 4669 τὴν
824 4602 1020 4668 ἀκλινῆ
1069 4598 1234 4666 αὐτῆς
1265 4597 1511 4655 ἔνστασιν
1553 4599 1641 4654 καὶ
1683 4597 1859 4654 ἀνεπί-

1958 4596 2217 4654 cessabat
2239 4596 2289 4652 ei
2315 4597 2613 4668 negotium
2641 4597 3009 4665 exlnbere,ut
3031 4597 3140 4654 hoc
3160 4603 3590 4678 assequeretur.

232 4695 442 4760 ληπτον
493 4691 803 4766 κατάνυξιν,
864 4689 1076 4764 εὖδοκίᾳ
1121 4697 1212 4746 τοῦ
1255 4688 1457 4752 πάντας
1487 4685 1730 4752 θέλοντος
1760 4709 1873 4743 σω-

230 4789 389 4851 θῆναι
436 4790 590 4856 Θεοῦ,
635 4781 913 4840 ἐπένευσεν
972 4782 999 4836 ὁ
1049 4779 1194 4842 ὅσιος
1247 4779 1336 4833 καὶ
1367 4776 1472 4833 ἀπὸ
1504 4776 1619 4842 ἑνὸς
1650 4777 1875 4849 σημείου

228 4877 289 4932 ἐν
348 4879 426 4947 τῷ
482 4869 719 4944 ὶπιπέδῳ
794 4870 1111 4948 προαστείου
1193 4866 1584 4947 τυγχάνοντος,
1642 4864 1877 4940 τοῦνομα

232 4968 469 5041 Γυρῆτα,
529 4972 952 5040 προσκαρτερεῖν
1010 4958 1062 5014 ἐν
1120 4963 1200 5032 τῷ
1255 4957 1388 5019 τέως
1463 4953 1753 5032 ἐπέτρεψεν
1808 4959 1876 5030 τῇ

232 5051 437 5129 μελέτῃ
508 5053 612 5108 τῶν
667 5050 822 5108 θείων
906 5053 1128 5127 Γραφῶν
1212 5043 1602 5125 σχολάζουσαν.
1666 5043 1873 5110 Ταύτης

234 5144 335 5218 μὲν
419 5142 509 5200 οὖν
587 5138 1010 5217 κατατρυφώσης
1091 5143 1169 5210 τῷ
1252 5135 1422 5214 Κυρίω
1489 5135 1580 5188 καί
1632 5131 1874 5208 ἀσμένως

235 5234 412 5291 πάντα
472 5231 632 5288 πόνον
709 5229 1022 5304 σωματικὸν
1080 5225 1342 5307 φερούσης
1394 5223 1498 5280 ὑπὸ
1545 5223 1646 5289 τῆς
1691 5242 1872 5304 χορη-

235 5320 505 5400 γουμένης
565 5319 710 5397 παρὰ
770 5325 865 5374 τοῦ
943 5325 1076 5375 Θεοῦ
1131 5322 1208 5390 τῷ
1266 5314 1432 5392 Πατρὶ
1485 5312 1731 5392 χάριτος,
1787 5314 1874 5370 καὶ

235 5412 400 5473 ἄλλου
443 5409 875 5482 ῐιεντεπιτρόπου
919 5408 1060 5472 τινὸς
1115 5407 1363 5483 σύζυγος,
1426 5403 1631 5478 Κοσμία
1686 5402 1876 5460 τοῦνο-

236 5524 337 5578 μα,
368 5499 787 5578 καταλειφθεϊσα
819 5495 964 5566 ἠξίου
991 5496 1146 5553 αὐτὸν
1205 5493 1324 5576 μετ’
1373 5491 1580 5560 ἐκείνης
1615 5491 1875 5578 τετάχθαι

315 5678 378 5730 55
406 5678 578 5741 Prov.
615 5693 769 5752 xxvr,
805 5676 864 5740 4.

1960 4682 2272 4753 Postquam
2317 4695 2451 4737 vero
2479 4681 2796 4752 perspicaci
2828 4681 2998 4737 oculo
3041 4677 3451 4737 animadvertit
3487 4679 3591 4736 ﬁr-

1959 4781 2110 4824 mam
2154 4773 2208 4824 et
2256 4765 2614 4823 immobilem
2655 4765 2779 4837 ejus
2804 4764 3420 4834 constantiam,etqu:.e
3440 4777 3592 4819 nun-

1957 4867 2130 4924 quam
2156 4851 2472 4917 deﬂciebat,
2505 4849 3334 4922 compunctionem,voluntate
3357 4848 3587 4919 llei,qui

1959 4936 2083 4993 vult
2105 4950 2309 4993 omnes
2329 4951 2455 4993 esse
2477 4935 2691 5000 salvos,
2725 4934 2932 4991 annuit
2950 4933 3277 4998 Sanctus,et
3297 4933 3355 4989 in
3384 4945 3591 5003 campo

1959 5020 2416 5102 suburbani,qui
2439 5019 2692 5082 distabat
2715 5020 2871 5082 circa
2895 5037 3076 5080 unum
3105 5018 3590 5094 milliarium,no-

1958 5115 2118 5176 mine
2140 5113 2368 5196 Cyreta,
2393 5113 2568 5194 jussit
2616 5115 2848 5176 interea
2883 5129 3263 5194 perseverare
3285 5118 3588 5174 vacantem

1961 5209 2332 5272 meditationi
2381 5207 2716 5271 divinarum
2749 5206 3217 5288 Scripturarum.
3250 5207 3446 5288 Atque
3480 5205 3591 5268 hac

1959 5303 2199 5387 quidem
2227 5323 2292 5368 se
2310 5310 2370 5366 in
2394 5301 3096 5384 Dominojucundissima
3121 5302 3397 5382 explente
3422 5301 3596 5364 volu-

1959 5409 2210 5482 ptate,et
2237 5418 2472 5462 onmem
2503 5400 2768 5462 laborem
2802 5397 3070 5480 corporis
3095 5396 3346 5459 libenkr
3363 5395 3597 5458 ferente

1963 5489 2038 5553 ob
2068 5489 2316 5572 gratiam
2351 5509 2481 5578 qua:
2509 5509 2544 5554 a
2587 5489 2710 5554 Deo
2759 5491 2936 5554 Patre
2965 5486 3020 5550 ei
3052 5483 3542 5569 suppeditabatur
3576 5506 3589 5544 :
