3932 6140
362 261 507 327 1431

1612 263 1899 353 mensis
1932 262 2446 351 FEBRUARIUB.

3573 260 3721 341 1432

356 401 574 485 conjux
590 417 827 482 quoque
837 396 1082 463 alterius
1094 395 1406 478 cujusdam
1424 395 1909 480 Pantepitropi(l1

2165 421 2172 464 :
2215 401 2412 479 φθορᾶς
2470 395 2807 461 ἀποστᾶσαν.
2869 384 2964 464 Ὠς
3015 393 3071 459 δὲ
3102 393 3188 457 διὰ
3223 393 3494 457 πλείστων
3520 420 3718 477 παρεια-

359 494 605 554 nomine
632 488 889 565 Cosmia,
923 487 1221 550 accedens
1250 486 1491 567 rogabat
1535 506 1695 560 eum,
1731 506 1865 549 cum
1896 485 2000 548 illa

352 582 662 645 locaretur
680 578 975 641 recedens
991 595 1025 638 a
1048 577 1613 658 corruptione.Cum
1636 585 1837 638 autem
1859 575 1999 657 plu-

358 677 526 733 rimis
539 671 1037 730 admonitionibus
1062 684 1179 728 non
1196 669 1481 741 potuisset
1497 670 1546 727 ei
1571 669 1922 741 persuadere
1939 676 2000 726 ut

359 761 571 822 marito
591 776 697 820 con
699 755 1141 837 jungeretur,ej
1152 774 1217 815 us
1237 772 1474 836 quoque
1498 755 1847 816 necessariis
1866 772 1996 815 eam

360 869 492 912 cum
526 847 703 909 minis
760 846 833 908 ad
883 845 942 906 id
997 844 1410 919 incitantibus,
1445 861 1644 925 neque
1674 845 1999 925 quidquam

359 935 1083 1021 proﬁcientibus,propter
1100 934 1565 1014 insuperabilem
1587 936 1715 1014 ejus
1730 933 1790 994 in
1809 936 1996 995 Deum

357 1046 622 1090 amorem
663 1047 677 1089 :
729 1026 788 1087 id
819 1024 1305 1087 animadvertens
1335 1023 1608 1098 Sanctus,
1636 1024 1815 1104 jussit
1842 1024 1999 1086 hanc

361 1134 599 1199 quoque
624 1114 849 1178 versari
875 1133 1009 1175 cum
1039 1112 1423 1193 priore.Quin
1442 1115 1615 1175 etiam
1640 1132 1787 1174 uxor
1803 1116 1999 1194 cujus-

362 1208 496 1269 dam
518 1204 827 1266 nutritoris
852 1202 1855 1279 ferarum,omnibusrelictis,suam
1879 1202 2000 1266 exi-

363 1312 512 1376 gens
536 1295 809 1369 salutem,
837 1296 1080 1372 rogabat
1102 1302 1369 1354 sanctum
1394 1310 1469 1354 ne
1494 1311 1624 1354 eam
1648 1293 1994 1373 expelleret.

363 1384 548 1458 Quam
572 1402 706 1445 cum
735 1383 876 1445 satis
900 1382 1347 1456 instituisset,ut
1368 1382 1541 1444 fieret
1567 1382 1850 1462 templum
1865 1381 1995 1465 Dei,

362 1473 664 1557 quomodo
689 1473 951 1534 ostendit
976 1472 1105 1552 ejus
1121 1470 1257 1547 vita,
1285 1490 1416 1552 quae
1440 1480 1642 1551 postea
1658 1481 1748 1533 est
1779 1490 2001 1534 conse-

358 1561 697 1643 cuta,jubet
729 1580 857 1624 eam
886 1560 1279 1624 admitti.Non
1303 1561 1491 1621 multo
1515 1569 1647 1641 post
1666 1570 1864 1623 autem
1898 1562 2002 1624 dat

2082 487 2276 544 v'éaeuw
2332 510 2400 545 πε
2413 501 2521 545 ῐσαι
2579 490 2745 557 αὗτὴν
2797 493 2892 548 οὒκ
2951 488 3183 570 ἴσχυσεν
3240 491 3336 548 ιιπὶ
3372 495 3444 567 τῇ
3472 491 3719 571 συναφείᾳ

2079 580 2176 633 τοῦ
2231 575 2442 657 ἀνδρὸς,
2502 580 2658 634 τοῦτο
2712 582 2800 634 καὶ
2857 584 2964 636 τῶν
3023 579 3230 635 οἰκείων
3289 577 3719 637 ἐπαπειλούντων

2082 668 2217 741 αὐτῇ
2270 670 2369 741 καὶ
2391 666 2558 742 μηδὲν
2610 668 2903 747 ἀνοόνιςων⁸
2958 666 3253 730 ἀνενδότως
3296 670 3377 745 τῷ
3411 671 3551 748 πρὸς
3596 671 3720 726 Θεὸν

2080 759 2251 837 πόθῳ,
2285 758 2449 834 ταύτῃ
2480 760 2738 839 προσχὼν
2764 759 2793 814 ὁ
2821 757 3115 838 μακάριος]
3152 772 3392 816 συνεῖναι
3440 759 3587 834 μετά
3630 760 3722 826 τῆς

2080 847 2341 925 προτέρας
2374 849 2462 905 καὶ
2520 848 2718 915 ταύτην
2776 846 3094 926 ἐπέτρεψεν,
3153 846 3327 904 Ἀλλὰ
3366 849 3459 905 καὶ
3517 856 3722 925 Θηριοο

2079 937 2273 1015 τρόφου
2313 944 2456 1001 τινὸς
2486 938 2621 1015 γδνὴ
2650 937 2862 995 ἅπαντα
2918 935 3289 995 καταλιποῦσα
3329 939 3422 995 καὶ
3464 939 3568 1005 τὴν
3598 939 3722 994 ἑαυ-

2078 1029 2178 1093 τῆς
2234 1027 2503 1104 σωτηρίαν
2544 1026 2821 1092 ἐξαιτοῦσα
2875 1024 3018 1095 ἠξίου
3062 1029 3155 1084 τὸν
3185 1025 3334 1084 ὅσιον
3361 1028 3444 1103 μὴ
3473 1026 3721 1086 iamsi}-

2079 1113 2259 1172 λεσθαι
2291 1117 2481 1184 αὑτήν.
2531 1116 2637 1173 "HV
2686 1117 2884 1180 ἱκανῶς
2942 1117 3273 1196 κατηχήσας
3325 1121 3545 1194 πρῶτον
3606 1119 3724 1173 ναὸν

2078 1214 2173 1263 106
2224 1211 2354 1262 Θεοῦ
2396 1203 2662 1283 γενέσθαι,
2695 1202 2932 1284 καθέπερ
2975 1206 3065 1262 καὶ
3108 1207 3136 1261 ὁ
3178 1205 3315 1281 μετά
3386 1212 3557 1263 ταῦτα

2080 1291 2377 1368 ἀπέδειξεν,
2439 1291 2785 1373 εἰσδεχθῆναι
2812 1293 3044 1354 κελεύει.
3078 1294 3211 1352 Μετ’
3262 1296 3321 1352 οὒ
3378 1295 3517 1351 πολὺ
3567 1294 3725 1353 δίδω-

2080 1406 2165 1440 σιν
2207 1387 2396 1448 αὐταῖς
2450 1387 2647 1463 σχῆμα
2704 1382 2870 1448 ὄντως
2923 1384 3217 1452 ἀσκητικὸν
3246 1385 3511 1466 τριχίνοις
3544 1392 3721 1464 χιτῶ-

2083 1497 2165 1531 σιν
2220 1472 2382 1537 αὗτάς
2465 1472 2844 1557 μεταμφιάσας
2913 1474 2999 1530 καὶ
3074 1473 3396 1554 ὠμοφορίοις
3458 1475 3720 1552 μεγάλοις

2080 1563 2217 1619 τισὶν
2274 1563 2349 1626 ὡς
2410 1560 2767 1619 δυσωπεῖσθαι
2823 1584 2945 1618 τινα
3004 1563 3093 1619 καὶ
3150 1562 3314 1637 μόνον
3372 1567 3585 1641 ὁρῶντα
3626 1564 3725 1631 τὴν

361 1655 451 1717 eis
475 1654 741 1717 habitum
763 1652 833 1712 ad
862 1650 1351 1713 exercitationem
1380 1651 1557 1730 plane
1579 1653 1914 1712 accommoc

2170 1653 2351 1720 ταύτην
2394 1654 2692 1733 κατήφειαν
2738 1650 2913 1731 (οῧπω
2957 1654 3056 1731 γὰρ
3114 1652 3183 1720 ἧν
3241 1652 3297 1708 ἐν
3352 1667 3475 1717 τοῖς
3540 1654 3723 1733 ³αέρεσι

365 1752 589 1807 tumzut
606 1742 707 1824 qui
724 1741 943 1803 tunicis
967 1758 1035 1802 ex
1054 1740 1195 1820 pilis
1220 1728 1511 1802 contextis
1529 1757 1629 1801 eas
1651 1740 1913 1801 induerit

1723 1740 2001 1818 duerit,et
2023 1728 2063 1780 Β
2082 1743 2289 1805 τούτοις
2320 1747 2516 1821 σχῆμα
2548 1728 2789 1800 τοιοῦτον
2819 1728 3041 1800 πώποτε
3065 1741 3276 1822 φανέν).

364 1832 593 1912 magnis
625 1828 978 1914 quibusdam
1013 1829 1211 1911 palliis
1244 1849 1258 1889 :
1295 1828 1444 1891 adeo
1477 1837 1540 1890 ut
1586 1837 1965 1892 revereretur
1994 1830 2317 1914 quispiam,
2351 1830 2444 1894 vel
2470 1831 2663 1895 solum
2694 1829 2903 1895 videns
2942 1837 3163 1895 tantam
3198 1830 3521 1895 tristitiam.
3556 1830 3725 1895 Non—

363 1922 504 1985 dum
536 1922 697 1985 enim
733 1921 793 1983 in
824 1921 920 1983 his
952 1917 1216 2002 partibus
1249 1918 1381 1982 talis
1416 1937 1675 2002 unquam
1705 1918 1943 1983 habitus
1972 1928 2354 2005 apparuerat.

1861 2056 2107 2124 CAPUT
2149 2056 2224 2125 X.

360 2161 803 2228 Monasterium
858 2161 1428 2228 sanctimonialium
1455 2166 1879 2309 constitutums.
1926 2166 2286 2311 adhortatio
2311 2167 2390 2231 de
2441 2166 2664 2232 virtute
2692 2167 3025 2232 castitatis.
3065 2166 3277 2233 Obitus
3305 2175 3364 2233 et
3406 2169 3731 2251 sepultura

1887 2296 1899 2310 .
1989 2266 2150 2311 amen
2211 2267 2253 2311 ι.

1887 2296 1899 2310 .
1937 2266 2253 2313 autenm.

440 2366 923 2450 LXll.Deinceps
950 2386 1091 2447 ergo
1118 2365 1193 2429 ab
1219 2385 1289 2429 eo
1314 2373 1583 2447 tempore
1603 2365 1737 2429 aliae
1756 2367 2001 2449 quidem

363 2458 437 2520 ad
460 2477 591 2521 eam
612 2475 739 2520 rem
763 2456 1155 2521 accedebant:
1184 2455 1315 2518 aliae
1337 2455 1603 2537 quidem,
1638 2474 1771 2538 quae
1799 2455 1873 2519 ab
1901 2457 2001 2520 iu-

362 2553 568 2624 genuis
588 2551 1021 2609 adducebantur
1040 2548 1379 2622 parentibus
1399 2549 1470 2605 ad
1490 2550 1807 2607 custodiam
1833 2549 2003 2623 virgi-

363 2637 589 2699 nitatis:
621 2636 751 2699 aliae
780 2645 1003 2711 autem,
1034 2636 1267 2697 theatro
1300 2641 1360 2696 et
1388 2653 1569 2697 scena
1600 2635 2000 2711 relictis,dia-

366 2724 507 2789 bolo
540 2728 982 2803 renuntiantes,
1011 2733 1070 2787 et
1099 2724 1333 2787 Christo
1356 2742 1492 2786 cum
1525 2743 1736 2804 magno
1763 2726 1910 2791 ﬂetu
1943 2734 2003 2789 et

359 2816 657 2880 laboriosa
688 2816 1114 2879 lamentatione
1148 2834 1214 2877 se
1240 2815 1675 2896 conjungentes
1703 2832 1716 2877 :
1751 2815 1901 2878 adeo
1934 2825 2003 2882 ut

358 2903 526 2968 brevi
552 2919 823 2987 tempore
855 2912 1230 2985 congregatae
1261 2903 1380 2965 sint
1409 2904 1723 2985 plusquam
1752 2914 2000 2987 septua-

360 2999 601 3070 ginta.et
625 2998 693 3055 de
715 3009 918 3056 caetero
937 2997 1176 3070 jusserit
1197 2996 1397 3055 Beatus
1426 2996 1660 3055 domum
1685 3000 1998 3061 oratoriam

362 3084 453 3146 eis
470 3083 789 3146 aedificare.
824 3082 983 3146 Citra
1014 3083 1195 3145 ullam
1229 3100 1368 3143 vero
1392 3081 1903 3147 intermissionem
1936 3085 1999 3148 in

363 3173 461 3236 die
493 3174 851 3237 Parasceves
874 3181 933 3235 et
962 3173 1023 3235 in
1056 3172 1157 3235 die
1176 3170 1493 3234 Dominico
1525 3191 1628 3235 eas
1652 3192 1995 3250 accersens,

364 3269 423 3324 et
449 3263 525 3325 de
553 3262 890 3343 virginitate
914 3270 972 3324 et
1005 3260 1288 3342 pudicitia
1309 3260 1399 3323 eis
1427 3260 1605 3324 verba
1634 3262 1993 3338 faciens,ro-

362 3350 536 3428 gabat
564 3370 688 3428 eas,
723 3352 1055 3415 admonens
1079 3359 1137 3413 et
1160 3349 1248 3411 eis
1269 3351 1666 3431 persuadens,
1700 3351 1996 3414 utoblivi-

366 3450 680 3505 scereatur
699 3441 967 3504 omnium
984 3458 1114 3521 qua;
1127 3448 1267 3501 sunt
1282 3439 1344 3500 in
1365 3439 1483 3501 vita
1498 3439 1998 3523 jucunda,utpete

2088 2406 2091 2413 -
2166 2374 2304 2436 ΞΒ¹,
2337 2369 2436 2430 Ἐκ
2463 2369 2586 2429 τότε
2616 2371 2708 2429 οὖν
2737 2370 2826 2427 καὶ
2854 2368 3031 2447 ἕτεραι
3079 2371 3269 2431 λοιπὸν
3328 2372 3619 2453 προσίεσαν
3651 2377 3732 2445 τῷ

2083 2462 2383 2540 πράγματι,
2443 2464 2495 2520 αἱ
2552 2460 2649 2538 μὲν
2701 2461 2802 2518 ὑπὸ
2861 2463 3091 2540 εὐγενῶν
3144 2470 3344 2541 γονέων
3398 2462 3485 2519 ἐπὶ
3513 2459 3734 2539 φυλακῇ

2081 2549 2180 2618 τῆς
2241 2550 2522 2630 παρθενίας
2608 2550 3040 2631 προσαγόμεναι,
3121 2553 3174 2608 αἱ
3224 2549 3281 2607 δὲ
3338 2550 3400 2608 ἐκ
3456 2556 3559 2619 τῆς
3617 2555 3728 2607 τῶν

2082 2641 2314 2719 θεάτρων
2353 2645 2579 2716 πομπῆς
2632 2645 2709 2714 τῷ
2757 2638 2991 2715 διαϐόλῳ
3038 2641 3499 2717 ἀποτασσόμεναι,
3532 2643 3611 2704 ὡς
3671 2638 3731 2695 ἓν

2083 2726 2250 2807 ὀλίγῳ
2297 2736 2466 2804 καιρῷ
2518 2729 2651 2807 ὑπὲρ
2701 2730 2796 2793 τὰς
2854 2726 3225 2805 ἑϐδομήκοντα
3270 2730 3608 2810 συναχθῆναι
3635 2731 3731 2787 καὶ

2083 2817 2271 2875 λοιπὸν
2332 2824 2707 2897 προτραπῆναι
2747 2820 2838 2876 τὸν
2909 2819 3172 2896 μακάριον
3232 2819 3511 2899 εὒκτήριον
3569 2821 3727 2877 οἶκον

2083 2908 2276 2973 αὒταϊς
2332 2906 2719 2984 οἰκοδομῆσαι..
2753 2907 3195 2986 Ἀπαραλείπτως
3249 2909 3340 2966 οὖν
3371 2910 3513 2968 κατά
3541 2931 3726 2988 ⁴διαρα-

2084 2997 2280 3066 σκευὴν
2348 3000 2447 3053 καὶ
2529 2997 2790 3075 κυριακὴν
2845 2996 3343 3074 μεταστελλόμενος
3394 2998 3563 3063 αὖτάς
3633 3000 3727 3055 καὶ

2081 3087 2174 3144 τὸν
2231 3093 2330 3156 τῆς
2388 3088 2671 3165 παρθενίας
2730 3088 2817 3143 καὶ
2875 3090 3223 3167 σωιῃοσύνῆς
3266 3086 3429 3166 λόγον
3460 3089 3720 3166 εἰσηγού-

2082 3197 2242 3252 μενος
2302 3176 2593 3255 παρεκάλει
2649 3179 2909 3233 νουθετῶν
2965 3177 3055 3234 καὶ
3109 3178 3301 3235 πείθων
3360 3176 3535 3247 λήθην
3579 3198 3724 3234 παν-

2079 3267 2212 3333 τελῆ
2243 3267 2573 3335 ποιήσασθαι
2628 3266 2735 3322 τῶν
2777 3273 2870 3322 τοῦ
2918 3266 3035 3343 βίου
3086 3266 3351 3348 τερπνῶν,
3382 3266 3457 3330 ὡς
3490 3288 3725 3345 τερπνο-

2080 3354 2247 3433 τέρων
2308 3355 2397 3412 καὶ
2453 3353 2781 3433 ἀσυγκρίτων
2840 3352 3009 3411 ὄντων
3064 3356 3171 3411 τῶν
3226 3355 3282 3411 ὲν
3367 3354 3727 3433 ἐπαγγελίαις

2080 3445 2294 3523 ἀγαθῶν
2356 3444 2446 3501 καὶ
2504 3445 2582 3519 μὴ
2638 3445 3023 3522 κατασύρεσθαι
3080 3456 3205 3509 ταῖς
3235 3450 3333 3513 τῆς
3368 3447 3568 3524 σαρκὸς
3598 3444 3727 3514 ἡδο-

364 3531 522 3611 quod
548 3531 668 3594 sint
689 3529 1059 3610 jucundiora
1089 3537 1147 3591 et
1167 3528 1661 3610 incomparabilia
1683 3529 1917 3613 bona,q1

2169 3549 2224 3601 ῖς,
2259 3535 2317 3591 Εἴ
2371 3533 2471 3614 γάρ
2513 3534 2604 3592 καὶ
2634 3535 2785 3614 φύσιν
2811 3535 2949 3609 ἡμῖν
2981 3533 3068 3592 ἐπὶ
3096 3535 3186 3593 τδν
3217 3535 3392 3613 γάμον
3421 3538 3450 3592 ὁ
3484 3536 3722 3602 ποιητὴς

364 3629 501 3681 sunt
550 3620 612 3682 in
657 3619 1165 3701 promissionibus
1199 3639 1213 3682 :
1252 3628 1309 3681 et
1358 3638 1432 3681 ne
1466 3619 1917 3683 attraherentur

2166 3625 2407 3703 ›ρήσατο,
2457 3622 2596 3681 ἀλλά
2648 3623 3012 3702 προαιρέσεως
3060 3625 3208 3698 ἡμᾶς
3272 3624 3434 3681 πάλιν
3492 3624 3719 3701 ἀμεινο-

358 3712 557 3772 carnis
578 3711 1003 3792 voluptatibus.
1037 3707 1183 3771 Nam
1209 3709 1320 3770 etsi
1344 3709 1518 3772 nobis
1543 3710 1615 3772 ad
1648 3710 1911 3791 conjugit

2172 3737 2233 3780 ας
2290 3712 2515 3781 ἠξίωσεν
2567 3715 2603 3782 ἧ
2659 3720 2754 3771 τοῦ
2802 3713 2970 3772 καλοῦ
3001 3716 3062 3771 τὸ
3091 3712 3311 3772 κάλλιον
3341 3717 3719 3793 προτιμήσαν-

360 3806 632 3861 naturam
662 3800 828 3862 dedit
850 3798 1234 3874 Creator,nos
1255 3816 1461 3860 rursus
1480 3798 1753 3879 dignatus
1776 3809 1863 3862 est
1878 3820 1913 3862 n

2166 3828 2170 3866 :
2207 3823 2221 3838 '
2256 3803 2379 3860 ἀντὶ
2416 3813 2515 3879 μὲν
2545 3803 2719 3881 γάμου
2751 3811 2995 3884 φυσικοῦ²
3034 3802 3120 3883 ἐφ’
3149 3807 3194 3879 ᾧ
3224 3818 3404 3863 κεῖται
3434 3806 3523 3885 τὸ,
3565 3824 3590 3860 ι
3610 3808 3719 3864 A6-

360 3888 491 3951 liori
519 3890 810 3966 instituto,
835 3901 901 3951 ut
920 3889 1078 3952 bono
1098 3888 1157 3950 id
1186 3888 1345 3970 quod
1371 3896 1460 3950 est
1484 3888 1699 3950 melius
1721 3889 1913 3971 praefet

2162 3896 2312 3967 μεσθε,
2346 3893 2434 3948 καὶ
2467 3890 2813 3968 πλτιθύνεσθε,
2866 3893 2954 3950 καὶ
3007 3892 3332 3972 πληρώσατε
3365 3894 3462 3963 τὴν
3495 3900 3601 3973 γῆν
3636 3911 3654 3925 ’
3688 3917 3715 3950 ι

357 3977 633 4042 mus.Pro
654 3979 901 4041 naturali
924 3997 1181 4060 namque
1197 3977 1660 4047 matrimonio,in
1684 3998 1802 4059 quo
1818 3979 1910 4042 siti

2208 3980 2264 4038 δὲ
2327 3981 2616 4049 ἦντίκειται
2648 3984 2850 4063 χηρεία
2894 3982 2983 4039 καὶ
3032 3982 3282 4041 ἀπαιδεία
3324 3987 3412 4042 καὶ
3455 3986 3592 4062 πρὸς
3630 3985 3719 4042 τὸν

356 4067 772 4134 est«.Crescite
790 4076 848 4130 et
862 4067 1639 4150 multiplicaminietreplete
1653 4071 1909 4138 terram;

2164 4072 2239 4150 ἰρα
2294 4071 2609 4152 ἀποστροφὴ
2689 4072 2826 4147 μετὰ
2900 4073 2999 4138 τῆς
3079 4072 3400 4133 ἀνυποίστοο
3454 4071 3717 4147 δουλείας,

358 4160 682 4242 opponitur
696 4158 948 4221 viduitas
961 4158 1260 4221 etorbitas
1280 4158 1702 4220 liberorumzet
1727 4177 1833 4239 pro
1856 4179 1911 4221 cc

2167 4183 2252 4218 ιον
2301 4163 2557 4235 μυστικὸν
2605 4161 2694 4217 καὶ
2750 4158 3052 4240 παράδοξον
3081 4164 3170 4221 καὶ
3199 4162 3503 4243 ἀχήρευτον
3534 4163 3720 4221 ἐπιλε-

357 4250 634 4314 versione
657 4249 730 4313 ad
751 4248 945 4313 virum
966 4267 1099 4311 cum
1120 4248 1401 4311 servitute
1422 4247 1783 4310 intolerabili
1798 4268 1910 4332 my:

2165 4254 2280 4308 ιεθα
2336 4251 2543 4330 νυμφίῳ
2618 4250 2867 4324 ἀθανάτῳ
2934 4252 3236 4328 ὲνούμενοι,
3293 4253 3475 4332 ὡραίῳ
3531 4252 3718 4310 κάλλει

358 4359 457 4404 cas
483 4351 541 4403 et
561 4339 975 4418 admirabiles,
1013 4346 1071 4401 et
1104 4343 1163 4400 in
1190 4356 1336 4420 quas
1368 4357 1489 4400 non
1517 4338 1675 4400 cadit
1706 4339 1911 4403 viduitt

2165 4341 2218 4398 »ἀ
2248 4340 2369 4404 τοὺς
2398 4340 2541 4405 υἱοὺς
2576 4346 2679 4398 τῶν
2710 4340 3024 4419 ἀνθρώπων.
3090 4343 3187 4398 Διὸ
3240 4340 3299 4399 οὖ
3357 4343 3471 4423 χρὴ
3515 4345 3718 4423 ἀφοαᾷν

356 4430 597 4510 nuptias
641 4430 958 4507 eligamus,
994 4447 1212 4510 sponso
1240 4428 1390 4490 uniti
1420 4426 1766 4510 immortali,
1800 4428 1909 4492 fort

2165 4452 2203 4496 ›;
2257 4428 2419 4487 ἄλλον
2489 4436 2592 4487 τῶν
2648 4429 2735 4487 ἐπὶ
2794 4436 2897 4508 γῆς
2953 4431 3185 4511 ὡραίων,
3245 4433 3318 4497 ὡς
3382 4434 3718 4505 ὡραιότητος

357 4517 630 4599 specioso
646 4536 764 4598 pra:
779 4519 914 4579 ﬁliis
925 4515 1668 4591 hominum.Quamobrem
1684 4537 1807 4579 non
1820 4536 1910 4599 opt

2163 4519 2405 4599 πιοτέρας
2450 4529 2543 4579 τοῦ
2590 4521 2714 4576 Υἱοῦ
2758 4527 2851 4577 τοῦ
2894 4527 3026 4576 Θεοῦ
3069 4520 3147 4596 μὴ
3192 4520 3381 4586 οὔσης.
3428 4513 3492 4579 Ἠ
3536 4521 3595 4578 δὲ
3624 4521 3716 4580 καί

351 4617 440 4670 tet
460 4607 682 4670 intueri
701 4607 776 4669 ad
801 4607 1117 4688 alium,qui
1138 4606 1214 4667 sit
1240 4607 1303 4668 in
1328 4616 1488 4669 terra
1512 4613 1904 4688 speciosus,ct

2163 4609 2306 4675 οὗτος
2348 4612 2437 4667 καὶ
2466 4607 2589 4675 δόξα
2622 4607 2674 4675 ἐξ
2705 4607 2892 4683 ἀνδρὸς
2953 4610 3241 4687 γενήσεται
3291 4613 3614 4689 περιφανής,
3659 4612 3716 4670 Ti

355 4697 493 4762 Filii
520 4696 629 4761 Dei
650 4698 853 4777 specie
877 4715 996 4759 non
1018 4696 1231 4767 sitalia
1251 4696 1678 4776 speciosior.Si
1700 4705 1903 4759 autem

2165 4702 2468 4779 susto'rcspov
2527 4699 2621 4757 106
2677 4699 3027 4772 δεσπόζοντος
3089 4700 3310 4778 οὖρανοῦ
3350 4702 3439 4757 καὶ
3480 4707 3589 4780 γῆς
3633 4703 3718 4761 καὶ

356 4788 583 4851 divitiae
605 4796 661 4849 et
685 4786 923 4866 insigne
954 4794 1375 4849 ornamentum
1400 4805 1434 4847 a
1456 4787 1670 4885 marito
1694 4786 1909 4866 proced

2196 4791 2207 4808 ο
2561 4789 2575 4806 \
2723 4791 2736 4808 \
2867 4791 2879 4811 ρ
3093 4787 3137 4808 ’ΚΧ
3244 4791 3257 4809 I
3338 4790 3349 4801 ⁹
3576 4789 3599 4810 ἢ
3617 4792 3656 4814 17

2164 4813 2408 4871 οεχοντος
2451 4812 2622 4857 πνοην
2650 4812 2741 4846 και
2770 4798 2914 4860 ζωην
2949 4808 2967 4860 ς
3001 4790 3058 4851 Εἰ
3088 4804 3144 4845 οε
3174 4811 3261 4845 και
3292 4813 3476 4868 γενους
3509 4792 3717 4857 ἐνοοςου

356 4879 498 4960 quid
522 4897 593 4941 eo
625 4877 831 4955 ditius,
863 4878 965 4956 qui
996 4885 1087 4940 est
1115 4876 1251 4940 caeli
1286 4883 1345 4939 et
1380 4884 1556 4939 terrai
1582 4874 1897 4952 Dominus,

2165 4881 2398 4959 νυμφίος,
2442 4881 2493 4937 τί
2535 4878 2800 4955 βασιλέως
2838 4877 3083 4957 ἀγγέλων
3130 4876 3457 4959 ἐνδοξότερον
3493 4902 3511 4956 ς
3564 4884 3623 4939 Εἰ
3666 4880 3718 4938 δὲ

357 4968 581 5049 priebet
605 4967 886 5046 Spiritum
912 4976 971 5029 et
989 4966 1259 5029 vitam?Si
1280 4984 1418 5029 vero
1440 4984 1695 5048 sponsus
1717 4973 1810 5028 est
1826 4967 1910 5030 cla

2165 4971 2233 5034 νὸς
2290 4969 2379 5025 καὶ
2421 4965 2767 5047 περίϐλεπτος
2814 4968 2843 5023 ὃ
2886 4969 3152 5042 σύνοικος,
3198 4970 3248 5025 τί
3290 4969 3599 5049 σοφώτερον
3630 4978 3718 5028 106

351 5076 573 5137 genere
603 5057 952 5139 natus,quid
978 5065 1069 5120 est
1098 5056 1259 5137 Rege
1299 5055 1901 5137 angeloromclarius

2165 5081 2286 5115 ρτων
2331 5059 2539 5137 ὁρατῶν
2581 5059 2671 5115 καὶ
2723 5057 2963 5136 ἀοράτων
3024 5061 3390 5137 Δημιωργοῦ,
3465 5059 3528 5116 οὗ
3591 5084 3718 5120 συν-

352 5148 704 5228 gloriosius?
728 5147 791 5211 Si
814 5154 1015 5209 autem
1047 5155 1135 5209 est
1165 5147 1408 5228 sapiens
1431 5153 1491 5208 et
1519 5145 1905 5226 circumspect

2161 5170 2228 5205 :tz
2270 5161 2393 5214 ταῖς
2454 5150 2627 5208 αὒτῶν
2669 5147 3107 5225 μνηστευθείσαις
3139 5148 3288 5227 χαρὰ
3319 5147 3714 5223 ἀνεγλᾶλητος,

352 5237 593 5319 conjux,
627 5236 768 5321 quid
800 5243 891 5301 est
922 5235 1255 5317 sapientius
1286 5234 1514 5318 Opiﬁce
1545 5234 1840 5314 omnium,
1871 5241 1905 5299 te

2161 5237 2546 5304 ποτακτούσαις
2606 5235 2661 5295 δὲ
2742 5235 2962 5301 κόλασις
3019 5234 3436 5318 ἀπαραίτητοςς
3514 5240 3714 5307 ταύτης

429 5398 494 5449 54
523 5401 673 5464 Gen.
708 5417 750 5476 ι,
789 5396 890 5461 l8.

435 5521 563 5596 (11)
594 5524 771 5586 Forte
801 5522 1215 5603 procuratoris
1256 5523 1579 5604 generalis,
1614 5524 1915 5605 ἐπίτροπος,
1951 5543 1985 5607 p

435 5599 770 5661 randarum.

2160 5531 2328 5602 'ator,
2359 5525 2802 5606 πεντεπιτροπος,
2838 5522 3113 5606 quinque
3161 5521 3303 5586 viris
3333 5541 3537 5588 rerum
3574 5542 3713 5609 pro-

352 5613 770 5666 curandarum.
