3932 6140
153 343 316 420 1433

1468 346 1658 422 VITA
1698 346 1763 418 S.
1811 348 2224 418 AUXENTII.

3384 339 3537 420 1434

149 491 252 557 τῆς
277 480 590 559 μνηστείας
633 479 802 556 ἡδονὴ
851 479 1032 566 πείρας
1079 490 1339 566 σαρκικῆς
1377 486 1633 570 οὐδεμία,
1681 486 1774 566 ἆρι

1927 503 2026 550 uae
2047 483 2162 550 sub
2190 484 2502 568 aspectum
2525 478 2745 549 cadunt
2768 497 2944 566 quam
2963 499 3103 566 quas
3119 499 3240 548 non
3265 481 3536 549 cadunt?

149 584 248 646 τῆς
278 576 338 635 δὲ
368 577 562 644 πάσης
599 577 687 634 καὶ
714 574 1066 656 ἀγαθοεργίας
1109 578 1197 634 καὶ
1240 579 1487 655 ὁμονοίας
1532 579 1626 636 σὺν
1653 583 1722 656 τῇ
1751 577 1811 636 ἐκ

146 667 415 735 νηστείας
450 668 542 723 καὶ
573 665 864 743 ἀγρυπνίας
898 664 1100 742 ἀνδρίᾳ.

1895 576 2078 657 Cujus
2107 577 2452 657 conjunctio
2481 575 2605 638 suis
2628 575 2865 656 Sponsis
2898 574 3294 655 estgaudium
3321 575 3534 637 ineffa-

1897 665 2047 730 bile:
2074 667 2149 730 iis
2180 676 2372 729 autem
2401 685 2532 747 quae
2561 666 2842 728 ordinem
2866 665 3277 744 deserunt,est
3299 664 3534 744 suppli-

147 758 314 819 cium
355 753 739 818 inevitabile.
764 753 960 834 Hujus
985 755 1468 835 desponsationis
1498 757 1662 820 nulla
1693 763 1786 821 est
1810 757 2072 818 carnalis
2103 757 2490 838 experientiae
2517 755 2808 836 voluptas,
2844 754 2913 816 sd
2945 755 3244 816 universae
3276 752 3529 830 virtutis,

147 843 706 926 beneficentiaaque
735 850 796 906 et
825 845 1192 920 concordiae,
1225 864 1361 908 cum
1393 865 1465 909 ea
1493 866 1628 928 quae
1656 844 1990 928 percipitur
2023 856 2082 908 et
2103 845 2368 926 jejunio,
2402 844 2739 925 vigiliisque
2769 853 2830 906 et
2857 844 3040 906 animi
3073 842 3448 906 fortitudine.

231 934 384 998 ΞΓ¹,
437 936 673 1012 Νήψεως
708 934 800 991 οὖν
839 936 996 1015 χρεία
1043 934 1310 1011 πλείονος,
1357 936 1440 995 ὅτι
1471 953 1594 1003 ταῖς
1625 939 1722 1015 μὲν
1753 937 1807 994 ὲν

148 1032 226 1100 τῷ
423 1025 531 1082 ὑπὸ
572 1023 668 1082 τοῦ
696 1024 895 1087 πάθους
954 1023 1315 1104 ὀχλουμέναις
1362 1027 1519 1106 ἔγγὺς
1561 1030 1623 1086 τὸ
1665 1028 1807 1105 βοή-υ

152 1118 305 1191 θημα
351 1113 444 1172 διὰ
493 1120 591 1182 τῆς
635 1113 860 1190 ἐννόμου
901 1115 1358 1194 συγκαταθέσεως,
1404 1131 1527 1182 ταῖς
1571 1117 1624 1174 δὲ
1667 1141 1806 1194 παρ·-

152 1204 324 1269 ϐἐνοις
372 1205 470 1260 καὶ
500 1203 766 1283 σώφροσιν
825 1202 1047 1273 ἡδοναῖς
1092 1204 1570 1284 προσκλινομὲναις
1627 1207 1806 1287 χαλε-

151 1295 256 1352 πὸν
315 1295 382 1351 τὸ
432 1293 688 1372 ναυάγιον
730 1294 818 1350 καὶ
869 1296 1063 1374 βαρεῖα
1109 1299 1146 1367 ἡ
1175 1295 1464 1364 ἔκπτωσις,
1500 1296 1678 1375 Μέγας
1707 1299 1809 1376 γὰρ

151 1385 257 1450 τῆς
302 1384 662 1464 σωφροσύνης
715 1385 744 1440 6
801 1383 965 1464 ἆγὼν,
1018 1384 1134 1442 ἐπεὶ
1176 1384 1350 1464 μέγας
1397 1386 1595 1454 ταύτης
1639 1388 1732 1444 καί
1780 1389 1808 1444 6

153 1475 451 1555 στέφανος.
517 1471 667 1531 Ἀλλ’
717 1473 826 1545 ὃσῳ
869 1473 1062 1547 μείζωδ
1121 1475 1209 1532 καὶ
1267 1477 1295 1531 6
1339 1475 1524 1552 πόνος,
1571 1477 1808 1550 τοσούτῳ

153 1563 355 1640 μείζων
411 1565 503 1619 καὶ
563 1561 748 1637 πολλῷ
803 1561 1011 1638 μᾶλλον
1069 1565 1097 1620 6
1153 1564 1362 1637 μισθός.
1427 1563 1552 1623 Ἐὰν
1596 1565 1686 1622 οὖν
1730 1565 1807 1637 μὴ

153 1651 404 1728 προδῶτε
450 1651 674 1730 ῥᾳθυμίᾳ
717 1653 804 1708 καὶ
850 1654 1286 1728 ματαιοποιήσει,
1339 1653 1393 1712 ὲν
1438 1668 1555 1718 τοϊς
1589 1654 1808 1730 μέλεσιν

152 1741 301 1814 ὑμῶν
344 1739 520 1809 ἡδονὴ
563 1737 913 1818 θυραυλοῦσα.
977 1738 1274 1801 Ἀκούσατε
1320 1743 1418 1820 γὰρ
1454 1741 1578 1815 παρ’
1630 1744 1804 1821 ὑμῶν,

153 1827 235 1887 ὅτι
265 1831 330 1887 τὸ
364 1830 470 1906 μὲν
499 1828 598 1897 ἡδὺ
628 1831 726 1896 τῆς
784 1829 1047 1908 ἁμαρτίας
1086 1831 1446 1911 βραχύτάτον,
1497 1833 1556 1888 τὸ
1606 1829 1662 1888 δὲ
1690 1829 1804 1888 δει-

1929 935 2104 999 LXIII
2118 935 2343 1016 .Majori
2369 953 2508 998 vero
2534 933 2815 997 cautione
2833 943 2892 996 et
2913 932 3223 1012 diligentia
3242 941 3332 994 est
3351 950 3528 1012 opus,

1890 1025 2052 1106 quod
2075 1025 2149 1087 iis
2178 1025 2557 1106 quidem,qui
2582 1031 2640 1086 in
2668 1022 2890 1086 mundo
2915 1031 3199 1084 vexantur
3225 1041 3258 1084 a
3279 1020 3530 1086 libidine

1891 1114 1954 1176 in
1980 1123 2260 1195 promptu
2293 1122 2386 1176 est
2415 1113 2750 1176 remedium
2780 1131 2886 1194 per
2909 1112 3242 1192 legitimum
3275 1128 3532 1174 consen-

1891 1223 2049 1281 sum;
2066 1204 2400 1283 virginibus
2421 1213 2621 1266 autem
2646 1211 2704 1266 et
2725 1202 3252 1277 continentibus,si
3277 1219 3532 1283 propen-

1901 1311 1984 1354 sae
2008 1293 2128 1354 sint
2147 1293 2220 1354 ad
2240 1292 2785 1374 voluptates,grave
2810 1291 3288 1370 estnaufragium
3311 1300 3368 1352 et
3387 1309 3530 1368 gra-

1891 1387 1978 1442 vis
1999 1400 2201 1460 casus;
2227 1391 2317 1444 est
2339 1382 2499 1444 enim
2531 1400 2812 1461 magnum
2845 1392 3153 1444 certamen
3179 1389 3490 1462 temperan
3511 1414 3525 1427 -

1893 1472 2014 1548 tiae,
2049 1473 2331 1552 quoniam
2377 1490 2587 1550 magna
2608 1491 2845 1553 quoque
2865 1482 2954 1534 est
2973 1472 3106 1552 ejus
3129 1490 3375 1534 corona.
3410 1469 3528 1532 Sed

1891 1580 2008 1642 quo
2031 1571 2123 1624 est
2143 1562 2335 1642 major
2357 1561 2631 1636 labor,eo
2657 1569 2748 1624 est
2774 1564 2951 1624 etiam
2979 1562 3170 1640 major
3193 1577 3446 1622 merces.
3467 1560 3532 1622 Si

1890 1670 2019 1714 eam
2047 1670 2188 1732 ergo
2237 1671 2358 1714 non
2398 1651 2766 1714 tradideritis
2807 1651 3036 1732 torpori
3061 1658 3120 1712 et
3140 1650 3430 1729 segnitiae,
3467 1648 3528 1714 in

1890 1743 2104 1804 vestris
2128 1741 2417 1804 membris
2460 1741 2682 1803 frustra
2719 1739 3332 1820 lahorabitvoluptas,
3367 1739 3528 1801 fores

1891 1830 2432 1895 ohsidens.Audiet
2457 1831 2616 1892 enim
2639 1850 2674 1892 a
2695 1829 2885 1898 vobis.
2919 1829 3076 1910 quod
3111 1829 3166 1890 id
3191 1826 3349 1909 quod
3377 1846 3525 1908 pec-

153 1919 242 1975 νὸν
283 1905 389 1988 τῆς
444 1920 704 1998 τιμωρίας
745 1905 982 1994 αἰώνιον,
1273 1919 1362 2000 ἐφ’
1597 1940 1612 1955 ·
1645 1921 1772 2000 οὖρά

1927 1921 2264 2002 aliquidem
2280 1928 2369 1981 est
2375 1919 2833 2001 jucundum,est
2853 1905 3528 1992 brevissimuinmterna

153 2029 265 2065 νιον
322 2009 430 2087 γὰρ
496 2007 720 2088 νυμφίον
774 2008 1148 2085 ἡρμοσάμεθα,
1210 2011 1459 2089 Χριστὸν,
1517 2010 1802 2089 παρθένους

151 2097 317 2175 ἁγνὰς
357 2097 653 2176 παρθένους
707 2097 920 2160 ἑαυτάς,
955 2098 1207 2167 Στήσατε
1241 2098 1331 2156 οὗν
1363 2112 1478 2164 τοῖς
1510 2099 1802 2178 λογισμοῖς

151 2187 298 2260 ὑμῶν
358 2185 841 2267 θησαυροφύλακας
919 2186 972 2244 ἒν
1050 2200 1173 2250 ταῖς
1258 2190 1531 2260 αἰσθήσεσι
1588 2189 1654 2246 τά
1709 2199 1803 2250 τοῦ

153 2277 382 2354 Χριστοῦ
447 2276 756 2353 ἐντάλματα
829 2277 1060 2333 πάντοτε
1133 2277 1466 2357 εἰσφέρουσαι
1525 2281 1658 2358 πρὸς
1710 2281 1802 2336 τὸν

152 2367 250 2432 τῆς
306 2366 601 2443 παρθενίας
667 2367 753 2423 καὶ
822 2367 1168 2444 σωφροσύνης
1213 2367 1500 2444 ἁγιασμον,
1547 2370 1626 2442 μή
1671 2390 1799 2426 ποτε

155 2456 202 2510 οἱ
244 2457 452 2512 τούτωθ
497 2453 693 2532 λῃσταὶ
736 2453 820 2511 διὰ
879 2461 986 2511 τῶν
1031 2465 1121 2514 τοῦ
1176 2455 1486 2532 βλέμματος
1539 2457 1798 2515 ἆνέλθωσι

150 2543 389 2621 θυρίδων,
457 2546 546 2602 καὶ
601 2543 668 2600 δι’
729 2544 899 2612 ἆκοῆς
975 2544 1278 2602 εἰσέλθωσιν
1336 2547 1574 2626 εὖχερῶς
1618 2570 1796 2627 παρα-

148 2633 426 2697 πείσαντες
456 2635 550 2692 τὸν
587 2639 708 2691 νοῦν
738 2635 812 2698 ὡς
843 2632 1088 2712 πυλωρὸν
1140 2641 1230 2691 καί
1284 2637 1350 2692 τὰ
1386 2637 1484 2705 τῆς
1513 2640 1794 2714 παρθενίας

146 2720 538 2804 διανοίξσντες,
593 2721 760 2801 λάθρα
811 2722 1197 2794 ἀποσυλήσωσι
1250 2725 1346 2794 τὴν
1388 2727 1532 2802 ὑμῶν
1577 2745 1792 2807 σωφρο-

145 2813 332 2889 σύνην,
399 2814 496 2871 καὶ
553 2813 824 2882 ποιήσωσι
875 2814 1100 2892 χηρείας
1148 2815 1327 2882 πάσης
1375 2817 1473 2884 τὴν
1517 2818 1792 2895 παρθενίαν

145 2899 498 2979 ἆθλιωτέραν.
552 2901 802 2960 Χαλεπὸν
863 2904 961 2980 γὰρ
1003 2905 1090 2960 καὶ
1147 2911 1298 2962 τοῦτο
1353 2905 1414 2961 τὰ
1471 2907 1787 2985 ἁμάρτημα,

145 2992 231 3047 καὶ
272 2993 404 3071 βαρὺ
437 3005 558 3057 τοῖς
601 2993 952 3072 πράττουσιν,
987 2991 1068 3049 ὅτι
1099 2995 1192 3050 οὒκ
1223 2992 1344 3051 ἴσον
1375 2994 1486 3052 ἐστὶ
1517 2995 1788 3074 ἔγκλημα,

145 3087 352 3159 χιτῶνα
413 3079 693 3160 διαρῤἧξαι
775 3081 860 3140 καὶ
918 3081 1230 3160 πορφυρίδα,
1293 3083 1555 3158 βασιλέως
1614 3087 1792 3144 εἰκόνα

148 3167 416 3248 διαῤῥῆξαι
482 3169 575 3226 καί
607 3168 842 3228 ἰδιώτου.
879 3171 1094 3234 Εἱκόνες
1125 3173 1225 3250 γὰρ
1257 3181 1389 3229 Θεοῦ
1432 3177 1484 3230 αἱ
1541 3176 1789 3253 παρθένοι

1885 2017 2088 2072 autem
2124 2018 2214 2072 est
2237 2016 2493 2089 gravitas
2518 2007 3066 2091 supplicii.Recede
3095 2027 3127 2070 a
3161 2007 3372 2069 nobis:
3400 2026 3523 2069 coe-

1887 2099 2019 2161 lesti
2053 2099 2212 2162 enim
2240 2117 2464 2180 sponso
2490 2099 2807 2180 desponsae
2829 2116 3036 2160 sumus
3066 2097 3393 2173 Christo,ut
3415 2115 3526 2160 nos

1884 2188 2147 2268 virgines
2169 2198 2366 2251 castas
2409 2187 2860 2251 exhiberemus.
2882 2186 3138 2252 Statuite
3167 2205 3308 2266 ergo
3337 2187 3524 2248 ratio-

1885 2296 1994 2340 nes
2021 2286 2273 2350 vestras,
2299 2277 2582 2340 custodes
2613 2279 2794 2358 hujus
2828 2277 3119 2351 thesauri,
3152 2276 3214 2337 in
3247 2274 3523 2337 sensibus

1885 2368 2162 2430 mandata
2188 2365 2409 2430 Christi
2437 2385 2678 2446 semper
2699 2369 2964 2431 ferentes
2992 2386 3005 2427 :
3036 2366 3291 2444 primum
3323 2371 3521 2428 autem

1883 2457 2235 2536 virginitatis
2283 2466 2343 2518 et
2383 2457 2798 2537 temperantiae
2847 2455 3410 2534 sanctificationem,
3445 2471 3522 2518 ne

1881 2549 2031 2610 forte
2056 2548 2184 2625 ejus
2207 2548 2467 2608 latrones
2489 2547 2820 2608 ascendant
2843 2563 2948 2626 per
2982 2545 3299 2617 fenestras,
3337 2552 3396 2606 et
3421 2543 3517 2604 in-

1876 2637 2228 2716 grediantur
2259 2654 2366 2717 per
2393 2635 2688 2712 auditum,
2724 2655 2799 2698 ne
2843 2653 3130 2715 persuasa
3153 2641 3358 2696 mente
3379 2639 3515 2693 tan-

1877 2744 2050 2804 quam
2071 2724 2430 2805 jauitore,et
2449 2735 2659 2806 aperta
2679 2723 3388 2804 virginitate,clanculum
3423 2740 3517 2783 vo-

1875 2813 1968 2878 bis
1990 2825 2242 2878 vestram
2265 2815 2528 2895 eripiant
2552 2814 2842 2888 laititiam,
2879 2825 2940 2877 et
2961 2815 3182 2876 faciant
3202 2811 3515 2892 virginita-

1875 2911 1992 2966 tem
2015 2902 2220 2984 quavis
2240 2902 2531 2966 viduitate
2555 2901 3065 2965 miseriorem.Est
3087 2920 3225 2964 vero
3249 2902 3362 2964 hoc
3385 2919 3514 2963 ma-

1872 3012 2052 3072 gnum
2085 3001 2143 3054 et
2174 3010 2356 3072 grave
2383 3001 2696 3074 peccatum
2730 2991 2805 3053 iis
2844 2991 2943 3073 qui
2984 2992 3232 3054 faciunt.
3262 2989 3394 3052 Non
3426 3000 3517 3052 est

1874 3083 2029 3146 enim
2048 3101 2151 3163 par
2164 3091 2501 3162 peccatum,
2540 3082 2778 3144 unicam
2795 3081 3070 3160 frangere
3089 3091 3147 3143 et
3166 3099 3518 3162 purpuram:

1871 3172 2252 3251 imperatoris
2273 3172 2597 3251 imaginem
2618 3189 2902 3251 rumpere
2921 3169 3338 3250 etprivatiDei
3353 3169 3514 3232 enim

147 3260 298 3331 εἰσὶν,
344 3261 509 3320 αὐτὸν
551 3259 606 3315 ἐν
649 3273 773 3326 ταῖς
831 3258 1056 3324 ἐννοίαις
1105 3259 1328 3340 ἔχουσαι
1387 3259 3511 3345 γεγράμμένον,Οὶωδείηοεευοινὶτεὶηθεήρευῐηὴοὺθηιεεάοδοτίνιυω

149 3346 200 3405 ἑν
257 3349 350 3414 αἶς
409 3351 474 3407 τὸ
533 3348 879 3425 κατατολμᾷν
938 3354 1255 3426 τυραννικῆς
1300 3350 1672 3427 παραπληξίας
1700 3352 1789 3432 ἐγ-

148 3439 386 3516 χείρημα
425 3457 441 3473 ⁸
513 3439 600 3496 καὶ
661 3437 747 3495 διὰ
808 3445 964 3495 τοῦτο
1018 3443 1118 3505 τῆς
1175 3441 1570 3518 πορνευομένης
1611 3442 1648 3510 ὴ
1687 3445 1786 3510 τῆς

147 3527 610 3605 παρθενευομένης
697 3528 862 3608 φθορὰ
941 3527 1270 3605 μιαρωτέρα,
1349 3531 1456 3587 Οὔκ
1515 3530 1613 3600 ἴση
1686 3535 1787 3611 γὰρ

147 3614 394 3695 ἀσέλγεια
455 3622 557 3685 τῆς
609 3617 958 3697 προεστώσης
1005 3619 1092 3674 καὶ
1134 3623 1234 3684 τῆς
1278 3625 1355 3692 τῷ
1400 3627 1611 3698 Χριστῷ
1657 3644 1786 3679 συν-

146 3707 392 3783 αφθείσης
429 3724 444 3738 ⁹
509 3707 630 3764 οὔτε
691 3707 788 3784 γαρ
847 3705 946 3772 ἴση
991 3705 1171 3776 κλοπὴ
1230 3709 1448 3772 σκεύους
1505 3711 1787 3791 ἆργυραίου

145 3795 232 3851 καὶ
286 3799 585 3873 ἱερατικοῦ.
649 3802 849 3858 Σκεῦος
913 3793 969 3851 δὲ
1016 3798 1281 3874 ἱερατικὸν
1323 3800 1358 3868 ἡ
1402 3799 1656 3877 παρθένος
1700 3802 1790 3859 καὶ

139 3888 404 3963 πορφυρὶς
435 3885 503 3954 ἣν
535 3885 631 3942 οὒκ
663 3885 858 3951 ἔξεστιν
882 3883 1030 3961 ἄλλῳ
1059 3884 1199 3955 πλὴν
1229 3888 1334 3944 τῶν
1368 3886 1506 3945 ὅλων
1540 3895 1787 3968 Δεσπότη

141 3972 224 4030 καὶ
253 3975 478 4052 βασιλεῖ
505 3973 938 4056 περιϐάλλεσθᾶι.

219 4143 358 4214 ΞΔ’.
411 4155 470 4213 El
529 4153 584 4210 δὲ
642 4155 730 4211 καὶ⁵
773 4151 948 4232 γάμος
993 4155 1122 4212 ὑμῖν
1169 4153 1390 4232 ἔννομος
1426 4156 1782 4238 παρενοχλεῖ,

143 4249 244 4299 τῶν
285 4247 349 4301 ὲκ
389 4245 580 4304 τούτου
617 4247 901 4322 συμφορῶν
931 4244 1017 4301 καὶ
1049 4246 1181 4323 πρὸς
1239 4247 1336 4314 τὴν
1387 4245 1523 4304 Εὕαν
1565 4246 1782 4327 ἀποφαί-

145 4351 277 4388 eam»
333 4334 622 4410 ἀκούσατε,
671 4335 747 4390 ὧν
793 4335 946 4410 ὒμεϊς
991 4334 1388 4414 ἠλευθερώθητε
1437 4335 1784 4414 ἀπαλλαγεῖ-

147 4441 231 4477 σαι
285 4420 370 4478 δια
443 4428 540 4493 τῆς
605 4423 887 4501 παρθενίας
955 4424 1184 4499 ὑποψίας
1229 4426 1455 4500 ματαίας
1500 4425 1784 4504 ὑπενέγκαι

145 4506 459 4586 ἐγκλήματα
510 4514 858 4592 πορνεύοντος
944 4511 1229 4591 ἀνέχεσθαι
1291 4513 1476 4591 ἀνδρὸς
1548 4514 1785 4580 ἐξουσίαν

1870 3350 1932 3410 in
1957 3350 2440 3429 cogitationibus:
2477 3350 2538 3411 in
2562 3369 2712 3431 quas
2733 3349 2959 3411 audere
2981 3347 3204 3429 aliquid
3225 3348 3296 3410 ad
3309 3347 3510 3408 mitte-

1869 3449 2061 3512 re,est
2085 3441 2320 3503 facinus
2345 3441 2667 3522 tyrannica:
2683 3437 2963 3501 amentiae
2990 3460 3003 3502 :
3033 3448 3090 3500 et
3108 3437 3244 3500 ideo
3267 3437 3508 3516 virgini,

1871 3547 2049 3610 quam
2077 3530 2129 3592 ei
2161 3549 2293 3611 quae
2323 3529 2678 3603 fornicatur,
2717 3528 2924 3592 vitium
2959 3529 3298 3603 aﬂ'erre,est
3327 3525 3512 3606 magis

1871 3618 2251 3684 sceleratum.
2286 3619 2416 3682 Non
2450 3629 2540 3682 est
2568 3626 2726 3682 enim
2754 3637 2861 3699 par
2908 3617 3093 3680 libido
3136 3616 3198 3678 in
3220 3635 3348 3678 eam
3379 3635 3514 3696 quae

1873 3718 2124 3788 prostat,
2157 3720 2216 3772 et
2240 3716 2296 3772 in
2323 3728 2452 3771 eam
2480 3729 2612 3790 quae
2633 3717 2723 3770 est
2746 3707 2979 3770 Christo
3003 3708 3350 3788 conjuncta.
3380 3704 3510 3768 Non

1873 3807 1962 3860 est
1993 3799 2152 3860 enim
2190 3818 2294 3880 par
2322 3799 2549 3863 furtum
2582 3798 2738 3860 vasis
2770 3797 3049 3876 forensis,
3077 3806 3135 3858 et
3163 3794 3512 3857 sacerdota-

1871 3887 1969 3948 lis.
2000 3890 2118 3950 Vos
2149 3899 2348 3950 autem
2377 3887 2749 3952 sacerdotale
2780 3896 2871 3949 est
2921 3889 3106 3965 virgo,
3137 3895 3195 3946 et
3221 3903 3508 3966 purpura,

1870 3997 2047 4058 quam
2080 3979 2228 4040 nulli
2261 3977 2361 4040 alii
2413 3977 2556 4040 licet
2606 3977 2888 4058 induere,
2925 3985 3323 4058 praeterquam
3358 3977 3510 4055 Regi

1870 4076 1931 4129 et
1958 4065 2210 4130 Domino
2243 4069 2684 4130 universorum.

1953 4155 2151 4220 LXIV.
2186 4155 2352 4229 Quod
2390 4157 2440 4218 si
2462 4157 2643 4220 etiam
2673 4175 2773 4219 vos
2795 4155 3124 4235 legitimum
3149 4159 3344 4215 movet
3377 4172 3503 4216 ma-

1869 4246 2453 4321 trimonium,audite
2477 4248 2605 4326 ejus
2621 4245 3077 4320 calamitates,et
3099 4263 3229 4325 quae
3249 4243 3310 4305 in
3326 4241 3502 4304 Evam

1868 4337 2263 4415 pronuntiata:
2291 4346 2434 4398 sunt
2458 4337 2795 4410 sententia},
2822 4356 2852 4397 a
2885 4335 3102 4416 quibus
3137 4352 3235 4395 vos
3267 4334 3406 4395 estis
3437 4332 3506 4394 li-

1867 4425 2366 4499 berataa,remotae
2382 4444 2488 4506 per
2513 4426 2913 4505 virginitatem
2938 4444 2971 4486 a
2995 4423 3146 4484 mala
3163 4423 3506 4501 suspicione

1868 4514 2135 4594 patiendi
2166 4515 2420 4577 crimina
2447 4515 2646 4577 mariti
2668 4513 3155 4593 fornicantis,qui
3189 4510 3368 4574 habet
3394 4532 3506 4594 po-

145 4594 366 4678 ἔχοντος
447 4605 534 4660 καὶ
614 4603 892 4680 χρήσιμον
946 4601 1282 4680 ἀφαιρεῖσθαι
1341 4602 1566 4680 πρόοδον
1624 4626 1777 4682 περι-

1928 4613 2140 4666 statem
2168 4604 2534 4685 prohibendi
2561 4624 2636 4666 ne
2659 4623 2759 4666 eas
2785 4623 2902 4684 quo
2931 4603 3034 4664 tibi
3062 4601 3337 4682 expedit:
3367 4621 3510 4664 con-

146 4692 377 4770 στροφῆς
460 4689 806 4748 διευθύνεσθαι
866 4690 1239 4766 κοσμουμένας
1274 4711 1288 4726 ⁶
1364 4692 1780 4764 ζηλοτυπεϊσθαι

145 4779 262 4852 πρὶν
331 4794 512 4838 τεκεῖν
570 4779 935 4853 διαπτύεσθαι,
1011 4781 1248 4858 καθάπερ
1333 4781 1482 4838 οῧπω
1537 4788 1778 4861 γαμετὴν

141 4874 423 4955 τεκοῦσαν.
475 4869 574 4926 Διὰ
616 4870 668 4926 τί
717 4869 796 4944 μὴ
835 4867 1015 4948 ἄρὸεν,
1070 4867 1209 4929 ἀλλὰ
1249 4869 1383 4938 θῆλυ
1426 4873 1487 4928 τὸ
1535 4875 1773 4955 τεχθέν;

140 4951 229 5010 ἐὰν
271 4955 326 5012 δὲ
371 4960 464 5015 καὶ
504 4957 681 5038 esset,
721 4957 857 5014 ἀλλά
903 4957 984 5014 διὰ
1028 4960 1079 5015 τί
1136 4959 1213 5033 μὴ
1267 4962 1516 5041 ὡραῖον;
1563 4951 1652 5019 ἐὰν

138 5045 224 5101 καὶ
253 5047 481 5123 ὡραῖον,
517 5046 686 5104 πλείω
715 5049 750 5115 ἦ
795 5049 1016 5128 φροντίς
1052 5064 1066 5078 ⁸
1104 5048 1252 5105 οῧπω
1283 5051 1548 5126 γάλακτος
1593 5052 1774 5119 ἀπηλ-

138 5130 277 5211 λάγη
323 5138 410 5193 καὶ
451 5135 619 5202 πολὺς
668 5138 784 5214 περὶ
816 5137 1120 5217 ἀνατροφῆς
1152 5139 1180 5193 6
1213 5137 1358 5216 ἀγών
1390 5158 1403 5172 ⁸
1440 5139 1530 5196 ἐάν
1577 5163 1631 5196 τε
1675 5145 1774 5200 αὖ·

139 5218 291 5298 ξηθῇ,
351 5224 444 5282 ’ίνα
503 5227 579 5302 μὴ
639 5227 872 5303 νοσήσῃ,
933 5228 1025 5283 ξαν
1069 5224 1123 5282 δὲ
1171 5228 1257 5283 καὶ
1292 5229 1520 5306 νοσήσῃ,
1568 5229 1661 5287 ’ίνα
1693 5233 1772 5306 μὴ

140 5307 375 5391 ἀποθάνῃ
409 5333 422 5348 ·
458 5315 548 5372 ἐὰν
581 5314 634 5372 δὲ
690 5316 767 5391 μὴ
812 5313 1109 5393 τελευτήσῃ
1155 5316 1228 5379 ὡς
1279 5317 1399 5394 περὶ
1427 5325 1624 5389 ζῶντος
1667 5342 1772 5377 πε-

145 5403 442 5482 ρισσότερος
475 5406 503 5460 6
532 5403 724 5478 κόπος,
759 5404 837 5480 μὴ
869 5402 1115 5468 παιδείας
1150 5405 1427 5485 ἀποτύχῃ,
1462 5408 1539 5481 μή
1591 5411 1769 5472 κακῶς

141 5486 336 5565 ἀποϐῇ,
371 5493 449 5566 μὴ
492 5494 595 5550 ὑπὸ
626 5500 780 5551 τινῶν
812 5493 1116 5572 ἀνατραπῇ,
1174 5494 1254 5568 μὴ
1300 5495 1436 5568 μετὰ
1479 5497 1770 5577 ἀχρήστων

143 5585 512 5658 κατασπασθῇ,
560 5582 637 5657 μὴ
675 5582 729 5638 ἒν
758 5583 957 5658 θηρίοις
992 5581 1294 5662 ἆχρειωθῇ,
1348 5582 1426 5656 μή
1473 5584 1527 5640 ἐν
1568 5607 1770 5664 προκο-

144 5678 272 5729 παϊς
315 5665 623 5755 διαφωνηθῇ
656 5689 670 5707 ο
704 5673 865 5730 πόθεν
899 5676 964 5728 τὰ
994 5673 1124 5752 πρὸς
1155 5672 1255 5741 τὴν
1287 5671 1472 5756 χρείαν
1513 5677 1768 5756 χορηγή-

1867 4694 2265 4756 versationem
2293 4694 2960 4774 prohibendi,comptas
2975 4692 3268 4771 zelotypia
3295 4709 3504 4770 prose-

1862 4784 2109 4866 quendi;
2137 4783 2194 4846 ei
2215 4803 2352 4862 quae
2376 4783 3046 4866 peperit,expiobrandi
3083 4798 3097 4839 :
3125 4780 3238 4843 Cur
3273 4799 3390 4840 non
3415 4789 3507 4841 est

1863 4872 2300 4947 masculus,sed
2321 4873 2549 4936 femina
2571 4873 2746 4935 foetus
2769 4891 2948 4953 quem
2974 4866 3309 4951 peperisti?
3333 4867 3504 4940 Quod

1860 4962 1908 5022 si
1941 4963 2016 5023 sit
2047 4964 2222 5024 etiam
2257 4962 2582 5036 masculus,
2618 4980 2724 5022 cur
2775 4979 2893 5020 non
2944 4955 3288 5020 formosus?
3317 4955 3504 5037 Major

1855 5061 2041 5113 restat
2071 5070 2212 5112 cura
2246 5073 2258 5115 :
2299 5050 2563 5112 nondum
2597 5060 2684 5113 est
2717 5049 3143 5121 ablactatus,et
3173 5045 3246 5107 de
3274 5047 3501 5108 educa-

1857 5140 2021 5202 tione
2045 5160 2254 5219 magna
2273 5150 2365 5204 est
2389 5140 2717 5202 contentio.
2751 5139 2856 5200 Sin
2881 5147 3080 5201 autem
3112 5136 3392 5210 creverit,
3425 5155 3502 5198 ne

1856 5238 2123 5309 aegrotet,
2159 5249 2235 5293 ne
2289 5231 2442 5293 forte
2502 5230 2791 5291 moriatur
2826 5246 2840 5290 :
2871 5226 3200 5309 quomodo.
3235 5225 3412 5287 etiam
3449 5227 3501 5288 si

1855 5319 2040 5395 vivat,
2075 5321 2269 5399 major
2299 5329 2393 5382 est
2414 5319 2790 5394 sollicitudo,
2825 5337 2900 5380 ne
2936 5335 3052 5379 non
3078 5317 3178 5377 fiat
3199 5316 3496 5390 eruditus,

1856 5427 1932 5470 ne
1953 5408 2144 5470 malus
2182 5409 2412 5486 evadat,
2448 5427 2523 5471 ne
2555 5417 2858 5470 evertatur
2886 5405 2958 5468 ab
2991 5403 3405 5485 aliquibus,ne
3436 5404 3497 5466 in

1854 5497 2266 5578 improborum
2322 5499 2702 5578 perlrahatur
2760 5495 3285 5569 consuetudinem,
3340 5513 3417 5555 ne
3464 5511 3501 5556 a

1851 5587 2063 5651 bestiis
2095 5587 2685 5663 mutiletur,ne,dum
2722 5585 3043 5668 proficit,in
3077 5583 3352 5646 invidiam
3386 5603 3494 5645 v0-

1855 5685 2024 5746 cetur
2045 5685 2104 5742 et
2123 5677 2832 5752 seditionem.Undenam
2859 5673 3332 5760 suppeditabunt
3363 5691 3496 5762 quae
