3932 6140
399 331 554 415 1435

1653 337 1936 412 MENSIS
1991 328 2494 408 FEBRUARIUB.

3613 326 3769 405 1436

399 490 537 549 sunt
559 479 926 548 necessaria?
944 476 1255 548 Undenam
1278 477 1712 563 comparabunt
1734 497 1866 562 quae
1891 497 2017 561 per-

2159 499 2307 563 ωσις
2367 481 2525 538 πόθεν
2580 474 2647 536 τὰ
2699 474 2830 558 πρὸς
2893 466 3068 558 γάμον
3125 471 3546 557 συναλλάγματα
3607 475 3765 557 topi-

397 576 588 638 tinent
616 573 690 638 ad
715 572 1190 637 contrahendum
1214 570 1698 634 matrimonium?
1725 570 2037 634 Undenam

401 664 868 748 suppeditabunt
919 681 1050 744 quae
1076 662 1302 724 faciunt
1323 662 1394 724 ad
1420 663 1550 741 ejus
1573 661 1761 723 decus
1781 672 1842 723 et
1864 677 2041 722 orna-

398 753 1026 818 mentum9Undenam
1052 752 1172 814 alet
1193 750 1525 815 ministros?
1538 751 1758 813 Eadem
1777 753 1931 813 ratio
1950 757 2040 812 est

397 845 935 926 reliquarum,quaa
964 844 1084 906 huc
1107 852 1165 904 et
1195 840 1338 904 illuc
1362 843 1726 915 distrahunt,
1756 858 2036 903 curarum

401 945 458 998 et
473 934 1054 997 sollicitudinumme
1069 933 1260 995 dicam
1277 931 1517 994 dolores
1531 938 2042 1013 partusetnaturae

393 1022 1151 1101 necessitates.ﬂevera,ut
1174 1021 1322 1084 dicit
1347 1021 1588 1084 divinus
1609 1021 2038 1102 Apostolus35,

394 1113 650 1195 innupta
682 1121 851 1175 curat
894 1131 1026 1195 quae
1067 1119 1207 1175 sunt
1233 1111 1497 1184 Domini,
1532 1110 1606 1173 ab
1640 1111 1731 1173 his
1760 1110 2040 1172 omnibus
2070 1175 2072 1181 ,

397 1201 672 1278 liberata,
709 1201 836 1265 sola
865 1211 1063 1265 autem
1098 1209 1308 1265 ornata
1353 1201 1828 1281 incorruptione,
1862 1199 2038 1280 cujus

399 1291 811 1376 suppeditator
841 1303 934 1355 est
962 1300 1022 1355 et
1052 1292 1350 1373 perfector
1375 1289 1642 1365 Jesus,et
1666 1289 1765 1372 qui
1793 1307 1894 1351 vos
1923 1306 2038 1368 po-

399 1389 516 1444 test
547 1382 852 1445 custodire
879 1383 942 1444 in
973 1382 1288 1444 tolerantia
1317 1389 1376 1444 et
1397 1398 1618 1461 augere
1640 1380 1701 1441 in
1725 1398 1832 1460 spe
1853 1377 2033 1441 bona.

397 1469 707 1535 Custodite
727 1489 869 1550 ergo
889 1489 992 1533 vos
1018 1471 1177 1552 ipsas
1197 1471 1257 1532 in
1281 1489 1373 1546 ea,
1408 1471 1467 1531 in
1491 1489 1606 1552 qua
1627 1475 1848 1531 vocata
1867 1469 2032 1545 estis,

395 1561 728 1639 vocatione,
763 1569 831 1624 ut
881 1561 1144 1640 virgines
1175 1559 1410 1622 Christo
1444 1578 1551 1622 vos
1582 1557 1940 1639 cxhibeatis,
1975 1565 2040 1619 ut

399 1652 583 1714 etiam
632 1650 787 1714 bona
817 1659 1040 1714 aeterna
1070 1650 1526 1728 consequamini
1554 1651 1740 1729 gratia
1770 1648 1902 1726 Dei,
1936 1647 2039 1730 qui

396 1758 503 1803 vos
530 1741 760 1804 vocavit
787 1741 849 1803 in
882 1760 1054 1803 suum
1089 1759 1341 1819 regnum
1374 1748 1433 1802 et
1463 1739 1735 1819 gloriam.

2289 589 2305 648 ;
2352 571 2510 628 πόθεν
2581 571 2649 629 τὰ
2695 570 2823 646 πρὸς
2886 567 3306 648 εὐσχημοσύνην
3363 568 3702 648 ἐπαρκέσωσι
3740 586 3757 646 ς

2120 661 2279 718 πόθεν
2336 660 2546 724 οἰκέτας
2604 658 2950 739 διαθρευσωσι
2998 659 3087 716 καὶ
3117 661 3226 715 τῶν
3254 656 3350 715 Eni
3383 671 3506 721 τοῖς
3538 657 3758 720 λοιποῖς

2121 756 2228 807 τῶν
2272 751 2568 831 μοχθηρῶν
2627 752 3043 829 περισπασμῶν,
3087 748 3181 804 ἵνα
3223 749 3302 825 μὴ
3344 746 3492 826 λέγω
3519 747 3616 811 τὰς
3644 745 3761 804 ὀδύ-

2122 861 2214 903 νας
2245 846 2344 908 τῆς
2375 841 2616 911 κυήσεως
2674 841 2762 896 καὶ
2809 838 2903 904 τὰς
2961 837 3200 917 ἀνάγκας
3257 838 3352 902 τὰς
3396 837 3457 894 ἐκ
3498 837 3597 904 τῆς
3651 836 3757 915 φύ-

2120 950 2283 995 σεως.
2317 928 2550 1005 ’¹Οντως,
2602 930 2740 986 κατὰ
2781 929 2872 986 τὸν
2901 931 3047 985 θετον
3098 925 3452 1007 ’Λπόστολον,
3485 929 3519 994 ἡ
3545 923 3752 1004 ἄγαμος

2122 1026 2352 1098 μεριμνᾷ
2393 1021 2460 1077 τὰ
2504 1027 2596 1079 τοῦ
2659 1021 2872 1099 Κυρίου,
2933 1019 3138 1076 τούτων
3197 1017 3444 1074 ἁπάντων
3501 1015 3752 1072 ἀπαλλα-

2122 1123 2306 1190 γεῖσα,
2340 1111 2598 1191 ἀφθαρσίᾳ
2627 1109 2680 1166 δὲ
2727 1110 2866 1188 μόνῃ
2907 1111 3413 1183 κατακοσμηθεϊσα,
3462 1107 3530 1175 ἧς
3573 1128 3752 1186 χορη-

2119 1202 2212 1279 γὸς
2239 1203 2326 1260 καὶ
2367 1201 2616 1282 ἀρχηγὸς
2668 1201 2760 1258 καί
2805 1198 3103 1266 τελειωτής
3145 1197 3377 1276 Ἰησοῦς,
3411 1198 3438 1253 ὁ
3488 1197 3578 1252 καὶ
3622 1197 3754 1270 huic

2118 1289 2407 1367 δυνάμενος
2464 1295 2758 1371 φρουρῆσαι
2815 1288 2870 1345 ἐν
2937 1289 3184 1364 ὑπομονῇ
3243 1289 3332 1342 καὶ
3410 1285 3633 1353 αὐξῆσαι
3703 1288 3756 1340 ἑν

2119 1378 2290 1438 ἑλπίδι
2332 1385 2576 1461 χρηστῇ.
2625 1377 2927 1436 Φυλάττετε
2977 1379 3152 1435 τοίνυν
3187 1376 3373 1440 ἑαυτὰς
3403 1374 3460 1432 ἐν
3489 1382 3559 1452 τῇ
3613 1373 3757 1444 κλή-

2121 1491 2226 1545 σει,
2273 1470 2309 1547 ᾗ
2361 1468 2649 1542 ἐκλήθητε,
2714 1467 3004 1547 παρθένους
3062 1466 3226 1546 ἁγνὰς
3282 1465 3626 1544 παραστῆσαι
3683 1469 3758 1536 τῷ

2122 1566 2358 1640 Χριστῷ,
2423 1557 2517 1615 ἵνα
2588 1557 2677 1615 καὶ
2724 1563 2832 1614 τῶν
2890 1557 3118 1614 αἰωνίων
3177 1556 3388 1635 ἀγαθῶν
3471 1553 3755 1630 ἀξιωθῆτε,

2121 1649 2306 1729 χάριτι
2335 1655 2430 1707 τοῦ
2459 1646 2783 1712 γαλὲσαντος
2817 1648 2952 1725 ὓμᾷς
2991 1647 3066 1712 εἰς
3121 1647 3220 1714 τὴν
3269 1645 3457 1702 ἑαυτοῦ
3485 1641 3760 1720 βασιλείαν

2122 1739 2216 1795 καί
2249 1737 2426 1804 δόξαν.

2121 593 2254 628 σωσι
2289 589 2304 628 ἶ

481 1830 984 1911 LXV.Postquam
1008 1818 1207 1892 autem
1234 1829 1488 1892 cessavit
1506 1829 1578 1890 ab
1597 1827 2012 1891 adhortatione

2204 1827 2349 1888 ΞΕ¹.
2382 1818 2474 1892 Ὠς
2505 1828 2592 1884 οὖν
2625 1825 2893 1883 ἐπαύσατο
2939 1828 3041 1894 τῆς
3097 1823 3460 1902 παραινέσεως
3504 1823 3533 1879 ὁ
3577 1842 3762 1898 μακα-

397 1919 557 1984 beue
588 1930 895 2002 precatus,
928 1938 1028 1982 eas
1059 1919 1294 1982 Christo
1326 1919 1791 1995 commendavit,
1818 1917 2044 1998 jubens

397 2010 678 2072 omnibus
703 2019 765 2072 ut
788 2010 886 2072 die
919 2009 1193 2090 sequenti
1214 2011 1495 2071 venirent
1516 2009 1589 2070 ad
1613 2009 2043 2090 synaxim,quae

399 2099 791 2162 circumcirca
828 2099 1267 2181 erant,hymnis
1297 2099 1703 2162 sanctificans.
1724 2103 2040 2178 Postquam

400 2207 541 2270 ergo
574 2196 834 2253 venisset
857 2191 916 2252 in
943 2189 1373 2252 monasterium
1407 2189 1567 2270 quod
1599 2187 2036 2262 exstruebatur,

396 2279 651 2342 intensis
674 2279 820 2342 fusis
841 2279 1290 2361 precibus,cum
1328 2277 1716 2342 multitudine
1745 2297 1878 2360 quze
1900 2295 2038 2340 eum

403 2368 791 2450 sequebatur,
825 2367 1100 2431 ascendit
1127 2367 1190 2429 in
1252 2376 1514 2430 montem
1551 2389 1566 2426 :
1618 2365 1718 2428 ubi
1753 2376 1889 2448 post
1921 2378 2042 2429 tres

401 2459 641 2540 quidem
675 2459 804 2521 dies
833 2459 1158 2540 aegrotavit,
1183 2465 1318 2541 post
1347 2457 1502 2521 alios
1533 2475 1672 2520 vero
1705 2457 1913 2520 decem
1947 2465 2038 2521 est

396 2556 692 2610 mortuus.

474 2637 1056 2719 LXVI.Congregata
1083 2655 1228 2718 ergo
1262 2635 1578 2700 multitudo
1610 2636 1842 2718 piorum
1879 2634 2036 2698 viro-

392 2745 527 2791 rum
547 2747 622 2790 ex
643 2728 833 2802 clero,
861 2735 919 2790 et
941 2728 1012 2790 iis
1051 2747 1181 2809 quae
1205 2726 1594 2791 circumcirca
1625 2735 2034 2798 erant,mona-

395 2817 761 2893 steriis,cum
797 2817 871 2879 iis
894 2817 994 2897 qui
1019 2826 1188 2879 erant
1207 2825 1478 2879 amantes
1501 2815 1840 2896 virtutis,ex
1867 2834 2039 2876 mun-

395 2906 594 2982 danis,
629 2907 682 2969 ei
705 2908 864 2987 justa
897 2908 1176 2969 fecerunt
1204 2906 1654 2986 quartodecimo
1679 2905 1904 2967 mensis
1927 2907 2036 2967 Fe-

396 2994 849 3076 bruarii.Alque
873 2995 1210 3057 volentibus
1236 2993 1478 3076 quidem
1503 2993 1896 3074 aiiquibus,et
1919 3013 2039 3054 ma-

2126 1941 2236 1998 ριος
2280 1918 2367 1975 καί
2427 1915 2780 1990 ἔπευξάμενος
2849 1917 2927 1990 τῷ
2987 1921 3200 1994 Χριστῷ
3259 1913 3419 1974 αὒτὰς
3478 1915 3761 1989 παρέθετο,

2123 2015 2256 2065 πᾶσι
2299 2005 2551 2070 κελεύσας
2601 2007 2674 2069 εἰς
2729 2003 2886 2073 λιτὴν
2929 2011 3204 2083 παρεῖναι,
3249 2001 3461 2068 σύναξιν
3521 1999 3761 2057 έπετέλει

2123 2099 2191 2174 τῇ
2233 2095 2380 2175 ἑξῆς,
2436 2095 2502 2152 τὰ
2544 2094 2692 2172 πέριξ
2749 2097 2870 2158 τοῖς
2927 2091 3113 2167 ὕμνοις
3171 2092 3435 2170 ἁγιάζων.
3499 2093 3598 2153 Ὠς
3673 2091 3762 2146 οὖν

2124 2184 2369 2254 ἐληλύθει
2410 2187 2465 2242 ἒν
2494 2193 2571 2260 τῷ
2601 2183 2903 2259 κτιζομένῳ
2957 2183 3303 2262 ἆσκητηρίῳ,
3354 2181 3530 2261 ἑῦχῆν
3575 2179 3762 2246 ὲκτένῆ

2123 2278 2214 2334 σὺν
2257 2283 2334 2352 τῷ
2391 2275 2639 2352 ἑπομένῳ
2692 2273 2885 2344 πλήθει
2943 2273 3334 2348 ποιησάμενος,
3389 2271 3523 2326 ἀνίει
3576 2273 3633 2326 ὲν
3689 2275 3763 2341 τῷ

2121 2367 2254 2447 ὄρει,
2290 2366 2425 2442 μετὰ
2464 2379 2612 2445 τρεῖς
2672 2365 2770 2440 μὲν
2812 2362 3024 2444 ἡμέρας
3079 2361 3450 2443 ἇῤῥωστήσας,
3513 2360 3654 2436 μετά
3709 2357 3762 2414 δὲ

2122 2455 2248 2514 δέκα
2277 2453 2444 2520 ἄλλας
2473 2455 2819 2525 τελευτήσας.

2197 2635 2353 2711 Ξζ’.
2404 2634 2674 2713 Συναχθὲν
2709 2633 2800 2691 οὖν
2858 2631 3063 2701 πλῆθος
3117 2631 3366 2701 ἆξιοθέων
3422 2629 3628 2708 ἀνδρῶν
3671 2635 3762 2690 καὶ

2121 2725 2354 2783 εὒλαϐὦν
2412 2733 2505 2782 τοῦ
2561 2747 2616 2781 τε
2655 2723 2855 2801 κλήρου
2899 2725 2987 2781 καὶ
3030 2730 3138 2780 τῶν
3193 2721 3339 2801 πέριξ
3386 2725 3764 2800 μεναστηρίων

2119 2816 2210 2872 σὺν
2261 2828 2379 2880 τοῖς
2440 2811 2871 2891 σπουδαιοτέροις
2950 2819 3056 2869 τῶν
3131 2817 3406 2886 κοσμικῶν
3468 2809 3764 2882 ἐκήδευσαν

2120 2907 2277 2964 αὒτὸν
2305 2910 2374 2980 τῇ
2418 2901 2967 2982 τεσσαρεσκαιδεκάτῃ
3001 2910 3092 2959 τοῦ
3136 2900 3493 2980 Φεϐρουαρίου
3531 2901 3709 2974 μηνός
3744 2921 3760 2938 ⁸

2119 2999 2274 3051 τινῶν
2333 2994 2433 3068 μὲν
2488 2999 2578 3048 οὖν
2629 2989 2974 3068 βουλομένων
3002 2993 3092 3048 καὶ
3120 2991 3358 3066 μάλιστα
3388 2996 3495 3046 τῶν
3527 2990 3637 3047 ἀπὸ
3671 2994 3764 3047 τοῦ

393 3084 644 3146 ximeiis
670 3072 770 3164 qui
796 3095 965 3146 erant
990 3103 1057 3146 ex
1088 3072 1448 3146 monasterio
1481 3072 2017 3164 beatissimi—Hypa-

2159 3084 2480 3159 οναστηρίου
2525 3083 2618 3139 τοῦ
2684 3082 2942 3157 μακαρίου
3011 3072 3284 3156 εΥπατίου,
3338 3081 3396 3137 is
3456 3083 3501 3154 ᾧ
3543 3082 3633 3138 καὶ
3677 3079 3758 3136 διο

395 3174 482 3248 tii,
518 3175 578 3236 in
601 3195 716 3256 quo
742 3183 1007 3238 versatus
1030 3182 1140 3249 est,
1179 3194 1312 3236 cum
1348 3173 1757 3236 descendisset
1794 3183 2017 3254 proptei

2159 3177 2303 3250 ιριψε
2360 3169 2543 3230 διαϐὰς
2577 3170 2662 3226 διὰ
2691 3170 2790 3238 τὴν
2823 3169 3037 3227 σύνοδον
3067 3171 3123 3227 ἐν
3154 3175 3231 3243 τῷ
3269 3168 3409 3243 οἴκῳ
3455 3173 3560 3226 τῶν
3594 3170 3756 3248 ἆγίων

395 3264 688 3344 synodum
702 3266 1019 3345 ,pretiosas
1042 3265 1171 3344 ejus
1188 3264 1475 3347 reliquias
1491 3265 1796 3344 deponere
1810 3263 1869 3324 in
1891 3271 2009 3323 tem

2159 3261 2466 3319 ιποστόλων
2511 3261 2685 3336 τίμιον
2728 3259 2887 3316 αὗτοῧ
2939 3261 3190 3336 λείψανον
3241 3259 3554 3322 ἀποθέσθαι,
3586 3266 3755 3319 Τινῶν

395 3354 496 3433 plo
522 3352 876 3416 Sanctorum
903 3353 1718 3434 Apostolorum,quibusdam
1750 3365 1950 3415 autem
1977 3353 2037 3412 in

392 3443 616 3522 templo
649 3445 711 3505 S.
747 3442 1240 3523 Zacharim,quod
1269 3450 1358 3504 est
1380 3443 1610 3522 aliquot
1635 3441 1927 3504 milliariis
1957 3440 2036 3501 il-

395 3530 516 3593 linc
538 3531 717 3593 situm
743 3532 799 3593 in
829 3531 1055 3612 praedio
1083 3531 1244 3608 quod
1269 3531 1493 3594 dicitur
1511 3532 1858 3594 Theatrum.
1890 3531 2034 3603 Quae

394 3619 468 3681 ab
493 3639 564 3682 eo
588 3631 945 3700 congregata
973 3621 1312 3693 fuerant,iis
1329 3623 1431 3701 qui
1451 3621 1703 3683 aderant
1725 3621 2028 3700 supplica-

393 3708 686 3770 bantcum
710 3709 1241 3791 multislacrymis,
1279 3729 1351 3771 ne
1374 3709 1551 3772 Pater
1587 3721 1967 3788 separaretur
1995 3728 2031 3771 a

394 3798 730 3861 ﬁliis.Tunc
762 3799 870 3861 Dei
901 3800 1202 3861 voluntate
1235 3799 1306 3860 ad
1342 3819 1548 3861 eorum
1576 3800 1674 3880 qui
1708 3799 1831 3861 illic
1863 3807 2034 3861 erant

391 3888 670 3961 salutem,
709 3889 768 3950 in
804 3889 1066 3951 oratorio
1095 3888 1168 3950 ab
1205 3907 1274 3949 eo
1307 3888 1548 3950 condito
1581 3889 1771 3949 instar
1799 3907 2031 3950 monas-

389 3977 548 4058 terii,
582 3996 718 4039 eum
751 3979 1185 4058 deposuerunt.
1227 3978 1408 4058 Cujus
1440 3979 1876 4039 monimentum
1925 3996 2032 4057 per

393 4066 789 4148 multiplicem
823 4068 1043 4131 Christi
1079 4067 1506 4148 benignitatem
1542 4067 1723 4130 ellicit
1764 4067 2028 4130 curatio-

392 4173 502 4217 nes
535 4176 722 4238 usque
753 4158 815 4219 in
848 4159 1215 4221 hodiernum
1248 4158 1434 4220 diem.

471 4245 694 4310 LXVII.
732 4247 1201 4311 Consummatus
1233 4257 1435 4308 autem
1471 4245 1582 4309 fuit
1611 4253 1851 4308 sanctus
1881 4265 2028 4308 nos-

391 4343 479 4396 ter
515 4337 825 4417 presbyter
878 4347 939 4400 et
986 4336 1460 4399 archimandrita
1504 4345 1563 4400 et
1597 4355 1844 4415 magnus
1873 4335 2032 4398 inter

2119 3351 2175 3408 8‘3
2233 3351 2287 3407 ἐν
2353 3354 2428 3425 τῷ
2499 3351 2637 3425 οἴκῳ
2693 3357 2785 3409 τοῦ
2837 3349 2987 3427 ἁγίου
3041 3349 3308 3428 Ζαχαρίου
3363 3355 3440 3421 τῷ
3514 3349 3624 3405 ὄντι
3683 3351 3756 3412 ὡς

2120 3443 2226 3499 ἀπὸ
2281 3443 2520 3508 σημείων
2581 3440 2637 3496 ἐν
2693 3442 2930 3515 κτήματι
3002 3437 3279 3517 λεγομένῳ
3335 3437 3638 3518 θεατρῲδει,
3706 3441 3758 3495 αἰ

2112 3531 2203 3588 ὑπ’
2260 3533 2418 3588 αὐτοῦ
2478 3533 2838 3610 συναχθεῖσαι
2897 3529 3032 3605 μετὰ
3080 3528 3283 3586 πολλοῦ
3353 3526 3581 3605 ὀδυρμοῦ
3637 3529 3757 3594 τοὺς

2111 3621 2376 3700 παρόντας
2434 3619 2691 3692 ἱκέτευον,
2738 3620 2816 3693 μὴ
2858 3622 3190 3698 χωρισθῆναι
3253 3622 3342 3674 τὸν
3399 3617 3603 3692 πατέρα
3648 3625 3754 3674 τῶν

2113 3712 2336 3773 τέκνων.
2371 3712 2501 3768 Τότε
2545 3707 2666 3765 κατ’
2712 3707 2948 3765 εὐδοκίαν
3006 3711 3101 3764 τοῦ
3146 3709 3278 3764 Θεοῦ
3320 3709 3452 3786 πρὸς
3492 3708 3589 3775 τὴν
3649 3713 3754 3764 τῶν

2114 3801 2292 3858 ἐκεῖσε
2355 3799 2624 3876 σωτηρίαν
2680 3799 2736 3853 ὲν
2796 3804 2873 3871 τῷ
2937 3799 3093 3855 αὒτοῦ
3167 3796 3430 3854 κτισθὲν-ιι
3491 3798 3752 3872 εὗκτηρίιν

2114 3893 2187 3954 εἰς
2231 3889 2377 3956 τάξιν
2422 3888 2779 3965 μοναστηρίου
2823 3887 3103 3943 κατέθεντο
3135 3887 3316 3961 αὒτὸν,
3350 3887 3410 3943 οὗ
3455 3888 3517 3943 τὸ
3561 3892 3753 3962 μνῆμα

2113 3979 2204 4037 διὰ
2272 3986 2371 4048 τῆς
2463 3977 2797 4056 πολυτρόπου
2884 3975 3278 4055 φιλανθρωπίας
3357 3982 3450 4034 τοῦ
3521 3983 3750 4056 Χριστοῦ

2117 4069 2246 4151 ἄχρι
2279 4079 2370 4129 τοῦ
2399 4075 2488 4125 νῦν
2516 4068 2686 4131 ἰάσεις
2719 4064 2984 4129 ἐπιτελεῖ,

2197 4237 2332 4310 ΞΖ’.
2377 4245 2702 4313 Ἐτελειώθη
2735 4244 2789 4302 δὲ
2835 4247 2863 4303 ὃ
2907 4245 2962 4302 ἐν
2989 4244 3162 4324 άγιοις
3194 4251 3379 4325 Πατήρ
3406 4247 3561 4320 ἡμῶν
3594 4268 3757 4324 πρεσ-

2115 4340 2327 4417 ϐύτερος
2381 4341 2469 4394 καὶ
2526 4334 2950 4416 ἀρχιμανδρίτης
2995 4338 3084 4392 καὶ
3133 4335 3301 4413 μέγας
3370 4336 3424 4391 ἐν
3480 4337 3752 4403 άσκηταϊς

391 4425 820 4488 exercitatores
849 4426 1185 4490 Auxentius
1217 4427 1277 4488 in
1309 4426 1565 4507 imperio
1610 4425 1688 4504 pii
1723 4433 1783 4488 et
1810 4427 2017 4489 Christi

2160 4427 2389 4494 ὒξέντιος
2448 4429 2504 4482 'ev
2587 4433 2656 4502 τῇ
2715 4424 2957 4501 βασιλείᾳ
3017 4433 3109 4483 τοῦ
3164 4423 3516 4504 φιλοχρίστου
3577 4426 3751 4481 Λέον-

387 4516 642 4574 amantis
712 4515 989 4593 Zenonis,
1066 4515 1381 4578 Februarii
1436 4515 1666 4578 mensis
1718 4534 1830 4576 xw.
1898 4516 2032 4578 Fuit

386 4620 526 4664 vero
558 4601 865 4683 depositus
915 4607 976 4666 in
1029 4607 1313 4688 praedicto
1371 4605 1753 4678 monasterio,
1790 4605 1862 4667 ad
1899 4606 2026 4685 glo—

384 4693 539 4754 riam
603 4693 711 4756 Dei
774 4696 984 4770 nostri,
1047 4697 1148 4776 qui
1210 4703 1495 4776 operatur
1526 4695 1682 4756 dona
1712 4695 1770 4756 in
1803 4696 2024 4757 sanctis

386 4783 533 4846 suis.
596 4781 886 4854 Quoniam
943 4803 1079 4846 eum
1135 4785 1309 4846 decet
1352 4783 1539 4864 gloria
1600 4802 1734 4844 cum
1768 4783 1937 4845 Patre
1968 4793 2028 4847 et

387 4879 593 4933 sancto
630 4871 878 4954 Spiritu,
913 4892 1072 4936 nunc
1104 4881 1162 4936 et
1201 4891 1442 4955 semper
1473 4881 1532 4935 et
1567 4871 1628 4934 in
1661 4873 1880 4935 saecula
1909 4891 2024 4936 5a:-

388 4959 684 5025 culorum.
706 4962 930 5026 Amen.

465 5121 530 5173 55
555 5122 578 5185 l
610 5122 748 5185 Cor.
783 5141 887 5200 vn,
925 5125 1023 5188 34.

469 5301 593 5384 (t2)
623 5303 951 5384 lnterpres,
982 5303 1273 5380 Zenon-is,
1307 5303 1410 5388 qui
1451 5305 1643 5367 Leoni
1676 5305 1988 5368 successit.

2113 4541 2202 4583 τος
2264 4515 2415 4596 (42),
2467 4516 2596 4591 μηνί
2639 4513 2977 4592 Φεϐρουαρίῳ
3038 4512 3619 4592 τεσσαρεσκαιδεκάτῃ,
3664 4517 3752 4571 καὶ

2111 4607 2368 4672 κατετέθη
2429 4604 2482 4660 ἐν
2541 4610 2620 4678 τῷ
2675 4603 3046 4682 προειρημένῲ
3127 4605 3389 4680 εόκτηρίῳ
3457 4605 3530 4668 εἰς
3598 4602 3749 4669 δόξαν

2112 4702 2335 4774 Χριστοῦ
2390 4701 2484 4751 τοῦ
2543 4701 2675 4750 Θεοῦ
2744 4695 2901 4765 ἡμῶν
2945 4701 3038 4750 τοῦ
3080 4691 3483 4765 ἐνδοξαζομένου
3528 4692 3584 4749 ἐν
3629 4708 3749 4758 τοῖς

2109 4786 2280 4864 ἁγίοις
2325 4783 2505 4862 αὖτοῦ,
2552 4781 2632 4838 ὅτι
2686 4783 2826 4854 αὒτῷ
2870 4781 3061 4860 πρέπει
3119 4780 3241 4846 δόξα
3303 4781 3391 4836 σὺν
3449 4787 3528 4853 τῷ
3585 4789 3750 4861 Πατρὶ

2109 4878 2195 4932 καὶ
2250 4881 2328 4948 τῷ
2386 4873 2520 4951 ἁγίῳ
2573 4872 2862 4948 Πνεύματι,
2939 4873 3028 4926 νΰν
3071 4873 3162 4927 καί
3229 4870 3309 4926 ἀεὶ
3350 4872 3439 4927 καί
3484 4872 3560 4936 εἰς
3622 4873 3742 4938 τοὺς

2111 4967 2304 5029 αἰῶνας
2335 4968 2440 5019 τῶν
2472 4961 2704 5022 αἰώνων.
2740 4959 2947 5038 Ἀμήν.
