  <div class='ocr_page' id='page_1' title='image "/cluster/home/n/w/nwhite01/storage/ocr_20150623/114/mdp.39015028574344/756.png"; bbox 0 0 3932 6140; ppageno 0'>
   <div class='ocr_carea' id='block_1_1' title="bbox 143 225 288 306">
    <p class='ocr_par' dir='ltr' id='par_1_1' title="bbox 143 225 288 306">
     <span class='ocr_line' id='line_1_1' title="bbox 143 225 288 306; baseline 0 0"><span class='ocrx_word' id='word_1_1' title='bbox 143 225 288 306; x_wconf 69' lang='grc'><strong>1441</strong></span> 
     </span>
    </p>
   </div>
   <div class='ocr_carea' id='block_1_2' title="bbox 1397 219 2176 304">
    <p class='ocr_par' dir='ltr' id='par_1_2' title="bbox 1397 219 2176 304">
     <span class='ocr_line' id='line_1_2' title="bbox 1397 219 2176 304; baseline 0.005 -8"><span class='ocrx_word' id='word_1_2' title='bbox 1397 290 1404 296; x_wconf 83' lang='grc'>.</span> <span class='ocrx_word' id='word_1_3' title='bbox 1442 219 1630 304; x_wconf 61' lang='lat' dir='ltr'><strong>mn</strong></span> <span class='ocrx_word' id='word_1_4' title='bbox 1684 235 1746 301; x_wconf 90' lang='lat' dir='ltr'><strong>s.</strong></span> <span class='ocrx_word' id='word_1_5' title='bbox 1805 221 2176 303; x_wconf 60' lang='lat' dir='ltr'><strong>JULIANAZ.</strong></span> 
     </span>
    </p>
   </div>
   <div class='ocr_carea' id='block_1_3' title="bbox 3338 224 3490 308">
    <p class='ocr_par' dir='ltr' id='par_1_3' title="bbox 3338 224 3490 308">
     <span class='ocr_line' id='line_1_3' title="bbox 3338 224 3490 308; baseline -0.007 -1"><span class='ocrx_word' id='word_1_6' title='bbox 3338 224 3490 308; x_wconf 67' lang='lat'><strong>1442</strong></span> 
     </span>
    </p>
   </div>
   <div class='ocr_carea' id='block_1_4' title="bbox 135 368 1769 460">
    <p class='ocr_par' dir='ltr' id='par_1_4' title="bbox 135 368 1768 452">
     <span class='ocr_line' id='line_1_4' title="bbox 135 368 1768 452; baseline -0.003 -20"><span class='ocrx_word' id='word_1_7' title='bbox 135 372 495 452; x_wconf 72' lang='grc' dir='ltr'><strong>μεριζομένων</strong></span> <span class='ocrx_word' id='word_1_8' title='bbox 574 371 730 430; x_wconf 74' lang='grc' dir='ltr'>αὖτὸν</span> <span class='ocrx_word' id='word_1_9' title='bbox 781 372 869 431; x_wconf 77' lang='grc' dir='ltr'><strong>καὶ</strong></span> <span class='ocrx_word' id='word_1_10' title='bbox 933 368 1272 430; x_wconf 75' lang='grc' dir='ltr'>παντοδαπὸν</span> <span class='ocrx_word' id='word_1_11' title='bbox 1330 372 1619 428; x_wconf 78' lang='grc' dir='ltr'><strong>ποιούντων</strong></span> <span class='ocrx_word' id='word_1_12' title='bbox 1681 371 1768 428; x_wconf 81' lang='grc' dir='ltr'><strong>καὶ</strong></span> 
     </span>
    </p>
   </div>
   <div class='ocr_carea' id='block_1_5' title="bbox 1916 368 3491 460">
    <p class='ocr_par' dir='ltr' id='par_1_5' title="bbox 1916 370 3491 460">
     <span class='ocr_line' id='line_1_5' title="bbox 1916 370 3491 460; baseline 0.004 -25"><span class='ocrx_word' id='word_1_13' title='bbox 1916 382 2087 446; x_wconf 68' lang='lat' dir='ltr'><strong>arent.</strong></span> <span class='ocrx_word' id='word_1_14' title='bbox 2122 380 2180 434; x_wconf 92' lang='lat' dir='ltr'><strong>et</strong></span> <span class='ocrx_word' id='word_1_15' title='bbox 2233 378 2298 433; x_wconf 93' lang='lat' dir='ltr'><strong>ut</strong></span> <span class='ocrx_word' id='word_1_16' title='bbox 2326 389 2392 435; x_wconf 91' lang='lat' dir='ltr'><strong>se</strong></span> <span class='ocrx_word' id='word_1_17' title='bbox 2423 370 2483 433; x_wconf 92' lang='lat' dir='ltr'><strong>in</strong></span> <span class='ocrx_word' id='word_1_18' title='bbox 2517 388 2756 434; x_wconf 90' lang='lat' dir='ltr'><strong>omnem</strong></span> <span class='ocrx_word' id='word_1_19' title='bbox 2790 381 3018 454; x_wconf 89' lang='lat' dir='ltr'><strong>partem</strong></span> <span class='ocrx_word' id='word_1_20' title='bbox 3048 383 3330 460; x_wconf 83' lang='lat' dir='ltr'><strong>verteret,</strong></span> <span class='ocrx_word' id='word_1_21' title='bbox 3365 380 3491 441; x_wconf 77' lang='lat' dir='ltr'><strong>efﬁ-</strong></span> 
     </span>
    </p>
   </div>
   <div class='ocr_carea' id='block_1_6' title="bbox 135 461 1766 540">
    <p class='ocr_par' dir='ltr' id='par_1_6' title="bbox 135 461 1766 540">
     <span class='ocr_line' id='line_1_6' title="bbox 135 461 1766 540; baseline -0.002 -20"><span class='ocrx_word' id='word_1_22' title='bbox 135 462 221 520; x_wconf 73' lang='grc' dir='ltr'><strong>δια</strong></span> <span class='ocrx_word' id='word_1_23' title='bbox 264 470 418 522; x_wconf 74' lang='grc' dir='ltr'>τοῦτο</span> <span class='ocrx_word' id='word_1_24' title='bbox 465 466 646 520; x_wconf 85' lang='grc' dir='ltr'>πειθοῖ</span> <span class='ocrx_word' id='word_1_25' title='bbox 707 462 870 522; x_wconf 82' lang='grc' dir='ltr'>πάλιν</span> <span class='ocrx_word' id='word_1_26' title='bbox 915 462 1076 530; x_wconf 72' lang='grc' dir='ltr'>αὐτὴν</span> <span class='ocrx_word' id='word_1_27' title='bbox 1117 463 1205 519; x_wconf 83' lang='grc' dir='ltr'><strong>καὶ</strong></span> <span class='ocrx_word' id='word_1_28' title='bbox 1236 461 1543 524; x_wconf 68' lang='grc' dir='ltr'>κολακείαις</span> <span class='ocrx_word' id='word_1_29' title='bbox 1587 483 1766 540; x_wconf 87' lang='grc' dir='ltr'>παρα-</span> 
     </span>
    </p>
   </div>
   <div class='ocr_carea' id='block_1_7' title="bbox 136 551 720 632">
    <p class='ocr_par' dir='ltr' id='par_1_7' title="bbox 136 551 720 632">
     <span class='ocr_line' id='line_1_7' title="bbox 136 551 720 632; baseline 0.009 -24"><span class='ocrx_word' id='word_1_30' title='bbox 136 566 326 632; x_wconf 85' lang='grc' dir='ltr'>γαγεῖν</span> <span class='ocrx_word' id='word_1_31' title='bbox 357 551 631 613; x_wconf 72' lang='grc' dir='ltr'>ἔσπευδεν.</span> <span class='ocrx_word' id='word_1_32' title='bbox 717 577 720 582; x_wconf 93' lang='grc'>·</span> 
     </span>
    </p>
   </div>
   <div class='ocr_carea' id='block_1_8' title="bbox 219 633 1770 721">
    <p class='ocr_par' dir='ltr' id='par_1_8' title="bbox 219 633 1770 721">
     <span class='ocr_line' id='line_1_8' title="bbox 219 633 1770 721; baseline -0.001 -24"><span class='ocrx_word' id='word_1_33' title='bbox 219 640 307 703; x_wconf 90' lang='grc' dir='ltr'><strong>Δ’.</strong></span> <span class='ocrx_word' id='word_1_34' title='bbox 345 633 436 707; x_wconf 70' lang='grc' dir='ltr'>Ὠς</span> <span class='ocrx_word' id='word_1_35' title='bbox 467 639 522 698; x_wconf 79' lang='grc' dir='ltr'><strong>δὲ</strong></span> <span class='ocrx_word' id='word_1_36' title='bbox 554 643 590 709; x_wconf 79' lang='grc' dir='ltr'><strong>ἡ</strong></span> <span class='ocrx_word' id='word_1_37' title='bbox 621 641 717 716; x_wconf 75' lang='grc' dir='ltr'>μὲν</span> <span class='ocrx_word' id='word_1_38' title='bbox 737 639 945 708; x_wconf 71' lang='grc' dir='ltr'>ἥκίστα</span> <span class='ocrx_word' id='word_1_39' title='bbox 973 641 1149 721; x_wconf 79' lang='grc' dir='ltr'>εἶκεν,</span> <span class='ocrx_word' id='word_1_40' title='bbox 1187 643 1215 697; x_wconf 84' lang='grc' dir='ltr'>ὁ</span> <span class='ocrx_word' id='word_1_41' title='bbox 1245 640 1298 697; x_wconf 80' lang='grc' dir='ltr'>δὲ</span> <span class='ocrx_word' id='word_1_42' title='bbox 1328 641 1580 721; x_wconf 77' lang='grc' dir='ltr'>ἠνόχλει,</span> <span class='ocrx_word' id='word_1_43' title='bbox 1614 639 1770 720; x_wconf 76' lang='grc' dir='ltr'>φθέγ-</span> 
     </span>
    </p>
   </div>
   <div class='ocr_carea' id='block_1_9' title="bbox 136 728 1765 809">
    <p class='ocr_par' dir='ltr' id='par_1_9' title="bbox 136 728 1765 809">
     <span class='ocr_line' id='line_1_9' title="bbox 136 728 1765 809; baseline -0.001 -22"><span class='ocrx_word' id='word_1_44' title='bbox 136 731 286 809; x_wconf 81' lang='grc' dir='ltr'>γεταί</span> <span class='ocrx_word' id='word_1_45' title='bbox 335 752 386 788; x_wconf 86' lang='grc' dir='ltr'>τι</span> <span class='ocrx_word' id='word_1_46' title='bbox 446 728 542 787; x_wconf 76' lang='grc' dir='ltr'>καί</span> <span class='ocrx_word' id='word_1_47' title='bbox 587 729 766 808; x_wconf 75' lang='grc' dir='ltr'>ἕτερον</span> <span class='ocrx_word' id='word_1_48' title='bbox 822 733 857 800; x_wconf 82' lang='grc' dir='ltr'><strong>ἡ</strong></span> <span class='ocrx_word' id='word_1_49' title='bbox 904 733 1102 807; x_wconf 84' lang='grc' dir='ltr'>μάρτυς</span> <span class='ocrx_word' id='word_1_50' title='bbox 1161 729 1458 809; x_wconf 79' lang='grc' dir='ltr'>παῤῥησίας</span> <span class='ocrx_word' id='word_1_51' title='bbox 1519 733 1714 805; x_wconf 80' lang='grc' dir='ltr'>μεστόν</span> <span class='ocrx_word' id='word_1_52' title='bbox 1748 745 1765 761; x_wconf 86' lang='grc'>⁶</span> 
     </span>
    </p>
   </div>
   <div class='ocr_carea' id='block_1_10' title="bbox 137 818 1767 899">
    <p class='ocr_par' dir='ltr' id='par_1_10' title="bbox 137 818 1767 899">
     <span class='ocr_line' id='line_1_10' title="bbox 137 818 1767 899; baseline 0 -23"><span class='ocrx_word' id='word_1_53' title='bbox 137 821 344 897; x_wconf 77' lang='grc' dir='ltr'>Μήτιγε</span> <span class='ocrx_word' id='word_1_54' title='bbox 389 820 474 876; x_wconf 80' lang='grc' dir='ltr'><strong>καὶ</strong></span> <span class='ocrx_word' id='word_1_55' title='bbox 522 820 609 892; x_wconf 83' lang='grc' dir='ltr'>σὺ,</span> <span class='ocrx_word' id='word_1_56' title='bbox 641 818 878 899; x_wconf 75' lang='grc' dir='ltr'>φαμένη,</span> <span class='ocrx_word' id='word_1_57' title='bbox 913 833 1033 884; x_wconf 88' lang='grc' dir='ltr'>τοῖς</span> <span class='ocrx_word' id='word_1_58' title='bbox 1062 833 1182 884; x_wconf 85' lang='grc' dir='ltr'>σοῖς</span> <span class='ocrx_word' id='word_1_59' title='bbox 1216 819 1404 895; x_wconf 84' lang='grc' dir='ltr'>ὅμοιος</span> <span class='ocrx_word' id='word_1_60' title='bbox 1427 822 1566 886; x_wconf 79' lang='grc' dir='ltr'>ἦσθα</span> <span class='ocrx_word' id='word_1_61' title='bbox 1595 823 1767 898; x_wconf 85' lang='grc' dir='ltr'>θεοῖς,</span> 
     </span>
    </p>
   </div>
   <div class='ocr_carea' id='block_1_11' title="bbox 1850 461 3494 544">
    <p class='ocr_par' dir='ltr' id='par_1_11' title="bbox 1850 461 3494 544">
     <span class='ocr_line' id='line_1_11' title="bbox 1850 461 3494 544; baseline 0.003 -19"><span class='ocrx_word' id='word_1_62' title='bbox 1850 461 2161 525; x_wconf 87' lang='lat' dir='ltr'><strong>cerent.Et</strong></span> <span class='ocrx_word' id='word_1_63' title='bbox 2186 463 2323 524; x_wconf 83' lang='lat' dir='ltr'><strong>ideo</strong></span> <span class='ocrx_word' id='word_1_64' title='bbox 2355 463 2743 544; x_wconf 86' lang='lat' dir='ltr'><strong>persuasione</strong></span> <span class='ocrx_word' id='word_1_65' title='bbox 2772 473 2830 526; x_wconf 89' lang='lat' dir='ltr'><strong>et</strong></span> <span class='ocrx_word' id='word_1_66' title='bbox 2862 465 3165 529; x_wconf 87' lang='lat' dir='ltr'><strong>blanditiis</strong></span> <span class='ocrx_word' id='word_1_67' title='bbox 3199 485 3328 530; x_wconf 85' lang='lat' dir='ltr'><strong>eam</strong></span> <span class='ocrx_word' id='word_1_68' title='bbox 3361 487 3494 532; x_wconf 85' lang='lat' dir='ltr'><strong>rur-</strong></span> 
     </span>
    </p>
   </div>
   <div class='ocr_carea' id='block_1_12' title="bbox 1852 552 2608 616">
    <p class='ocr_par' dir='ltr' id='par_1_12' title="bbox 1852 552 2608 616">
     <span class='ocr_line' id='line_1_12' title="bbox 1852 552 2608 616; baseline -0.001 -1"><span class='ocrx_word' id='word_1_69' title='bbox 1852 571 1954 615; x_wconf 86' lang='lat' dir='ltr'><strong>sus</strong></span> <span class='ocrx_word' id='word_1_70' title='bbox 1985 552 2266 616; x_wconf 86' lang='lat' dir='ltr'><strong>studebat</strong></span> <span class='ocrx_word' id='word_1_71' title='bbox 2297 552 2608 615; x_wconf 85' lang='lat' dir='ltr'><strong>inducere.</strong></span> 
     </span>
    </p>
   </div>
   <div class='ocr_carea' id='block_1_13' title="bbox 1933 640 3494 724">
    <p class='ocr_par' dir='ltr' id='par_1_13' title="bbox 1933 640 3494 724">
     <span class='ocr_line' id='line_1_13' title="bbox 1933 640 3494 724; baseline 0.004 -19"><span class='ocrx_word' id='word_1_72' title='bbox 1933 641 2188 705; x_wconf 88' lang='lat' dir='ltr'><strong>IV.Cum</strong></span> <span class='ocrx_word' id='word_1_73' title='bbox 2213 650 2412 704; x_wconf 90' lang='lat' dir='ltr'><strong>autem</strong></span> <span class='ocrx_word' id='word_1_74' title='bbox 2437 641 2540 703; x_wconf 83' lang='lat' dir='ltr'><strong>illa</strong></span> <span class='ocrx_word' id='word_1_75' title='bbox 2561 640 2801 722; x_wconf 88' lang='lat' dir='ltr'><strong>quidem</strong></span> <span class='ocrx_word' id='word_1_76' title='bbox 2828 643 3076 706; x_wconf 91' lang='lat' dir='ltr'><strong>minime</strong></span> <span class='ocrx_word' id='word_1_77' title='bbox 3099 645 3364 724; x_wconf 82' lang='lat' dir='ltr'><strong>cederet,</strong></span> <span class='ocrx_word' id='word_1_78' title='bbox 3393 647 3494 710; x_wconf 90' lang='lat' dir='ltr'><strong>ille</strong></span> 
     </span>
    </p>
   </div>
   <div class='ocr_carea' id='block_1_14' title="bbox 1852 731 3494 815">
    <p class='ocr_par' dir='ltr' id='par_1_14' title="bbox 1852 731 3494 815">
     <span class='ocr_line' id='line_1_14' title="bbox 1852 731 3494 815; baseline 0.006 -25"><span class='ocrx_word' id='word_1_79' title='bbox 1852 749 1992 793; x_wconf 90' lang='lat' dir='ltr'><strong>vero</strong></span> <span class='ocrx_word' id='word_1_80' title='bbox 2019 739 2301 812; x_wconf 85' lang='lat' dir='ltr'><strong>pergeret</strong></span> <span class='ocrx_word' id='word_1_81' title='bbox 2322 750 2457 793; x_wconf 85' lang='lat' dir='ltr'><strong>esse</strong></span> <span class='ocrx_word' id='word_1_82' title='bbox 2489 731 2798 804; x_wconf 90' lang='lat' dir='ltr'><strong>molestus,</strong></span> <span class='ocrx_word' id='word_1_83' title='bbox 2833 742 3054 814; x_wconf 78' lang='lat' dir='ltr'><strong>martyr</strong></span> <span class='ocrx_word' id='word_1_84' title='bbox 3072 735 3298 815; x_wconf 85' lang='lat' dir='ltr'><strong>aliquid</strong></span> <span class='ocrx_word' id='word_1_85' title='bbox 3331 738 3494 800; x_wconf 88' lang='lat' dir='ltr'><strong>aliud</strong></span> 
     </span>
    </p>
   </div>
   <div class='ocr_carea' id='block_1_15' title="bbox 1854 821 3493 904">
    <p class='ocr_par' dir='ltr' id='par_1_15' title="bbox 1854 821 3493 904">
     <span class='ocr_line' id='line_1_15' title="bbox 1854 821 3493 904; baseline 0.004 -22"><span class='ocrx_word' id='word_1_86' title='bbox 1854 821 2141 900; x_wconf 88' lang='lat' dir='ltr'><strong>loquitur,</strong></span> <span class='ocrx_word' id='word_1_87' title='bbox 2169 821 2327 902; x_wconf 91' lang='lat' dir='ltr'><strong>quod</strong></span> <span class='ocrx_word' id='word_1_88' title='bbox 2351 821 2592 901; x_wconf 90' lang='lat' dir='ltr'><strong>plenum</strong></span> <span class='ocrx_word' id='word_1_89' title='bbox 2616 829 2742 882; x_wconf 90' lang='lat' dir='ltr'><strong>erat</strong></span> <span class='ocrx_word' id='word_1_90' title='bbox 2764 821 2984 884; x_wconf 85' lang='lat' dir='ltr'><strong>ﬁducia</strong></span> <span class='ocrx_word' id='word_1_91' title='bbox 3015 833 3071 884; x_wconf 91' lang='lat' dir='ltr'><strong>et</strong></span> <span class='ocrx_word' id='word_1_92' title='bbox 3096 825 3381 904; x_wconf 86' lang='lat' dir='ltr'><strong>loquendi</strong></span> <span class='ocrx_word' id='word_1_93' title='bbox 3413 827 3493 888; x_wconf 90' lang='lat' dir='ltr'><strong>li-</strong></span> 
     </span>
    </p>
   </div>
   <div class='ocr_carea' id='block_1_16' title="bbox 136 907 1769 990">
    <p class='ocr_par' dir='ltr' id='par_1_16' title="bbox 136 907 1769 989">
     <span class='ocr_line' id='line_1_16' title="bbox 136 907 1769 989; baseline 0.002 -26"><span class='ocrx_word' id='word_1_94' title='bbox 136 911 247 965; x_wconf 83' lang='grc' dir='ltr'>ὦτα</span> <span class='ocrx_word' id='word_1_95' title='bbox 283 909 379 984; x_wconf 74' lang='grc' dir='ltr'>μὲν</span> <span class='ocrx_word' id='word_1_96' title='bbox 422 907 591 988; x_wconf 77' lang='grc' dir='ltr'>ἔχων,</span> <span class='ocrx_word' id='word_1_97' title='bbox 625 909 834 965; x_wconf 81' lang='grc' dir='ltr'>ἁκούων</span> <span class='ocrx_word' id='word_1_98' title='bbox 891 908 946 964; x_wconf 74' lang='grc' dir='ltr'>δὲ</span> <span class='ocrx_word' id='word_1_99' title='bbox 1001 908 1242 980; x_wconf 70' lang='grc' dir='ltr'>οὖδαμῶς</span> <span class='ocrx_word' id='word_1_100' title='bbox 1279 929 1295 989; x_wconf 87' lang='grc'>;</span> <span class='ocrx_word' id='word_1_101' title='bbox 1344 913 1404 968; x_wconf 73' lang='grc' dir='ltr'><strong>οὗ</strong></span> <span class='ocrx_word' id='word_1_102' title='bbox 1465 910 1631 966; x_wconf 73' lang='grc' dir='ltr'>ταῦτά</span> <span class='ocrx_word' id='word_1_103' title='bbox 1686 931 1769 966; x_wconf 88' lang='grc' dir='ltr'><strong>σοι</strong></span> 
     </span>
    </p>
   </div>
   <div class='ocr_carea' id='block_1_17' title="bbox 1916 907 3495 990">
    <p class='ocr_par' dir='ltr' id='par_1_17' title="bbox 1916 910 3495 990">
     <span class='ocr_line' id='line_1_17' title="bbox 1916 910 3495 990; baseline 0.004 -19"><span class='ocrx_word' id='word_1_104' title='bbox 1916 917 2109 973; x_wconf 68' lang='lat' dir='ltr'><strong>artate:</strong></span> <span class='ocrx_word' id='word_1_105' title='bbox 2135 910 2432 990; x_wconf 86' lang='lat' dir='ltr'><strong>Numquid</strong></span> <span class='ocrx_word' id='word_1_106' title='bbox 2461 917 2519 971; x_wconf 89' lang='lat' dir='ltr'><strong>tu</strong></span> <span class='ocrx_word' id='word_1_107' title='bbox 2543 928 2782 988; x_wconf 88' lang='lat' dir='ltr'><strong>quoque</strong></span> <span class='ocrx_word' id='word_1_108' title='bbox 2805 916 2946 986; x_wconf 86' lang='lat' dir='ltr'><strong>eris,</strong></span> <span class='ocrx_word' id='word_1_109' title='bbox 2974 913 3204 988; x_wconf 85' lang='lat' dir='ltr'><strong>dicens,</strong></span> <span class='ocrx_word' id='word_1_110' title='bbox 3237 915 3351 976; x_wconf 89' lang='lat' dir='ltr'><strong>tuis</strong></span> <span class='ocrx_word' id='word_1_111' title='bbox 3381 916 3495 978; x_wconf 89' lang='lat' dir='ltr'><strong>diis</strong></span> 
     </span>
    </p>
   </div>
   <div class='ocr_carea' id='block_1_18' title="bbox 137 996 1769 1079">
    <p class='ocr_par' dir='ltr' id='par_1_18' title="bbox 137 996 1769 1076">
     <span class='ocr_line' id='line_1_18' title="bbox 137 996 1769 1076; baseline 0.001 -22"><span class='ocrx_word' id='word_1_112' title='bbox 137 996 366 1076; x_wconf 79' lang='grc' dir='ltr'>λέγουσα</span> <span class='ocrx_word' id='word_1_113' title='bbox 395 1000 498 1075; x_wconf 79' lang='grc' dir='ltr'>πρὸ</span> <span class='ocrx_word' id='word_1_114' title='bbox 542 1004 734 1074; x_wconf 76' lang='grc' dir='ltr'>μικροῦ</span> <span class='ocrx_word' id='word_1_115' title='bbox 783 1020 874 1073; x_wconf 67' lang='grc' dir='ltr'><strong>και</strong></span> <span class='ocrx_word' id='word_1_116' title='bbox 908 997 1068 1075; x_wconf 81' lang='grc' dir='ltr'>ὅρκον</span> <span class='ocrx_word' id='word_1_117' title='bbox 1098 997 1322 1076; x_wconf 76' lang='grc' dir='ltr'>ἐπῆγον,</span> <span class='ocrx_word' id='word_1_118' title='bbox 1360 1000 1432 1064; x_wconf 85' lang='grc' dir='ltr'>ὡς</span> <span class='ocrx_word' id='word_1_119' title='bbox 1465 997 1612 1055; x_wconf 79' lang='grc' dir='ltr'>οὐδὲν</span> <span class='ocrx_word' id='word_1_120' title='bbox 1653 998 1769 1073; x_wconf 75' lang='grc' dir='ltr'>ἐμοὶ</span> 
     </span>
    </p>
   </div>
   <div class='ocr_carea' id='block_1_19' title="bbox 1916 996 3494 1079">
    <p class='ocr_par' dir='ltr' id='par_1_19' title="bbox 1917 999 3494 1079">
     <span class='ocr_line' id='line_1_19' title="bbox 1917 999 3494 1079; baseline 0.005 -20"><span class='ocrx_word' id='word_1_121' title='bbox 1917 999 2099 1072; x_wconf 89' lang='lat' dir='ltr'><strong>milis,</strong></span> <span class='ocrx_word' id='word_1_122' title='bbox 2127 1017 2305 1060; x_wconf 82' lang='lat' dir='ltr'><strong>aures</strong></span> <span class='ocrx_word' id='word_1_123' title='bbox 2332 999 2570 1079; x_wconf 88' lang='lat' dir='ltr'><strong>quidem</strong></span> <span class='ocrx_word' id='word_1_124' title='bbox 2594 999 2848 1073; x_wconf 88' lang='lat' dir='ltr'><strong>habens,</strong></span> <span class='ocrx_word' id='word_1_125' title='bbox 2884 1002 3134 1065; x_wconf 89' lang='lat' dir='ltr'><strong>minime</strong></span> <span class='ocrx_word' id='word_1_126' title='bbox 3154 1013 3351 1066; x_wconf 91' lang='lat' dir='ltr'><strong>autem</strong></span> <span class='ocrx_word' id='word_1_127' title='bbox 3383 1025 3494 1067; x_wconf 84' lang='lat' dir='ltr'><strong>au-</strong></span> 
     </span>
    </p>
   </div>
   <div class='ocr_carea' id='block_1_20' title="bbox 137 1085 1769 1172">
    <p class='ocr_par' dir='ltr' id='par_1_20' title="bbox 137 1085 1769 1166">
     <span class='ocr_line' id='line_1_20' title="bbox 137 1085 1769 1166; baseline -0.001 -23"><span class='ocrx_word' id='word_1_128' title='bbox 137 1088 224 1143; x_wconf 87' lang='grc' dir='ltr'><strong>καὶ</strong></span> <span class='ocrx_word' id='word_1_129' title='bbox 285 1085 544 1160; x_wconf 85' lang='grc' dir='ltr'>Ἐλευσίῳ</span> <span class='ocrx_word' id='word_1_130' title='bbox 601 1086 681 1160; x_wconf 73' lang='grc' dir='ltr'>μὴ</span> <span class='ocrx_word' id='word_1_131' title='bbox 746 1087 1010 1144; x_wconf 78' lang='grc' dir='ltr'><strong>πεισθέντι</strong></span> <span class='ocrx_word' id='word_1_132' title='bbox 1069 1092 1433 1166; x_wconf 78' lang='grc' dir='ltr'>προσκυνῆσαι</span> <span class='ocrx_word' id='word_1_133' title='bbox 1494 1089 1769 1165; x_wconf 72' lang='grc' dir='ltr'>Χριστόνς</span> 
     </span>
    </p>
   </div>
   <div class='ocr_carea' id='block_1_21' title="bbox 1916 1085 3493 1172">
    <p class='ocr_par' dir='ltr' id='par_1_21' title="bbox 1916 1088 3493 1172">
     <span class='ocr_line' id='line_1_21' title="bbox 1916 1088 3493 1172; baseline 0.005 -24"><span class='ocrx_word' id='word_1_134' title='bbox 1916 1089 2202 1151; x_wconf 50' lang='lat' dir='ltr'><strong>.ens?Non</strong></span> <span class='ocrx_word' id='word_1_135' title='bbox 2219 1088 2464 1150; x_wconf 68' lang='lat' dir='ltr'><strong>hazctibi</strong></span> <span class='ocrx_word' id='word_1_136' title='bbox 2487 1088 2697 1150; x_wconf 87' lang='lat' dir='ltr'><strong>dicens</strong></span> <span class='ocrx_word' id='word_1_137' title='bbox 2721 1090 2892 1169; x_wconf 89' lang='lat' dir='ltr'><strong>paulo</strong></span> <span class='ocrx_word' id='word_1_138' title='bbox 2912 1093 3493 1172; x_wconf 87' lang='lat' dir='ltr'><strong>ante,jusjurandum</strong></span> 
     </span>
    </p>
   </div>
   <div class='ocr_carea' id='block_1_22' title="bbox 137 1173 1769 1259">
    <p class='ocr_par' dir='ltr' id='par_1_22' title="bbox 137 1173 1769 1256">
     <span class='ocr_line' id='line_1_22' title="bbox 137 1173 1769 1256; baseline -0.001 -23"><span class='ocrx_word' id='word_1_139' title='bbox 137 1173 287 1233; x_wconf 85' lang='grc' dir='ltr'>Ἐπεὶ</span> <span class='ocrx_word' id='word_1_140' title='bbox 316 1173 458 1231; x_wconf 76' lang='grc' dir='ltr'>οὕτω</span> <span class='ocrx_word' id='word_1_141' title='bbox 498 1174 764 1253; x_wconf 78' lang='grc' dir='ltr'><strong>λεγούσης</strong></span> <span class='ocrx_word' id='word_1_142' title='bbox 793 1174 986 1243; x_wconf 74' lang='grc' dir='ltr'>ἤκουεν</span> <span class='ocrx_word' id='word_1_143' title='bbox 1035 1179 1063 1233; x_wconf 81' lang='grc' dir='ltr'>ὁ</span> <span class='ocrx_word' id='word_1_144' title='bbox 1120 1177 1322 1256; x_wconf 73' lang='grc' dir='ltr'>πατὴρ,</span> <span class='ocrx_word' id='word_1_145' title='bbox 1381 1175 1592 1254; x_wconf 75' lang='grc' dir='ltr'>φυλακῇ</span> <span class='ocrx_word' id='word_1_146' title='bbox 1641 1177 1769 1232; x_wconf 84' lang='grc' dir='ltr'>ταύ-</span> 
     </span>
    </p>
   </div>
   <div class='ocr_carea' id='block_1_23' title="bbox 1916 1173 3496 1259">
    <p class='ocr_par' dir='ltr' id='par_1_23' title="bbox 1916 1177 3496 1259">
     <span class='ocr_line' id='line_1_23' title="bbox 1916 1177 3496 1259; baseline 0.004 -20"><span class='ocrx_word' id='word_1_147' title='bbox 1916 1197 2098 1258; x_wconf 67' lang='lat' dir='ltr'><strong>noque</strong></span> <span class='ocrx_word' id='word_1_148' title='bbox 2127 1177 2323 1254; x_wconf 87' lang='lat' dir='ltr'><strong>intuli,</strong></span> <span class='ocrx_word' id='word_1_149' title='bbox 2355 1179 2504 1240; x_wconf 88' lang='lat' dir='ltr'><strong>nihil</strong></span> <span class='ocrx_word' id='word_1_150' title='bbox 2547 1179 2692 1240; x_wconf 90' lang='lat' dir='ltr'><strong>mihi</strong></span> <span class='ocrx_word' id='word_1_151' title='bbox 2716 1179 2806 1240; x_wconf 90' lang='lat' dir='ltr'><strong>rei</strong></span> <span class='ocrx_word' id='word_1_152' title='bbox 2826 1179 2954 1241; x_wconf 78' lang='lat' dir='ltr'><strong>fore</strong></span> <span class='ocrx_word' id='word_1_153' title='bbox 2979 1199 3112 1243; x_wconf 92' lang='lat' dir='ltr'><strong>cum</strong></span> <span class='ocrx_word' id='word_1_154' title='bbox 3146 1182 3408 1259; x_wconf 86' lang='lat' dir='ltr'><strong>Eleusin,</strong></span> <span class='ocrx_word' id='word_1_155' title='bbox 3444 1185 3496 1245; x_wconf 92' lang='lat' dir='ltr'><strong>si</strong></span> 
     </span>
    </p>
   </div>
   <div class='ocr_carea' id='block_1_24' title="bbox 136 1263 1769 1341">
    <p class='ocr_par' dir='ltr' id='par_1_24' title="bbox 136 1263 1769 1340">
     <span class='ocr_line' id='line_1_24' title="bbox 136 1263 1769 1340; baseline 0 -18"><span class='ocrx_word' id='word_1_156' title='bbox 136 1287 234 1332; x_wconf 88' lang='grc' dir='ltr'><strong>την</strong></span> <span class='ocrx_word' id='word_1_157' title='bbox 277 1263 486 1322; x_wconf 81' lang='grc' dir='ltr'>δίδωσιν</span> <span class='ocrx_word' id='word_1_158' title='bbox 521 1280 535 1295; x_wconf 82' lang='grc'><strong>⁸</strong></span> <span class='ocrx_word' id='word_1_159' title='bbox 625 1269 748 1322; x_wconf 80' lang='grc' dir='ltr'>εἶτα</span> <span class='ocrx_word' id='word_1_160' title='bbox 804 1267 990 1329; x_wconf 81' lang='grc' dir='ltr'>νυκτὸς</span> <span class='ocrx_word' id='word_1_161' title='bbox 1047 1265 1206 1322; x_wconf 83' lang='grc' dir='ltr'>πάλιν</span> <span class='ocrx_word' id='word_1_162' title='bbox 1264 1266 1428 1334; x_wconf 68' lang='grc' dir='ltr'>αὐτὴν</span> <span class='ocrx_word' id='word_1_163' title='bbox 1489 1288 1769 1340; x_wconf 80' lang='grc' dir='ltr'>μεταπεμ-</span> 
     </span>
    </p>
   </div>
   <div class='ocr_carea' id='block_1_25' title="bbox 1916 1263 3498 1341">
    <p class='ocr_par' dir='ltr' id='par_1_25' title="bbox 1916 1271 3498 1341">
     <span class='ocr_line' id='line_1_25' title="bbox 1916 1271 3498 1341; baseline 0.003 -14"><span class='ocrx_word' id='word_1_164' title='bbox 1916 1286 1973 1327; x_wconf 83' lang='grc' dir='ltr'>)ιι</span> <span class='ocrx_word' id='word_1_165' title='bbox 1999 1271 2162 1341; x_wconf 88' lang='lat' dir='ltr'><strong>prius</strong></span> <span class='ocrx_word' id='word_1_166' title='bbox 2185 1272 2235 1326; x_wconf 90' lang='lat' dir='ltr'><strong>ei</strong></span> <span class='ocrx_word' id='word_1_167' title='bbox 2265 1284 2607 1336; x_wconf 82' lang='lat' dir='ltr'><strong>persuasum</strong></span> <span class='ocrx_word' id='word_1_168' title='bbox 2633 1271 2826 1338; x_wconf 80' lang='lat' dir='ltr'><strong>fuerit,</strong></span> <span class='ocrx_word' id='word_1_169' title='bbox 2850 1283 2911 1330; x_wconf 89' lang='lat' dir='ltr'><strong>ut</strong></span> <span class='ocrx_word' id='word_1_170' title='bbox 2935 1274 3226 1332; x_wconf 79' lang='lat' dir='ltr'><strong>Christum</strong></span> <span class='ocrx_word' id='word_1_171' title='bbox 3253 1275 3498 1335; x_wconf 77' lang='lat' dir='ltr'><strong>adoret?</strong></span> 
     </span>
    </p>
   </div>
   <div class='ocr_carea' id='block_1_26' title="bbox 139 1354 1769 1434">
    <p class='ocr_par' dir='ltr' id='par_1_26' title="bbox 139 1354 1769 1434">
     <span class='ocr_line' id='line_1_26' title="bbox 139 1354 1769 1434; baseline -0.001 -22"><span class='ocrx_word' id='word_1_172' title='bbox 139 1355 378 1431; x_wconf 81' lang='grc' dir='ltr'>ψάμενος</span> <span class='ocrx_word' id='word_1_173' title='bbox 411 1355 763 1434; x_wconf 81' lang='grc' dir='ltr'>ἀπεπειρᾶτο,</span> <span class='ocrx_word' id='word_1_174' title='bbox 797 1354 852 1411; x_wconf 71' lang='grc' dir='ltr'><strong>εἴ</strong></span> <span class='ocrx_word' id='word_1_175' title='bbox 907 1377 958 1411; x_wconf 93' lang='grc' dir='ltr'><strong>τι</strong></span> <span class='ocrx_word' id='word_1_176' title='bbox 1003 1357 1091 1412; x_wconf 85' lang='grc' dir='ltr'>καὶ</span> <span class='ocrx_word' id='word_1_177' title='bbox 1122 1359 1150 1412; x_wconf 83' lang='grc' dir='ltr'>ὁ</span> <span class='ocrx_word' id='word_1_178' title='bbox 1177 1357 1360 1434; x_wconf 78' lang='grc' dir='ltr'>καιρὸς</span> <span class='ocrx_word' id='word_1_179' title='bbox 1393 1355 1610 1434; x_wconf 75' lang='grc' dir='ltr'><strong>ὑφεῖλεν</strong></span> <span class='ocrx_word' id='word_1_180' title='bbox 1644 1360 1769 1431; x_wconf 73' lang='grc' dir='ltr'>αὐτῇ</span> 
     </span>
    </p>
   </div>
   <div class='ocr_carea' id='block_1_27' title="bbox 1916 1354 3498 1434">
    <p class='ocr_par' dir='ltr' id='par_1_27' title="bbox 1916 1357 3498 1427">
     <span class='ocr_line' id='line_1_27' title="bbox 1916 1357 3498 1427; baseline 0.004 -15"><span class='ocrx_word' id='word_1_181' title='bbox 1916 1367 2176 1427; x_wconf 84' lang='lat' dir='ltr'><strong>estquam</strong></span> <span class='ocrx_word' id='word_1_182' title='bbox 2198 1371 2326 1413; x_wconf 87' lang='lat' dir='ltr'><strong>eam</strong></span> <span class='ocrx_word' id='word_1_183' title='bbox 2353 1366 2513 1426; x_wconf 90' lang='lat' dir='ltr'><strong>pater</strong></span> <span class='ocrx_word' id='word_1_184' title='bbox 2536 1357 2860 1413; x_wconf 84' lang='lat' dir='ltr'><strong>audivitsic</strong></span> <span class='ocrx_word' id='word_1_185' title='bbox 2881 1357 3189 1425; x_wconf 54' lang='lat' dir='ltr'><strong>dicentem,</strong></span> <span class='ocrx_word' id='word_1_186' title='bbox 3219 1377 3345 1418; x_wconf 89' lang='lat' dir='ltr'><strong>eam</strong></span> <span class='ocrx_word' id='word_1_187' title='bbox 3375 1371 3458 1420; x_wconf 82' lang='lat' dir='ltr'><strong>ira</strong></span> <span class='ocrx_word' id='word_1_188' title='bbox 3477 1391 3498 1404; x_wconf 87' lang='lat'><strong>-</strong></span> 
     </span>
    </p>
   </div>
   <div class='ocr_carea' id='block_1_28' title="bbox 137 1440 1769 1522">
    <p class='ocr_par' dir='ltr' id='par_1_28' title="bbox 137 1441 1769 1522">
     <span class='ocr_line' id='line_1_28' title="bbox 137 1441 1769 1522; baseline -0.001 -21"><span class='ocrx_word' id='word_1_189' title='bbox 137 1449 234 1511; x_wconf 77' lang='grc' dir='ltr'>τῆς</span> <span class='ocrx_word' id='word_1_190' title='bbox 289 1443 584 1508; x_wconf 79' lang='grc' dir='ltr'>ἐνστάσεως</span> <span class='ocrx_word' id='word_1_191' title='bbox 620 1459 635 1474; x_wconf 86' lang='grc'><strong><em>⁸</em></strong></span> <span class='ocrx_word' id='word_1_192' title='bbox 682 1444 756 1506; x_wconf 82' lang='grc' dir='ltr'>ὡς</span> <span class='ocrx_word' id='word_1_193' title='bbox 801 1441 856 1499; x_wconf 77' lang='grc' dir='ltr'><strong>δὲ</strong></span> <span class='ocrx_word' id='word_1_194' title='bbox 887 1442 1174 1522; x_wconf 71' lang='grc' dir='ltr'>ἀνέκραγεν</span> <span class='ocrx_word' id='word_1_195' title='bbox 1229 1444 1376 1507; x_wconf 71' lang='grc' dir='ltr'>εὒθὺς</span> <span class='ocrx_word' id='word_1_196' title='bbox 1423 1447 1457 1512; x_wconf 79' lang='grc' dir='ltr'><strong>ἡ</strong></span> <span class='ocrx_word' id='word_1_197' title='bbox 1506 1445 1720 1522; x_wconf 82' lang='grc' dir='ltr'>γενναία</span> <span class='ocrx_word' id='word_1_198' title='bbox 1755 1460 1769 1475; x_wconf 89' lang='grc'><strong><em>⁸</em></strong></span> 
     </span>
    </p>
   </div>
   <div class='ocr_carea' id='block_1_29' title="bbox 1916 1440 3497 1522">
    <p class='ocr_par' dir='ltr' id='par_1_29' title="bbox 1916 1440 3497 1508">
     <span class='ocr_line' id='line_1_29' title="bbox 1916 1440 3497 1508; baseline 0.007 -10"><span class='ocrx_word' id='word_1_199' title='bbox 1916 1449 1947 1501; x_wconf 51' lang='lat' dir='ltr'><strong>.t</strong></span> <span class='ocrx_word' id='word_1_200' title='bbox 1967 1443 2027 1502; x_wconf 91' lang='lat' dir='ltr'><strong>in</strong></span> <span class='ocrx_word' id='word_1_201' title='bbox 2048 1440 2641 1503; x_wconf 88' lang='lat' dir='ltr'><strong>custodiam.Deinde</strong></span> <span class='ocrx_word' id='word_1_202' title='bbox 2659 1460 2794 1502; x_wconf 90' lang='lat' dir='ltr'><strong>cum</strong></span> <span class='ocrx_word' id='word_1_203' title='bbox 2811 1461 2940 1504; x_wconf 90' lang='lat' dir='ltr'><strong>eam</strong></span> <span class='ocrx_word' id='word_1_204' title='bbox 2966 1453 3142 1506; x_wconf 82' lang='lat' dir='ltr'><strong>noctu</strong></span> <span class='ocrx_word' id='word_1_205' title='bbox 3167 1462 3372 1508; x_wconf 83' lang='lat' dir='ltr'><strong>rursus</strong></span> <span class='ocrx_word' id='word_1_206' title='bbox 3391 1465 3497 1508; x_wconf 88' lang='lat' dir='ltr'><strong>ac-</strong></span> 
     </span>
    </p>
   </div>
   <div class='ocr_carea' id='block_1_30' title="bbox 141 1531 1769 1621">
    <p class='ocr_par' dir='ltr' id='par_1_30' title="bbox 141 1531 1769 1611">
     <span class='ocr_line' id='line_1_30' title="bbox 141 1531 1769 1611; baseline -0.003 -18"><span class='ocrx_word' id='word_1_207' title='bbox 141 1537 211 1593; x_wconf 75' lang='grc' dir='ltr'><strong>Οὗ</strong></span> <span class='ocrx_word' id='word_1_208' title='bbox 251 1536 396 1591; x_wconf 82' lang='grc' dir='ltr'>θύσω</span> <span class='ocrx_word' id='word_1_209' title='bbox 438 1531 700 1606; x_wconf 76' lang='grc' dir='ltr'><strong>εἰδώλοις,</strong></span> <span class='ocrx_word' id='word_1_210' title='bbox 747 1535 808 1590; x_wconf 79' lang='grc' dir='ltr'>ού</span> <span class='ocrx_word' id='word_1_211' title='bbox 859 1535 1212 1611; x_wconf 71' lang='grc' dir='ltr'><strong>προσκυνήσω</strong></span> <span class='ocrx_word' id='word_1_212' title='bbox 1271 1533 1534 1611; x_wconf 79' lang='grc' dir='ltr'>γλυπτοῖς</span> <span class='ocrx_word' id='word_1_213' title='bbox 1563 1549 1577 1564; x_wconf 86' lang='grc'>⁶</span> <span class='ocrx_word' id='word_1_214' title='bbox 1640 1540 1769 1596; x_wconf 84' lang='grc' dir='ltr'>Χρι-</span> 
     </span>
    </p>
   </div>
   <div class='ocr_carea' id='block_1_31' title="bbox 1916 1531 3496 1621">
    <p class='ocr_par' dir='ltr' id='par_1_31' title="bbox 1916 1533 3496 1621">
     <span class='ocr_line' id='line_1_31' title="bbox 1916 1533 3496 1621; baseline 0.005 -27"><span class='ocrx_word' id='word_1_215' title='bbox 1916 1533 2474 1600; x_wconf 65' lang='lat' dir='ltr'><strong>arsivissetJ‘aciebat</strong></span> <span class='ocrx_word' id='word_1_216' title='bbox 2497 1533 2993 1614; x_wconf 72' lang='lat' dir='ltr'><strong>periculummum</strong></span> <span class='ocrx_word' id='word_1_217' title='bbox 3016 1545 3252 1619; x_wconf 85' lang='lat' dir='ltr'><strong>tempus</strong></span> <span class='ocrx_word' id='word_1_218' title='bbox 3273 1540 3496 1621; x_wconf 89' lang='lat' dir='ltr'><strong>aliquid</strong></span> 
     </span>
    </p>
   </div>
   <div class='ocr_carea' id='block_1_32' title="bbox 140 1621 1769 1706">
    <p class='ocr_par' dir='ltr' id='par_1_32' title="bbox 140 1621 1769 1701">
     <span class='ocr_line' id='line_1_32' title="bbox 140 1621 1769 1701; baseline -0.001 -21"><span class='ocrx_word' id='word_1_219' title='bbox 140 1625 260 1680; x_wconf 76' lang='grc' dir='ltr'>στὸν</span> <span class='ocrx_word' id='word_1_220' title='bbox 296 1623 461 1698; x_wconf 83' lang='grc' dir='ltr'>μόνον</span> <span class='ocrx_word' id='word_1_221' title='bbox 491 1625 794 1700; x_wconf 84' lang='grc' dir='ltr'>προσκυνῶ,</span> <span class='ocrx_word' id='word_1_222' title='bbox 830 1624 1058 1701; x_wconf 72' lang='grc' dir='ltr'>Χριστὸν</span> <span class='ocrx_word' id='word_1_223' title='bbox 1109 1621 1332 1698; x_wconf 82' lang='grc' dir='ltr'>σέϐομαι</span> <span class='ocrx_word' id='word_1_224' title='bbox 1364 1639 1379 1656; x_wconf 90' lang='grc'><strong>·</strong></span> <span class='ocrx_word' id='word_1_225' title='bbox 1443 1625 1559 1680; x_wconf 58' lang='grc' dir='ltr'>ἐπεὶ</span> <span class='ocrx_word' id='word_1_226' title='bbox 1601 1623 1769 1679; x_wconf 81' lang='grc' dir='ltr'>πάντα</span> 
     </span>
    </p>
   </div>
   <div class='ocr_carea' id='block_1_33' title="bbox 1916 1621 3496 1706">
    <p class='ocr_par' dir='ltr' id='par_1_33' title="bbox 1916 1623 3496 1706">
     <span class='ocr_line' id='line_1_33' title="bbox 1916 1623 3496 1706; baseline 0.004 -21"><span class='ocrx_word' id='word_1_227' title='bbox 1916 1623 2219 1686; x_wconf 67' lang='lat' dir='ltr'><strong>atraxisset</strong></span> <span class='ocrx_word' id='word_1_228' title='bbox 2241 1625 2314 1685; x_wconf 87' lang='lat' dir='ltr'><strong>de</strong></span> <span class='ocrx_word' id='word_1_229' title='bbox 2338 1625 2466 1704; x_wconf 87' lang='lat' dir='ltr'><strong>ejus</strong></span> <span class='ocrx_word' id='word_1_230' title='bbox 2484 1623 3168 1706; x_wconf 80' lang='lat' dir='ltr'><strong>constantia.Postquam</strong></span> <span class='ocrx_word' id='word_1_231' title='bbox 3194 1647 3334 1691; x_wconf 88' lang='lat' dir='ltr'><strong>vero</strong></span> <span class='ocrx_word' id='word_1_232' title='bbox 3359 1649 3496 1695; x_wconf 42' lang='lat' dir='ltr'><strong>rurs</strong></span> 
     </span>
    </p>
   </div>
   <div class='ocr_carea' id='block_1_34' title="bbox 139 1709 1769 1794">
    <p class='ocr_par' dir='ltr' id='par_1_34' title="bbox 139 1710 1769 1792">
     <span class='ocr_line' id='line_1_34' title="bbox 139 1710 1769 1792; baseline 0 -25"><span class='ocrx_word' id='word_1_233' title='bbox 139 1711 386 1790; x_wconf 77' lang='grc' dir='ltr'>ἄπρακτα</span> <span class='ocrx_word' id='word_1_234' title='bbox 446 1710 575 1790; x_wconf 88' lang='grc' dir='ltr'>παρ’</span> <span class='ocrx_word' id='word_1_235' title='bbox 637 1711 772 1788; x_wconf 68' lang='grc' dir='ltr'><strong>αὒτῇ</strong></span> <span class='ocrx_word' id='word_1_236' title='bbox 841 1712 928 1768; x_wconf 87' lang='grc' dir='ltr'><strong>καὶ</strong></span> <span class='ocrx_word' id='word_1_237' title='bbox 971 1710 1254 1774; x_wconf 74' lang='grc' dir='ltr'>κολακείας</span> <span class='ocrx_word' id='word_1_238' title='bbox 1299 1713 1440 1792; x_wconf 79' lang='grc' dir='ltr'>ἑώρα</span> <span class='ocrx_word' id='word_1_239' title='bbox 1483 1714 1570 1768; x_wconf 83' lang='grc' dir='ltr'>καὶ</span> <span class='ocrx_word' id='word_1_240' title='bbox 1613 1713 1769 1768; x_wconf 82' lang='grc' dir='ltr'>ἀπει-</span> 
     </span>
    </p>
   </div>
   <div class='ocr_carea' id='block_1_35' title="bbox 1916 1709 3499 1794">
    <p class='ocr_par' dir='ltr' id='par_1_35' title="bbox 1916 1717 3499 1794">
     <span class='ocr_line' id='line_1_35' title="bbox 1916 1717 3499 1794; baseline 0.004 -16"><span class='ocrx_word' id='word_1_241' title='bbox 1916 1735 1961 1779; x_wconf 84' lang='lat' dir='ltr'><strong>is</strong></span> <span class='ocrx_word' id='word_1_242' title='bbox 1983 1717 2335 1779; x_wconf 75' lang='lat' dir='ltr'><strong>exclamavit</strong></span> <span class='ocrx_word' id='word_1_243' title='bbox 2355 1717 2808 1794; x_wconf 78' lang='lat' dir='ltr'><strong>generosazNon</strong></span> <span class='ocrx_word' id='word_1_244' title='bbox 2830 1720 3367 1784; x_wconf 82' lang='lat' dir='ltr'><strong>sacriﬁcaboidolis</strong></span> <span class='ocrx_word' id='word_1_245' title='bbox 3382 1743 3499 1785; x_wconf 87' lang='lat' dir='ltr'><strong>non</strong></span> 
     </span>
    </p>
   </div>
   <div class='ocr_carea' id='block_1_36' title="bbox 141 1798 1769 1883">
    <p class='ocr_par' dir='ltr' id='par_1_36' title="bbox 141 1798 1769 1882">
     <span class='ocr_line' id='line_1_36' title="bbox 141 1798 1769 1882; baseline -0.001 -24"><span class='ocrx_word' id='word_1_246' title='bbox 141 1802 257 1876; x_wconf 77' lang='grc' dir='ltr'>λὰς,</span> <span class='ocrx_word' id='word_1_247' title='bbox 323 1801 411 1858; x_wconf 83' lang='grc' dir='ltr'><strong>ἐπὶ</strong></span> <span class='ocrx_word' id='word_1_248' title='bbox 470 1803 570 1869; x_wconf 74' lang='grc' dir='ltr'>τὴν</span> <span class='ocrx_word' id='word_1_249' title='bbox 629 1815 822 1878; x_wconf 82' lang='grc' dir='ltr'>πεῖραν</span> <span class='ocrx_word' id='word_1_250' title='bbox 851 1808 958 1858; x_wconf 79' lang='grc' dir='ltr'>τῶν</span> <span class='ocrx_word' id='word_1_251' title='bbox 999 1799 1183 1858; x_wconf 81' lang='grc' dir='ltr'>δεινῶν</span> <span class='ocrx_word' id='word_1_252' title='bbox 1217 1802 1414 1882; x_wconf 84' lang='grc' dir='ltr'>ἐχώρει</span> <span class='ocrx_word' id='word_1_253' title='bbox 1443 1798 1530 1859; x_wconf 81' lang='grc' dir='ltr'>καὶ</span> <span class='ocrx_word' id='word_1_254' title='bbox 1565 1800 1769 1879; x_wconf 79' lang='grc' dir='ltr'>πληγὰς</span> 
     </span>
    </p>
   </div>
   <div class='ocr_carea' id='block_1_37' title="bbox 1916 1798 3501 1883">
    <p class='ocr_par' dir='ltr' id='par_1_37' title="bbox 1916 1810 3501 1883">
     <span class='ocr_line' id='line_1_37' title="bbox 1916 1810 3501 1883; baseline 0.004 -17"><span class='ocrx_word' id='word_1_255' title='bbox 1916 1810 2118 1868; x_wconf 88' lang='lat' dir='ltr'><strong>lorabo</strong></span> <span class='ocrx_word' id='word_1_256' title='bbox 2141 1810 2455 1880; x_wconf 82' lang='lat' dir='ltr'><strong>sculptilis:</strong></span> <span class='ocrx_word' id='word_1_257' title='bbox 2481 1811 2768 1868; x_wconf 86' lang='lat' dir='ltr'><strong>Christum</strong></span> <span class='ocrx_word' id='word_1_258' title='bbox 2795 1813 2981 1869; x_wconf 91' lang='lat' dir='ltr'><strong>solum</strong></span> <span class='ocrx_word' id='word_1_259' title='bbox 3001 1814 3283 1883; x_wconf 87' lang='lat' dir='ltr'><strong>adoro,Cb</strong></span> <span class='ocrx_word' id='word_1_260' title='bbox 3295 1816 3501 1874; x_wconf 88' lang='lat' dir='ltr'><strong>ristum</strong></span> 
     </span>
    </p>
   </div>
   <div class='ocr_carea' id='block_1_38' title="bbox 143 1888 1769 1974">
    <p class='ocr_par' dir='ltr' id='par_1_38' title="bbox 143 1888 1769 1970">
     <span class='ocr_line' id='line_1_38' title="bbox 143 1888 1769 1970; baseline -0.002 -22"><span class='ocrx_word' id='word_1_261' title='bbox 143 1890 400 1969; x_wconf 79' lang='grc' dir='ltr'>ἐντείνας,</span> <span class='ocrx_word' id='word_1_262' title='bbox 439 1892 544 1970; x_wconf 76' lang='grc' dir='ltr'><strong>οὐχ</strong></span> <span class='ocrx_word' id='word_1_263' title='bbox 571 1890 700 1953; x_wconf 80' lang='grc' dir='ltr'>ὅσας</span> <span class='ocrx_word' id='word_1_264' title='bbox 734 1891 796 1948; x_wconf 87' lang='grc' dir='ltr'><strong>ἃν</strong></span> <span class='ocrx_word' id='word_1_265' title='bbox 826 1889 972 1957; x_wconf 80' lang='grc' dir='ltr'>ἔλεος</span> <span class='ocrx_word' id='word_1_266' title='bbox 1001 1891 1266 1969; x_wconf 82' lang='grc' dir='ltr'>ἐμέτρησε</span> <span class='ocrx_word' id='word_1_267' title='bbox 1316 1897 1609 1970; x_wconf 83' lang='grc' dir='ltr'>πατρικῶς,</span> <span class='ocrx_word' id='word_1_268' title='bbox 1657 1888 1769 1946; x_wconf 72' lang='grc' dir='ltr'>ἀλλ’</span> 
     </span>
    </p>
   </div>
   <div class='ocr_carea' id='block_1_39' title="bbox 1916 1888 3502 1974">
    <p class='ocr_par' dir='ltr' id='par_1_39' title="bbox 1916 1894 3502 1974">
     <span class='ocr_line' id='line_1_39' title="bbox 1916 1894 3502 1974; baseline 0.004 -17"><span class='ocrx_word' id='word_1_269' title='bbox 1916 1897 2020 1957; x_wconf 77' lang='lat' dir='ltr'><strong>ilo:</strong></span> <span class='ocrx_word' id='word_1_270' title='bbox 2051 1895 2155 1958; x_wconf 91' lang='lat' dir='ltr'><strong>ubi</strong></span> <span class='ocrx_word' id='word_1_271' title='bbox 2182 1894 2495 1974; x_wconf 75' lang='lat' dir='ltr'><strong>\iditapud</strong></span> <span class='ocrx_word' id='word_1_272' title='bbox 2521 1913 2651 1957; x_wconf 90' lang='lat' dir='ltr'><strong>eam</strong></span> <span class='ocrx_word' id='word_1_273' title='bbox 2672 1897 2820 1957; x_wconf 90' lang='lat' dir='ltr'><strong>nihil</strong></span> <span class='ocrx_word' id='word_1_274' title='bbox 2845 1897 3088 1960; x_wconf 83' lang='lat' dir='ltr'><strong>efﬁcere</strong></span> <span class='ocrx_word' id='word_1_275' title='bbox 3111 1899 3423 1963; x_wconf 88' lang='lat' dir='ltr'><strong>blanditias</strong></span> <span class='ocrx_word' id='word_1_276' title='bbox 3443 1909 3502 1963; x_wconf 86' lang='lat' dir='ltr'><strong>et</strong></span> 
     </span>
    </p>
   </div>
   <div class='ocr_carea' id='block_1_40' title="bbox 142 1979 1769 2062">
    <p class='ocr_par' dir='ltr' id='par_1_40' title="bbox 142 1979 1769 2060">
     <span class='ocr_line' id='line_1_40' title="bbox 142 1979 1769 2060; baseline -0.001 -24"><span class='ocrx_word' id='word_1_277' title='bbox 142 1979 267 2046; x_wconf 83' lang='grc' dir='ltr'>ὅσας</span> <span class='ocrx_word' id='word_1_278' title='bbox 341 1980 410 2046; x_wconf 82' lang='grc' dir='ltr'><strong>ἧν</strong></span> <span class='ocrx_word' id='word_1_279' title='bbox 453 1979 658 2038; x_wconf 78' lang='grc' dir='ltr'>οἰδῶντι</span> <span class='ocrx_word' id='word_1_280' title='bbox 723 1983 872 2053; x_wconf 80' lang='grc' dir='ltr'>θυμῷ</span> <span class='ocrx_word' id='word_1_281' title='bbox 932 1981 1252 2060; x_wconf 84' lang='grc' dir='ltr'>χαρίσασθαι</span> <span class='ocrx_word' id='word_1_282' title='bbox 1287 1996 1300 2011; x_wconf 85' lang='grc'><strong><em>⁸</em></strong></span> <span class='ocrx_word' id='word_1_283' title='bbox 1363 1981 1488 2036; x_wconf 75' lang='grc' dir='ltr'>εἶτα</span> <span class='ocrx_word' id='word_1_284' title='bbox 1545 1981 1633 2036; x_wconf 85' lang='grc' dir='ltr'><strong>καὶ</strong></span> <span class='ocrx_word' id='word_1_285' title='bbox 1701 1985 1769 2054; x_wconf 75' lang='grc' dir='ltr'>τῷ</span> 
     </span>
    </p>
   </div>
   <div class='ocr_carea' id='block_1_41' title="bbox 1916 1979 3500 2062">
    <p class='ocr_par' dir='ltr' id='par_1_41' title="bbox 1916 1985 3500 2062">
     <span class='ocr_line' id='line_1_41' title="bbox 1916 1985 3500 2062; baseline 0.004 -21"><span class='ocrx_word' id='word_1_286' title='bbox 1916 1986 2330 2053; x_wconf 54' lang='lat' dir='ltr'><strong>.inas,accessit</strong></span> <span class='ocrx_word' id='word_1_287' title='bbox 2345 1988 2412 2042; x_wconf 88' lang='lat' dir='ltr'><strong>ad</strong></span> <span class='ocrx_word' id='word_1_288' title='bbox 2437 1985 2879 2057; x_wconf 87' lang='lat' dir='ltr'><strong>periclitandum</strong></span> <span class='ocrx_word' id='word_1_289' title='bbox 2899 2001 2963 2045; x_wconf 88' lang='lat' dir='ltr'><strong>ea</strong></span> <span class='ocrx_word' id='word_1_290' title='bbox 2979 2003 3108 2060; x_wconf 67' lang='lat' dir='ltr'><strong>quae</strong></span> <span class='ocrx_word' id='word_1_291' title='bbox 3125 1999 3258 2047; x_wconf 89' lang='lat' dir='ltr'><strong>sunt</strong></span> <span class='ocrx_word' id='word_1_292' title='bbox 3281 1994 3500 2062; x_wconf 80' lang='lat' dir='ltr'><strong>gravia:</strong></span> 
     </span>
    </p>
   </div>
   <div class='ocr_carea' id='block_1_42' title="bbox 142 2066 1769 2149">
    <p class='ocr_par' dir='ltr' id='par_1_42' title="bbox 142 2067 1769 2149">
     <span class='ocr_line' id='line_1_42' title="bbox 142 2067 1769 2149; baseline -0.001 -23"><span class='ocrx_word' id='word_1_293' title='bbox 142 2074 415 2148; x_wconf 74' lang='grc' dir='ltr'>μνηστῆρι</span> <span class='ocrx_word' id='word_1_294' title='bbox 461 2071 628 2137; x_wconf 70' lang='grc' dir='ltr'>αὐτὴν</span> <span class='ocrx_word' id='word_1_295' title='bbox 672 2067 969 2149; x_wconf 70' lang='grc' dir='ltr'>ἐκδίδωσιν,</span> <span class='ocrx_word' id='word_1_296' title='bbox 1016 2071 1090 2133; x_wconf 80' lang='grc' dir='ltr'>ὡς</span> <span class='ocrx_word' id='word_1_297' title='bbox 1134 2072 1342 2133; x_wconf 70' lang='grc' dir='ltr'>ἐκεῖνος</span> <span class='ocrx_word' id='word_1_298' title='bbox 1387 2070 1450 2127; x_wconf 81' lang='grc' dir='ltr'><strong>ἃν</strong></span> <span class='ocrx_word' id='word_1_299' title='bbox 1493 2068 1769 2146; x_wconf 82' lang='grc' dir='ltr'>βουληθείη</span> 
     </span>
    </p>
   </div>
   <div class='ocr_carea' id='block_1_43' title="bbox 1916 2066 3504 2149">
    <p class='ocr_par' dir='ltr' id='par_1_43' title="bbox 1916 2066 3504 2149">
     <span class='ocr_line' id='line_1_43' title="bbox 1916 2066 3504 2149; baseline 0.004 -22"><span class='ocrx_word' id='word_1_300' title='bbox 1916 2086 2077 2129; x_wconf 90' lang='lat' dir='ltr'><strong>.cum</strong></span> <span class='ocrx_word' id='word_1_301' title='bbox 2098 2067 2298 2148; x_wconf 78' lang='lat' dir='ltr'><strong>plagas</strong></span> <span class='ocrx_word' id='word_1_302' title='bbox 2319 2066 2791 2141; x_wconf 82' lang='lat' dir='ltr'><strong>inﬂixisset,non</strong></span> <span class='ocrx_word' id='word_1_303' title='bbox 2807 2087 2953 2148; x_wconf 89' lang='lat' dir='ltr'><strong>quas</strong></span> <span class='ocrx_word' id='word_1_304' title='bbox 2968 2079 3211 2149; x_wconf 90' lang='lat' dir='ltr'><strong>paterna</strong></span> <span class='ocrx_word' id='word_1_305' title='bbox 3233 2071 3504 2134; x_wconf 88' lang='lat' dir='ltr'><strong>dimensa</strong></span> 
     </span>
    </p>
   </div>
   <div class='ocr_carea' id='block_1_44' title="bbox 142 2161 401 2236">
    <p class='ocr_par' dir='ltr' id='par_1_44' title="bbox 142 2161 401 2236">
     <span class='ocr_line' id='line_1_44' title="bbox 142 2161 401 2236; baseline 0.008 -24"><span class='ocrx_word' id='word_1_306' title='bbox 142 2161 401 2236; x_wconf 73' lang='grc' dir='ltr'>χρῆσθαι.</span> 
     </span>
    </p>
   </div>
   <div class='ocr_carea' id='block_1_45' title="bbox 219 2333 1778 2418">
    <p class='ocr_par' dir='ltr' id='par_1_45' title="bbox 219 2333 1778 2418">
     <span class='ocr_line' id='line_1_45' title="bbox 219 2333 1778 2418; baseline 0 -24"><span class='ocrx_word' id='word_1_307' title='bbox 219 2335 315 2400; x_wconf 70' lang='grc' dir='ltr'>ιε’,</span> <span class='ocrx_word' id='word_1_308' title='bbox 376 2333 527 2394; x_wconf 76' lang='grc' dir='ltr'>Ἐπεὶ</span> <span class='ocrx_word' id='word_1_309' title='bbox 585 2337 758 2396; x_wconf 84' lang='grc' dir='ltr'>τοίνυν</span> <span class='ocrx_word' id='word_1_310' title='bbox 811 2343 889 2412; x_wconf 82' lang='grc' dir='ltr'>τῷ</span> <span class='ocrx_word' id='word_1_311' title='bbox 952 2335 1350 2416; x_wconf 76' lang='grc' dir='ltr'>παρεωραμένῳ</span> <span class='ocrx_word' id='word_1_312' title='bbox 1405 2335 1610 2418; x_wconf 72' lang='grc' dir='ltr'>νυμφίῳ</span> <span class='ocrx_word' id='word_1_313' title='bbox 1679 2337 1778 2406; x_wconf 76' lang='grc' dir='ltr'><strong>τὴν</strong></span> 
     </span>
    </p>
   </div>
   <div class='ocr_carea' id='block_1_46' title="bbox 139 2425 1778 2507">
    <p class='ocr_par' dir='ltr' id='par_1_46' title="bbox 139 2425 1778 2507">
     <span class='ocr_line' id='line_1_46' title="bbox 139 2425 1778 2507; baseline 0 -23"><span class='ocrx_word' id='word_1_314' title='bbox 139 2432 460 2506; x_wconf 67' lang='grc' dir='ltr'>παρσρῶσαν</span> <span class='ocrx_word' id='word_1_315' title='bbox 502 2427 736 2507; x_wconf 78' lang='grc' dir='ltr'>νύμφην,</span> <span class='ocrx_word' id='word_1_316' title='bbox 780 2427 930 2499; x_wconf 66' lang='grc' dir='ltr'>ἐξῆν,</span> <span class='ocrx_word' id='word_1_317' title='bbox 984 2427 1079 2483; x_wconf 69' lang='grc' dir='ltr'>ἅτε</span> <span class='ocrx_word' id='word_1_318' title='bbox 1109 2425 1164 2483; x_wconf 80' lang='grc' dir='ltr'><strong>δὲ</strong></span> <span class='ocrx_word' id='word_1_319' title='bbox 1193 2428 1282 2484; x_wconf 85' lang='grc' dir='ltr'><strong>καὶ</strong></span> <span class='ocrx_word' id='word_1_320' title='bbox 1313 2427 1494 2506; x_wconf 76' lang='grc' dir='ltr'>ἀρχῆς</span> <span class='ocrx_word' id='word_1_321' title='bbox 1525 2428 1778 2495; x_wconf 78' lang='grc' dir='ltr'>τοιαύτης</span> 
     </span>
    </p>
   </div>
   <div class='ocr_carea' id='block_1_47' title="bbox 141 2515 1778 2596">
    <p class='ocr_par' dir='ltr' id='par_1_47' title="bbox 141 2515 1778 2596">
     <span class='ocr_line' id='line_1_47' title="bbox 141 2515 1778 2596; baseline -0.001 -23"><span class='ocrx_word' id='word_1_322' title='bbox 141 2515 528 2596; x_wconf 78' lang='grc' dir='ltr'>ἐπελημμιίνῳ,</span> <span class='ocrx_word' id='word_1_323' title='bbox 575 2517 833 2596; x_wconf 71' lang='grc' dir='ltr'>πρότερον</span> <span class='ocrx_word' id='word_1_324' title='bbox 885 2516 985 2592; x_wconf 78' lang='grc' dir='ltr'>μὲν</span> <span class='ocrx_word' id='word_1_325' title='bbox 1015 2515 1168 2580; x_wconf 79' lang='grc' dir='ltr'>οὗτος</span> <span class='ocrx_word' id='word_1_326' title='bbox 1199 2515 1455 2595; x_wconf 76' lang='grc' dir='ltr'>ἐσφάδαξε</span> <span class='ocrx_word' id='word_1_327' title='bbox 1487 2524 1564 2579; x_wconf 83' lang='grc' dir='ltr'><strong>τῶ</strong></span> <span class='ocrx_word' id='word_1_328' title='bbox 1605 2521 1778 2594; x_wconf 86' lang='grc' dir='ltr'>θυμῷ,</span> 
     </span>
    </p>
   </div>
   <div class='ocr_carea' id='block_1_48' title="bbox 138 2605 1784 2683">
    <p class='ocr_par' dir='ltr' id='par_1_48' title="bbox 138 2605 1784 2683">
     <span class='ocr_line' id='line_1_48' title="bbox 138 2605 1784 2683; baseline -0.001 -21"><span class='ocrx_word' id='word_1_329' title='bbox 138 2607 224 2662; x_wconf 80' lang='grc' dir='ltr'>καὶ</span> <span class='ocrx_word' id='word_1_330' title='bbox 268 2607 392 2670; x_wconf 82' lang='grc' dir='ltr'>τοὺς</span> <span class='ocrx_word' id='word_1_331' title='bbox 433 2605 651 2669; x_wconf 82' lang='grc' dir='ltr'>ὀδόντας</span> <span class='ocrx_word' id='word_1_332' title='bbox 680 2608 934 2683; x_wconf 78' lang='grc' dir='ltr'>ὑπέπριεν</span> <span class='ocrx_word' id='word_1_333' title='bbox 972 2621 986 2636; x_wconf 87' lang='grc'>⁶</span> <span class='ocrx_word' id='word_1_334' title='bbox 1045 2609 1118 2672; x_wconf 81' lang='grc' dir='ltr'>ὡς</span> <span class='ocrx_word' id='word_1_335' title='bbox 1144 2605 1196 2662; x_wconf 76' lang='grc' dir='ltr'>δὲ</span> <span class='ocrx_word' id='word_1_336' title='bbox 1243 2607 1330 2663; x_wconf 84' lang='grc' dir='ltr'><strong>καὶ</strong></span> <span class='ocrx_word' id='word_1_337' title='bbox 1363 2607 1494 2683; x_wconf 85' lang='grc' dir='ltr'>πρὸς</span> <span class='ocrx_word' id='word_1_338' title='bbox 1537 2608 1600 2662; x_wconf 84' lang='grc' dir='ltr'>τὸ</span> <span class='ocrx_word' id='word_1_339' title='bbox 1633 2606 1784 2682; x_wconf 75' lang='grc' dir='ltr'>βῆμα</span> 
     </span>
    </p>
   </div>
   <div class='ocr_carea' id='block_1_49' title="bbox 138 2693 1784 2772">
    <p class='ocr_par' dir='ltr' id='par_1_49' title="bbox 138 2693 1784 2772">
     <span class='ocr_line' id='line_1_49' title="bbox 138 2693 1784 2772; baseline 0.001 -21"><span class='ocrx_word' id='word_1_340' title='bbox 138 2694 394 2771; x_wconf 69' lang='grc' dir='ltr'>ἠπείγετο</span> <span class='ocrx_word' id='word_1_341' title='bbox 439 2697 526 2752; x_wconf 80' lang='grc' dir='ltr'><strong>καὶ</strong></span> <span class='ocrx_word' id='word_1_342' title='bbox 569 2702 646 2768; x_wconf 83' lang='grc' dir='ltr'>τῷ</span> <span class='ocrx_word' id='word_1_343' title='bbox 705 2693 1025 2772; x_wconf 82' lang='grc' dir='ltr'>περικαλλεῖ</span> <span class='ocrx_word' id='word_1_344' title='bbox 1073 2696 1172 2764; x_wconf 78' lang='grc' dir='ltr'><strong>τῆς</strong></span> <span class='ocrx_word' id='word_1_345' title='bbox 1217 2694 1394 2770; x_wconf 73' lang='grc' dir='ltr'>ὄψεως</span> <span class='ocrx_word' id='word_1_346' title='bbox 1450 2695 1663 2752; x_wconf 83' lang='grc' dir='ltr'>πάντων</span> <span class='ocrx_word' id='word_1_347' title='bbox 1708 2697 1784 2758; x_wconf 82' lang='grc' dir='ltr'>εἷς</span> 
     </span>
    </p>
   </div>
   <div class='ocr_carea' id='block_1_50' title="bbox 139 2784 1785 2864">
    <p class='ocr_par' dir='ltr' id='par_1_50' title="bbox 139 2784 1785 2864">
     <span class='ocr_line' id='line_1_50' title="bbox 139 2784 1785 2864; baseline 0.001 -24"><span class='ocrx_word' id='word_1_348' title='bbox 139 2785 338 2851; x_wconf 79' lang='grc' dir='ltr'>ἑαυτὴν</span> <span class='ocrx_word' id='word_1_349' title='bbox 397 2784 576 2841; x_wconf 82' lang='grc' dir='ltr'>ἐκάλει</span> <span class='ocrx_word' id='word_1_350' title='bbox 618 2785 739 2850; x_wconf 78' lang='grc' dir='ltr'>τοὺς</span> <span class='ocrx_word' id='word_1_351' title='bbox 783 2785 1112 2864; x_wconf 74' lang='grc' dir='ltr'>ὀφθαλμοὺς,</span> <span class='ocrx_word' id='word_1_352' title='bbox 1151 2784 1476 2861; x_wconf 80' lang='grc' dir='ltr'>ἁμυλύνεται</span> <span class='ocrx_word' id='word_1_353' title='bbox 1534 2785 1785 2850; x_wconf 77' lang='grc' dir='ltr'>κάκεῖνος</span> 
     </span>
    </p>
   </div>
   <div class='ocr_carea' id='block_1_51' title="bbox 139 2874 1784 2953">
    <p class='ocr_par' dir='ltr' id='par_1_51' title="bbox 139 2874 1784 2953">
     <span class='ocr_line' id='line_1_51' title="bbox 139 2874 1784 2953; baseline 0.001 -23"><span class='ocrx_word' id='word_1_354' title='bbox 139 2881 204 2951; x_wconf 77' lang='grc' dir='ltr'><strong>τῇ</strong></span> <span class='ocrx_word' id='word_1_355' title='bbox 231 2880 418 2952; x_wconf 74' lang='grc' dir='ltr'>μορφῇ</span> <span class='ocrx_word' id='word_1_356' title='bbox 447 2874 547 2942; x_wconf 77' lang='grc' dir='ltr'><strong>τὴν</strong></span> <span class='ocrx_word' id='word_1_357' title='bbox 593 2875 780 2953; x_wconf 77' lang='grc' dir='ltr'>ὀργὴν,</span> <span class='ocrx_word' id='word_1_358' title='bbox 829 2876 916 2931; x_wconf 81' lang='grc' dir='ltr'><strong>καὶ</strong></span> <span class='ocrx_word' id='word_1_359' title='bbox 947 2877 982 2943; x_wconf 79' lang='grc' dir='ltr'>ἡ</span> <span class='ocrx_word' id='word_1_360' title='bbox 1017 2875 1267 2950; x_wconf 86' lang='grc' dir='ltr'>ἐπιθυμία</span> <span class='ocrx_word' id='word_1_361' title='bbox 1298 2877 1389 2931; x_wconf 85' lang='grc' dir='ltr'>τὸν</span> <span class='ocrx_word' id='word_1_362' title='bbox 1431 2876 1594 2949; x_wconf 66' lang='grc' dir='ltr'>θυμὸν</span> <span class='ocrx_word' id='word_1_363' title='bbox 1644 2874 1784 2948; x_wconf 69' lang='grc' dir='ltr'><strong>ἦμέ-</strong></span> 
     </span>
    </p>
   </div>
   <div class='ocr_carea' id='block_1_52' title="bbox 142 2957 1783 3040">
    <p class='ocr_par' dir='ltr' id='par_1_52' title="bbox 142 2957 1783 3040">
     <span class='ocr_line' id='line_1_52' title="bbox 142 2957 1783 3040; baseline 0 -21"><span class='ocrx_word' id='word_1_364' title='bbox 142 2985 255 3039; x_wconf 86' lang='grc' dir='ltr'>ρου,</span> <span class='ocrx_word' id='word_1_365' title='bbox 305 2965 396 3019; x_wconf 87' lang='grc' dir='ltr'>καὶ</span> <span class='ocrx_word' id='word_1_366' title='bbox 451 2963 632 3040; x_wconf 80' lang='grc' dir='ltr'>ὥσπερ</span> <span class='ocrx_word' id='word_1_367' title='bbox 680 2965 742 3022; x_wconf 75' lang='grc' dir='ltr'><strong>τὰ</strong></span> <span class='ocrx_word' id='word_1_368' title='bbox 786 2964 1003 3020; x_wconf 83' lang='grc' dir='ltr'>πάντων</span> <span class='ocrx_word' id='word_1_369' title='bbox 1045 2963 1302 3032; x_wconf 77' lang='grc' dir='ltr'>ἡδίστατά</span> <span class='ocrx_word' id='word_1_370' title='bbox 1357 2985 1414 3019; x_wconf 90' lang='grc' dir='ltr'><strong>τε</strong></span> <span class='ocrx_word' id='word_1_371' title='bbox 1459 2965 1548 3020; x_wconf 80' lang='grc' dir='ltr'><strong>καὶ</strong></span> <span class='ocrx_word' id='word_1_372' title='bbox 1601 2957 1783 3038; x_wconf 86' lang='grc' dir='ltr'>μαλα-</span> 
     </span>
    </p>
   </div>
   <div class='ocr_carea' id='block_1_53' title="bbox 1860 2156 3506 2240">
    <p class='ocr_par' dir='ltr' id='par_1_53' title="bbox 1860 2156 3506 2240">
     <span class='ocr_line' id='line_1_53' title="bbox 1860 2156 3506 2240; baseline 0.002 -20"><span class='ocrx_word' id='word_1_373' title='bbox 1860 2164 1951 2220; x_wconf 83' lang='lat' dir='ltr'><strong>est</strong></span> <span class='ocrx_word' id='word_1_374' title='bbox 1971 2156 2518 2232; x_wconf 86' lang='lat' dir='ltr'><strong>misericordia,sed</strong></span> <span class='ocrx_word' id='word_1_375' title='bbox 2543 2175 2688 2237; x_wconf 86' lang='lat' dir='ltr'><strong>quas</strong></span> <span class='ocrx_word' id='word_1_376' title='bbox 2712 2160 2965 2221; x_wconf 87' lang='lat' dir='ltr'><strong>tumenti</strong></span> <span class='ocrx_word' id='word_1_377' title='bbox 2989 2160 3189 2222; x_wconf 86' lang='lat' dir='ltr'><strong>animo</strong></span> <span class='ocrx_word' id='word_1_378' title='bbox 3213 2160 3506 2240; x_wconf 86' lang='lat' dir='ltr'><strong>largieba-</strong></span> 
     </span>
    </p>
   </div>
   <div class='ocr_carea' id='block_1_54' title="bbox 1863 2249 3501 2320">
    <p class='ocr_par' dir='ltr' id='par_1_54' title="bbox 1863 2249 3501 2320">
     <span class='ocr_line' id='line_1_54' title="bbox 1863 2249 3501 2320; baseline 0.002 -13"><span class='ocrx_word' id='word_1_379' title='bbox 1863 2249 2196 2314; x_wconf 86' lang='lat' dir='ltr'><strong>tur,deinde</strong></span> <span class='ocrx_word' id='word_1_380' title='bbox 2219 2264 2344 2307; x_wconf 81' lang='lat' dir='ltr'><strong>eam</strong></span> <span class='ocrx_word' id='word_1_381' title='bbox 2360 2249 2532 2307; x_wconf 87' lang='lat' dir='ltr'><strong>tradit</strong></span> <span class='ocrx_word' id='word_1_382' title='bbox 2553 2261 2858 2320; x_wconf 84' lang='lat' dir='ltr'><strong>sponso,ut</strong></span> <span class='ocrx_word' id='word_1_383' title='bbox 2881 2266 2944 2308; x_wconf 89' lang='lat' dir='ltr'><strong>ea</strong></span> <span class='ocrx_word' id='word_1_384' title='bbox 2968 2262 3229 2310; x_wconf 87' lang='lat' dir='ltr'><strong>uteretur</strong></span> <span class='ocrx_word' id='word_1_385' title='bbox 3247 2264 3308 2310; x_wconf 89' lang='lat' dir='ltr'><strong>ut</strong></span> <span class='ocrx_word' id='word_1_386' title='bbox 3331 2253 3501 2311; x_wconf 91' lang='lat' dir='ltr'><strong>volet.</strong></span> 
     </span>
    </p>
   </div>
   <div class='ocr_carea' id='block_1_55' title="bbox 1942 2334 3503 2416">
    <p class='ocr_par' dir='ltr' id='par_1_55' title="bbox 1942 2334 3503 2416">
     <span class='ocr_line' id='line_1_55' title="bbox 1942 2334 3503 2416; baseline 0.003 -18"><span class='ocrx_word' id='word_1_387' title='bbox 1942 2335 2011 2398; x_wconf 84' lang='lat' dir='ltr'><strong>V.</strong></span> <span class='ocrx_word' id='word_1_388' title='bbox 2043 2334 2187 2399; x_wconf 89' lang='lat' dir='ltr'><strong>Cum</strong></span> <span class='ocrx_word' id='word_1_389' title='bbox 2221 2353 2364 2413; x_wconf 88' lang='lat' dir='ltr'><strong>ergo</strong></span> <span class='ocrx_word' id='word_1_390' title='bbox 2397 2342 2740 2416; x_wconf 87' lang='lat' dir='ltr'><strong>contempto</strong></span> <span class='ocrx_word' id='word_1_391' title='bbox 2767 2354 2990 2415; x_wconf 90' lang='lat' dir='ltr'><strong>sponso</strong></span> <span class='ocrx_word' id='word_1_392' title='bbox 3016 2347 3503 2402; x_wconf 85' lang='lat' dir='ltr'><strong>contemnentem</strong></span> 
     </span>
    </p>
   </div>
   <div class='ocr_carea' id='block_1_56' title="bbox 1864 2425 3506 2510">
    <p class='ocr_par' dir='ltr' id='par_1_56' title="bbox 1864 2425 3506 2510">
     <span class='ocr_line' id='line_1_56' title="bbox 1864 2425 3506 2510; baseline 0.002 -24"><span class='ocrx_word' id='word_1_393' title='bbox 1864 2443 2143 2506; x_wconf 86' lang='lat' dir='ltr'><strong>sponsam</strong></span> <span class='ocrx_word' id='word_1_394' title='bbox 2176 2426 2388 2488; x_wconf 88' lang='lat' dir='ltr'><strong>liceret</strong></span> <span class='ocrx_word' id='word_1_395' title='bbox 2412 2425 2711 2504; x_wconf 83' lang='lat' dir='ltr'><strong>judicare,</strong></span> <span class='ocrx_word' id='word_1_396' title='bbox 2739 2426 2920 2506; x_wconf 79' lang='lat' dir='ltr'><strong>utqui</strong></span> <span class='ocrx_word' id='word_1_397' title='bbox 2941 2429 3116 2490; x_wconf 90' lang='lat' dir='ltr'><strong>talem</strong></span> <span class='ocrx_word' id='word_1_398' title='bbox 3141 2429 3506 2510; x_wconf 89' lang='lat' dir='ltr'><strong>suscepisset</strong></span> 
     </span>
    </p>
   </div>
   <div class='ocr_carea' id='block_1_57' title="bbox 1866 2514 3504 2595">
    <p class='ocr_par' dir='ltr' id='par_1_57' title="bbox 1866 2514 3504 2595">
     <span class='ocr_line' id='line_1_57' title="bbox 1866 2514 3504 2595; baseline 0.002 -20"><span class='ocrx_word' id='word_1_399' title='bbox 1866 2522 2295 2594; x_wconf 79' lang='lat' dir='ltr'><strong>magistratum,</strong></span> <span class='ocrx_word' id='word_1_400' title='bbox 2331 2514 2462 2595; x_wconf 89' lang='lat' dir='ltr'><strong>ipse</strong></span> <span class='ocrx_word' id='word_1_401' title='bbox 2491 2514 2734 2594; x_wconf 88' lang='lat' dir='ltr'><strong>quidem</strong></span> <span class='ocrx_word' id='word_1_402' title='bbox 2771 2515 2963 2595; x_wconf 84' lang='lat' dir='ltr'><strong>primo</strong></span> <span class='ocrx_word' id='word_1_403' title='bbox 2996 2517 3281 2579; x_wconf 72' lang='lat' dir='ltr'><strong>aestuabat</strong></span> <span class='ocrx_word' id='word_1_404' title='bbox 3301 2518 3504 2580; x_wconf 89' lang='lat' dir='ltr'><strong>animo</strong></span> 
     </span>
    </p>
   </div>
   <div class='ocr_carea' id='block_1_58' title="bbox 1868 2603 3505 2685">
    <p class='ocr_par' dir='ltr' id='par_1_58' title="bbox 1868 2603 3505 2685">
     <span class='ocr_line' id='line_1_58' title="bbox 1868 2603 3505 2685; baseline 0.002 -21"><span class='ocrx_word' id='word_1_405' title='bbox 1868 2612 1928 2665; x_wconf 88' lang='lat' dir='ltr'><strong>et</strong></span> <span class='ocrx_word' id='word_1_406' title='bbox 1955 2603 2247 2666; x_wconf 84' lang='lat' dir='ltr'><strong>stridebat</strong></span> <span class='ocrx_word' id='word_1_407' title='bbox 2278 2603 2912 2685; x_wconf 86' lang='lat' dir='ltr'><strong>dentibus.Postquam</strong></span> <span class='ocrx_word' id='word_1_408' title='bbox 2946 2615 3147 2668; x_wconf 89' lang='lat' dir='ltr'><strong>autem</strong></span> <span class='ocrx_word' id='word_1_409' title='bbox 3179 2624 3250 2669; x_wconf 85' lang='lat' dir='ltr'><strong>ea</strong></span> <span class='ocrx_word' id='word_1_410' title='bbox 3278 2607 3388 2669; x_wconf 83' lang='lat' dir='ltr'><strong>fuit</strong></span> <span class='ocrx_word' id='word_1_411' title='bbox 3417 2607 3505 2668; x_wconf 90' lang='lat' dir='ltr'><strong>in-</strong></span> 
     </span>
    </p>
   </div>
   <div class='ocr_carea' id='block_1_59' title="bbox 1868 2692 3505 2774">
    <p class='ocr_par' dir='ltr' id='par_1_59' title="bbox 1868 2692 3505 2774">
     <span class='ocr_line' id='line_1_59' title="bbox 1868 2692 3505 2774; baseline 0.002 -20"><span class='ocrx_word' id='word_1_412' title='bbox 1868 2693 2140 2754; x_wconf 84' lang='lat' dir='ltr'><strong>troducta</strong></span> <span class='ocrx_word' id='word_1_413' title='bbox 2176 2693 2271 2768; x_wconf 35' lang='lat' dir='ltr'><strong>,ad</strong></span> <span class='ocrx_word' id='word_1_414' title='bbox 2321 2692 2607 2764; x_wconf 89' lang='lat' dir='ltr'><strong>tribunal,</strong></span> <span class='ocrx_word' id='word_1_415' title='bbox 2671 2701 2729 2754; x_wconf 91' lang='lat' dir='ltr'><strong>et</strong></span> <span class='ocrx_word' id='word_1_416' title='bbox 2784 2694 2994 2755; x_wconf 65' lang='lat' dir='ltr'><strong>formas</strong></span> <span class='ocrx_word' id='word_1_417' title='bbox 3051 2694 3505 2774; x_wconf 85' lang='lat' dir='ltr'><strong>pulchritudine</strong></span> 
     </span>
    </p>
   </div>
   <div class='ocr_carea' id='block_1_60' title="bbox 1868 2781 3510 2866">
    <p class='ocr_par' dir='ltr' id='par_1_60' title="bbox 1868 2781 3510 2866">
     <span class='ocr_line' id='line_1_60' title="bbox 1868 2781 3510 2866; baseline 0.002 -23"><span class='ocrx_word' id='word_1_418' title='bbox 1868 2782 2137 2843; x_wconf 88' lang='lat' dir='ltr'><strong>omnium</strong></span> <span class='ocrx_word' id='word_1_419' title='bbox 2170 2781 2230 2842; x_wconf 92' lang='lat' dir='ltr'><strong>in</strong></span> <span class='ocrx_word' id='word_1_420' title='bbox 2254 2799 2320 2843; x_wconf 87' lang='lat' dir='ltr'><strong>se</strong></span> <span class='ocrx_word' id='word_1_421' title='bbox 2353 2781 2645 2844; x_wconf 84' lang='lat' dir='ltr'><strong>convertit</strong></span> <span class='ocrx_word' id='word_1_422' title='bbox 2673 2781 2904 2856; x_wconf 89' lang='lat' dir='ltr'><strong>oculos,</strong></span> <span class='ocrx_word' id='word_1_423' title='bbox 2941 2782 3104 2843; x_wconf 90' lang='lat' dir='ltr'><strong>illius</strong></span> <span class='ocrx_word' id='word_1_424' title='bbox 3148 2803 3387 2866; x_wconf 87' lang='lat' dir='ltr'><strong>quoque</strong></span> <span class='ocrx_word' id='word_1_425' title='bbox 3417 2786 3510 2846; x_wconf 83' lang='lat' dir='ltr'><strong>ira</strong></span> 
     </span>
    </p>
   </div>
   <div class='ocr_carea' id='block_1_61' title="bbox 1869 2870 3502 2954">
    <p class='ocr_par' dir='ltr' id='par_1_61' title="bbox 1869 2870 3502 2954">
     <span class='ocr_line' id='line_1_61' title="bbox 1869 2870 3502 2954; baseline 0.001 -21"><span class='ocrx_word' id='word_1_426' title='bbox 1869 2872 2002 2950; x_wconf 87' lang='lat' dir='ltr'><strong>ejus</strong></span> <span class='ocrx_word' id='word_1_427' title='bbox 2018 2871 2222 2951; x_wconf 88' lang='lat' dir='ltr'><strong>specie</strong></span> <span class='ocrx_word' id='word_1_428' title='bbox 2241 2870 2683 2948; x_wconf 88' lang='lat' dir='ltr'><strong>obtunditur,et</strong></span> <span class='ocrx_word' id='word_1_429' title='bbox 2705 2872 2850 2932; x_wconf 89' lang='lat' dir='ltr'><strong>iram</strong></span> <span class='ocrx_word' id='word_1_430' title='bbox 2877 2872 3162 2950; x_wconf 84' lang='lat' dir='ltr'><strong>mitigavit</strong></span> <span class='ocrx_word' id='word_1_431' title='bbox 3184 2874 3502 2954; x_wconf 88' lang='lat' dir='ltr'><strong>cupiditas,</strong></span> 
     </span>
    </p>
   </div>
   <div class='ocr_carea' id='block_1_62' title="bbox 1870 2960 3508 3042">
    <p class='ocr_par' dir='ltr' id='par_1_62' title="bbox 1870 2960 3508 3042">
     <span class='ocr_line' id='line_1_62' title="bbox 1870 2960 3508 3042; baseline 0.003 -21"><span class='ocrx_word' id='word_1_432' title='bbox 1870 2969 1930 3022; x_wconf 92' lang='lat' dir='ltr'><strong>et</strong></span> <span class='ocrx_word' id='word_1_433' title='bbox 1951 2971 2230 3041; x_wconf 86' lang='lat' dir='ltr'><strong>tanquam</strong></span> <span class='ocrx_word' id='word_1_434' title='bbox 2255 2961 2358 3042; x_wconf 90' lang='lat' dir='ltr'><strong>qui</strong></span> <span class='ocrx_word' id='word_1_435' title='bbox 2382 2960 2702 3022; x_wconf 85' lang='lat' dir='ltr'><strong>meditatus</strong></span> <span class='ocrx_word' id='word_1_436' title='bbox 2723 2969 2882 3022; x_wconf 88' lang='lat' dir='ltr'><strong>esset</strong></span> <span class='ocrx_word' id='word_1_437' title='bbox 2904 2961 3105 3022; x_wconf 88' lang='lat' dir='ltr'><strong>dicere</strong></span> <span class='ocrx_word' id='word_1_438' title='bbox 3125 2966 3390 3024; x_wconf 87' lang='lat' dir='ltr'><strong>omnium</strong></span> <span class='ocrx_word' id='word_1_439' title='bbox 3410 2963 3508 3041; x_wconf 91' lang='lat' dir='ltr'><strong>ju-</strong></span> 
     </span>
    </p>
   </div>
   <div class='ocr_carea' id='block_1_63' title="bbox 140 3048 1769 3132">
    <p class='ocr_par' dir='ltr' id='par_1_63' title="bbox 140 3052 1765 3132">
     <span class='ocr_line' id='line_1_63' title="bbox 140 3052 1765 3132; baseline -0.001 -22"><span class='ocrx_word' id='word_1_440' title='bbox 140 3053 360 3110; x_wconf 84' lang='grc' dir='ltr'>κώτατα</span> <span class='ocrx_word' id='word_1_441' title='bbox 410 3055 543 3129; x_wconf 84' lang='grc' dir='ltr'>πρὸς</span> <span class='ocrx_word' id='word_1_442' title='bbox 603 3052 812 3120; x_wconf 86' lang='grc' dir='ltr'>ἐκείνην</span> <span class='ocrx_word' id='word_1_443' title='bbox 867 3052 1232 3128; x_wconf 77' lang='grc' dir='ltr'>ἐκμελετήσας</span> <span class='ocrx_word' id='word_1_444' title='bbox 1309 3052 1476 3132; x_wconf 82' lang='grc' dir='ltr'>ἐρεῖν,</span> <span class='ocrx_word' id='word_1_445' title='bbox 1541 3053 1765 3119; x_wconf 83' lang='grc' dir='ltr'>Πείσθτ,τ</span> 
     </span>
    </p>
   </div>
   <div class='ocr_carea' id='block_1_64' title="bbox 1916 3048 3506 3132">
    <p class='ocr_par' dir='ltr' id='par_1_64' title="bbox 1916 3048 3506 3131">
     <span class='ocr_line' id='line_1_64' title="bbox 1916 3048 3506 3131; baseline 0.004 -20"><span class='ocrx_word' id='word_1_446' title='bbox 1916 3048 2240 3112; x_wconf 85' lang='lat' dir='ltr'><strong>undissima</strong></span> <span class='ocrx_word' id='word_1_447' title='bbox 2272 3059 2331 3111; x_wconf 92' lang='lat' dir='ltr'><strong>et</strong></span> <span class='ocrx_word' id='word_1_448' title='bbox 2363 3049 2743 3111; x_wconf 87' lang='lat' dir='ltr'><strong>mollissima:</strong></span> <span class='ocrx_word' id='word_1_449' title='bbox 2781 3050 2976 3112; x_wconf 88' lang='lat' dir='ltr'><strong>Crede</strong></span> <span class='ocrx_word' id='word_1_450' title='bbox 3001 3050 3436 3131; x_wconf 89' lang='lat' dir='ltr'><strong>mihi,dicebat,</strong></span> <span class='ocrx_word' id='word_1_451' title='bbox 3471 3073 3506 3116; x_wconf 94' lang='grc' dir='ltr'><strong>ο</strong></span> 
     </span>
    </p>
   </div>
   <div class='ocr_carea' id='block_1_65' title="bbox 145 3141 1784 3220">
    <p class='ocr_par' dir='ltr' id='par_1_65' title="bbox 145 3141 1784 3220">
     <span class='ocr_line' id='line_1_65' title="bbox 145 3141 1784 3220; baseline 0 -22"><span class='ocrx_word' id='word_1_452' title='bbox 145 3164 258 3217; x_wconf 91' lang='grc' dir='ltr'>μοι,</span> <span class='ocrx_word' id='word_1_453' title='bbox 296 3141 626 3218; x_wconf 79' lang='grc' dir='ltr'>γλυκυτάτη,</span> <span class='ocrx_word' id='word_1_454' title='bbox 659 3141 881 3220; x_wconf 75' lang='grc' dir='ltr'>ἔφασκε,</span> <span class='ocrx_word' id='word_1_455' title='bbox 916 3149 1206 3219; x_wconf 80' lang='grc' dir='ltr'>γυναικῶν.</span> <span class='ocrx_word' id='word_1_456' title='bbox 1248 3141 1343 3199; x_wconf 79' lang='grc' dir='ltr'>καὶ</span> <span class='ocrx_word' id='word_1_457' title='bbox 1374 3143 1466 3199; x_wconf 86' lang='grc' dir='ltr'>τὸν</span> <span class='ocrx_word' id='word_1_458' title='bbox 1498 3143 1628 3216; x_wconf 69' lang='grc' dir='ltr'>ἐμὸν</span> <span class='ocrx_word' id='word_1_459' title='bbox 1657 3141 1784 3198; x_wconf 79' lang='grc' dir='ltr'>ἐλο-</span> 
     </span>
    </p>
   </div>
   <div class='ocr_carea' id='block_1_66' title="bbox 145 3229 1789 3312">
    <p class='ocr_par' dir='ltr' id='par_1_66' title="bbox 145 3229 1789 3312">
     <span class='ocr_line' id='line_1_66' title="bbox 145 3229 1789 3312; baseline -0.001 -24"><span class='ocrx_word' id='word_1_460' title='bbox 145 3232 281 3307; x_wconf 86' lang='grc' dir='ltr'><strong>μένη</strong></span> <span class='ocrx_word' id='word_1_461' title='bbox 327 3232 526 3311; x_wconf 81' lang='grc' dir='ltr'>γάμον,</span> <span class='ocrx_word' id='word_1_462' title='bbox 571 3232 820 3312; x_wconf 79' lang='grc' dir='ltr'>βασάνων</span> <span class='ocrx_word' id='word_1_463' title='bbox 851 3232 1058 3309; x_wconf 79' lang='grc' dir='ltr'>πικρῶν</span> <span class='ocrx_word' id='word_1_464' title='bbox 1087 3230 1434 3309; x_wconf 82' lang='grc' dir='ltr'>ἀπαλλάγηθι</span> <span class='ocrx_word' id='word_1_465' title='bbox 1469 3247 1484 3263; x_wconf 79' lang='grc'><strong><em>⁸</em></strong></span> <span class='ocrx_word' id='word_1_466' title='bbox 1533 3233 1577 3287; x_wconf 87' lang='grc' dir='ltr'><strong>εἰ</strong></span> <span class='ocrx_word' id='word_1_467' title='bbox 1610 3229 1664 3286; x_wconf 77' lang='grc' dir='ltr'><em>δὲ</em></span> <span class='ocrx_word' id='word_1_468' title='bbox 1696 3232 1789 3287; x_wconf 83' lang='grc' dir='ltr'>καὶ</span> 
     </span>
    </p>
   </div>
   <div class='ocr_carea' id='block_1_67' title="bbox 145 3318 1785 3396">
    <p class='ocr_par' dir='ltr' id='par_1_67' title="bbox 145 3318 1785 3396">
     <span class='ocr_line' id='line_1_67' title="bbox 145 3318 1785 3396; baseline -0.001 -19"><span class='ocrx_word' id='word_1_469' title='bbox 145 3323 221 3393; x_wconf 71' lang='grc' dir='ltr'>μὴ</span> <span class='ocrx_word' id='word_1_470' title='bbox 265 3333 389 3384; x_wconf 83' lang='grc' dir='ltr'>τοῖς</span> <span class='ocrx_word' id='word_1_471' title='bbox 435 3323 579 3385; x_wconf 82' lang='grc' dir='ltr'>θεοῖς</span> <span class='ocrx_word' id='word_1_472' title='bbox 611 3321 752 3378; x_wconf 80' lang='grc' dir='ltr'>θύειν</span> <span class='ocrx_word' id='word_1_473' title='bbox 784 3319 1010 3396; x_wconf 68' lang='grc' dir='ltr'>ἐθέλεις,</span> <span class='ocrx_word' id='word_1_474' title='bbox 1045 3319 1295 3396; x_wconf 72' lang='grc' dir='ltr'>οὐδεμίαν</span> <span class='ocrx_word' id='word_1_475' title='bbox 1341 3318 1448 3377; x_wconf 70' lang='grc' dir='ltr'>οὐδ’</span> <span class='ocrx_word' id='word_1_476' title='bbox 1494 3321 1658 3395; x_wconf 74' lang='grc' dir='ltr'>ἡμεῖς</span> <span class='ocrx_word' id='word_1_477' title='bbox 1706 3341 1785 3376; x_wconf 84' lang='grc' dir='ltr'>σοι</span> 
     </span>
    </p>
   </div>
   <div class='ocr_carea' id='block_1_68' title="bbox 142 3407 1788 3487">
    <p class='ocr_par' dir='ltr' id='par_1_68' title="bbox 142 3407 1788 3487">
     <span class='ocr_line' id='line_1_68' title="bbox 142 3407 1788 3487; baseline -0.001 -21"><span class='ocrx_word' id='word_1_478' title='bbox 142 3412 259 3487; x_wconf 86' lang='grc' dir='ltr'>βίαν</span> <span class='ocrx_word' id='word_1_479' title='bbox 304 3408 571 3485; x_wconf 78' lang='grc' dir='ltr'>ἐπάξομεν</span> <span class='ocrx_word' id='word_1_480' title='bbox 606 3425 620 3440; x_wconf 84' lang='grc'><strong><em>⁸</em></strong></span> <span class='ocrx_word' id='word_1_481' title='bbox 657 3411 718 3466; x_wconf 79' lang='grc' dir='ltr'><strong>συ</strong></span> <span class='ocrx_word' id='word_1_482' title='bbox 752 3407 808 3467; x_wconf 80' lang='grc' dir='ltr'><strong>δὲ</strong></span> <span class='ocrx_word' id='word_1_483' title='bbox 852 3411 1014 3485; x_wconf 88' lang='grc' dir='ltr'>μόνον</span> <span class='ocrx_word' id='word_1_484' title='bbox 1051 3410 1170 3484; x_wconf 79' lang='grc' dir='ltr'>ἐμοὶ</span> <span class='ocrx_word' id='word_1_485' title='bbox 1213 3409 1314 3475; x_wconf 74' lang='grc' dir='ltr'><strong>τὴν</strong></span> <span class='ocrx_word' id='word_1_486' title='bbox 1354 3409 1526 3485; x_wconf 83' lang='grc' dir='ltr'>γάμον</span> <span class='ocrx_word' id='word_1_487' title='bbox 1569 3411 1660 3466; x_wconf 83' lang='grc' dir='ltr'>τὸν</span> <span class='ocrx_word' id='word_1_488' title='bbox 1693 3410 1788 3465; x_wconf 84' lang='grc' dir='ltr'>σὸν</span> 
     </span>
    </p>
   </div>
   <div class='ocr_carea' id='block_1_69' title="bbox 143 3497 1787 3577">
    <p class='ocr_par' dir='ltr' id='par_1_69' title="bbox 143 3497 1787 3577">
     <span class='ocr_line' id='line_1_69' title="bbox 143 3497 1787 3577; baseline -0.002 -21"><span class='ocrx_word' id='word_1_489' title='bbox 143 3501 442 3558; x_wconf 70' lang='grc' dir='ltr'>ἐπίνευσον.</span> <span class='ocrx_word' id='word_1_490' title='bbox 483 3501 619 3576; x_wconf 80' lang='grc' dir='ltr'>Πρὸς</span> <span class='ocrx_word' id='word_1_491' title='bbox 662 3505 830 3558; x_wconf 81' lang='grc' dir='ltr'>ταῦτα</span> <span class='ocrx_word' id='word_1_492' title='bbox 873 3501 908 3567; x_wconf 80' lang='grc' dir='ltr'>ἡ</span> <span class='ocrx_word' id='word_1_493' title='bbox 957 3505 1052 3555; x_wconf 79' lang='grc' dir='ltr'>τοῦ</span> <span class='ocrx_word' id='word_1_494' title='bbox 1093 3501 1321 3577; x_wconf 83' lang='grc' dir='ltr'>Χριστοῦ</span> <span class='ocrx_word' id='word_1_495' title='bbox 1367 3499 1592 3575; x_wconf 79' lang='grc' dir='ltr'>μάρτυς,</span> <span class='ocrx_word' id='word_1_496' title='bbox 1656 3497 1787 3556; x_wconf 68' lang='grc' dir='ltr'>Οὔτε</span> 
     </span>
    </p>
   </div>
   <div class='ocr_carea' id='block_1_70' title="bbox 142 3587 1786 3668">
    <p class='ocr_par' dir='ltr' id='par_1_70' title="bbox 142 3587 1786 3668">
     <span class='ocr_line' id='line_1_70' title="bbox 142 3587 1786 3668; baseline 0 -24"><span class='ocrx_word' id='word_1_497' title='bbox 142 3587 300 3668; x_wconf 80' lang='grc' dir='ltr'>λόγος</span> <span class='ocrx_word' id='word_1_498' title='bbox 330 3590 501 3667; x_wconf 78' lang='grc' dir='ltr'>ἡμᾶς,</span> <span class='ocrx_word' id='word_1_499' title='bbox 536 3587 663 3668; x_wconf 78' lang='grc' dir='ltr'>ἔφη,</span> <span class='ocrx_word' id='word_1_500' title='bbox 695 3589 773 3650; x_wconf 86' lang='grc' dir='ltr'><strong>τὶς</strong></span> <span class='ocrx_word' id='word_1_501' title='bbox 805 3587 926 3644; x_wconf 76' lang='grc' dir='ltr'>οὕτε</span> <span class='ocrx_word' id='word_1_502' title='bbox 972 3587 1225 3664; x_wconf 68' lang='grc' dir='ltr'>βάσανος,</span> <span class='ocrx_word' id='word_1_503' title='bbox 1280 3589 1375 3644; x_wconf 72' lang='grc' dir='ltr'>οὒκ</span> <span class='ocrx_word' id='word_1_504' title='bbox 1427 3589 1584 3649; x_wconf 77' lang='grc' dir='ltr'>αὐτὸς</span> <span class='ocrx_word' id='word_1_505' title='bbox 1642 3587 1704 3642; x_wconf 81' lang='grc' dir='ltr'><strong>ἂν</strong></span> <span class='ocrx_word' id='word_1_506' title='bbox 1758 3589 1786 3644; x_wconf 83' lang='grc' dir='ltr'>ὁ</span> 
     </span>
    </p>
   </div>
   <div class='ocr_carea' id='block_1_71' title="bbox 143 3676 1787 3755">
    <p class='ocr_par' dir='ltr' id='par_1_71' title="bbox 143 3676 1787 3755">
     <span class='ocr_line' id='line_1_71' title="bbox 143 3676 1787 3755; baseline -0.002 -18"><span class='ocrx_word' id='word_1_507' title='bbox 143 3679 367 3742; x_wconf 66' lang='grc' dir='ltr'>θάνατος</span> <span class='ocrx_word' id='word_1_508' title='bbox 399 3679 647 3751; x_wconf 81' lang='grc' dir='ltr'>πείσωσι,</span> <span class='ocrx_word' id='word_1_509' title='bbox 709 3679 964 3755; x_wconf 84' lang='grc' dir='ltr'>πρότερον</span> <span class='ocrx_word' id='word_1_510' title='bbox 1023 3677 1352 3755; x_wconf 69' lang='grc' dir='ltr'>ωναφθῆναί</span> <span class='ocrx_word' id='word_1_511' title='bbox 1403 3698 1488 3732; x_wconf 89' lang='grc' dir='ltr'>σοι</span> <span class='ocrx_word' id='word_1_512' title='bbox 1518 3676 1554 3744; x_wconf 72' lang='grc' dir='ltr'><strong>ἢ</strong></span> <span class='ocrx_word' id='word_1_513' title='bbox 1586 3676 1681 3734; x_wconf 76' lang='grc' dir='ltr'><strong>καί</strong></span> <span class='ocrx_word' id='word_1_514' title='bbox 1727 3677 1787 3734; x_wconf 70' lang='grc' dir='ltr'><strong>σε</strong></span> 
     </span>
    </p>
   </div>
   <div class='ocr_carea' id='block_1_72' title="bbox 144 3765 1792 3846">
    <p class='ocr_par' dir='ltr' id='par_1_72' title="bbox 144 3765 1792 3846">
     <span class='ocr_line' id='line_1_72' title="bbox 144 3765 1792 3846; baseline -0.002 -20"><span class='ocrx_word' id='word_1_515' title='bbox 144 3768 238 3836; x_wconf 72' lang='grc' dir='ltr'><strong>τῆς</strong></span> <span class='ocrx_word' id='word_1_516' title='bbox 297 3769 392 3824; x_wconf 76' lang='grc' dir='ltr'>τοῦ</span> <span class='ocrx_word' id='word_1_517' title='bbox 434 3766 566 3842; x_wconf 69' lang='grc' dir='ltr'>ἐμοῦ</span> <span class='ocrx_word' id='word_1_518' title='bbox 623 3773 853 3846; x_wconf 78' lang='grc' dir='ltr'>Χριστου</span> <span class='ocrx_word' id='word_1_519' title='bbox 884 3766 1126 3844; x_wconf 80' lang='grc' dir='ltr'>γενέσθαι</span> <span class='ocrx_word' id='word_1_520' title='bbox 1158 3765 1369 3844; x_wconf 77' lang='grc' dir='ltr'>μερίδος</span> <span class='ocrx_word' id='word_1_521' title='bbox 1401 3767 1498 3823; x_wconf 86' lang='grc' dir='ltr'>καῖ</span> <span class='ocrx_word' id='word_1_522' title='bbox 1532 3772 1612 3839; x_wconf 83' lang='grc' dir='ltr'><strong>τῷ</strong></span> <span class='ocrx_word' id='word_1_523' title='bbox 1667 3766 1792 3840; x_wconf 87' lang='grc' dir='ltr'>θείῳ</span> 
     </span>
    </p>
   </div>
   <div class='ocr_carea' id='block_1_73' title="bbox 145 3853 1789 3933">
    <p class='ocr_par' dir='ltr' id='par_1_73' title="bbox 145 3853 1789 3933">
     <span class='ocr_line' id='line_1_73' title="bbox 145 3853 1789 3933; baseline -0.002 -17"><span class='ocrx_word' id='word_1_524' title='bbox 145 3859 304 3916; x_wconf 70' lang='grc' dir='ltr'>αὐτοῦ</span> <span class='ocrx_word' id='word_1_525' title='bbox 363 3855 709 3925; x_wconf 73' lang='grc' dir='ltr'>τελειωθῆναι</span> <span class='ocrx_word' id='word_1_526' title='bbox 749 3857 1104 3933; x_wconf 84' lang='grc' dir='ltr'>βαπτίσματι.</span> <span class='ocrx_word' id='word_1_527' title='bbox 1157 3853 1328 3913; x_wconf 83' lang='grc' dir='ltr'>Ἀλλὰ</span> <span class='ocrx_word' id='word_1_528' title='bbox 1379 3855 1476 3913; x_wconf 72' lang='grc' dir='ltr'>καὶ</span> <span class='ocrx_word' id='word_1_529' title='bbox 1524 3855 1682 3913; x_wconf 76' lang='grc' dir='ltr'>τοῦτο</span> <span class='ocrx_word' id='word_1_530' title='bbox 1727 3855 1789 3912; x_wconf 86' lang='grc' dir='ltr'><strong>ἂν</strong></span> 
     </span>
    </p>
   </div>
   <div class='ocr_carea' id='block_1_74' title="bbox 143 3944 1790 4026">
    <p class='ocr_par' dir='ltr' id='par_1_74' title="bbox 143 3944 1790 4026">
     <span class='ocr_line' id='line_1_74' title="bbox 143 3944 1790 4026; baseline -0.002 -22"><span class='ocrx_word' id='word_1_531' title='bbox 143 3946 482 4026; x_wconf 74' lang='grc' dir='ltr'>ἐπραξάμην,</span> <span class='ocrx_word' id='word_1_532' title='bbox 515 3945 774 4026; x_wconf 72' lang='grc' dir='ltr'>φιλτάτη,</span> <span class='ocrx_word' id='word_1_533' title='bbox 806 3947 966 4026; x_wconf 75' lang='grc' dir='ltr'>φησὶν</span> <span class='ocrx_word' id='word_1_534' title='bbox 997 3948 1025 4002; x_wconf 83' lang='grc' dir='ltr'>ὁ</span> <span class='ocrx_word' id='word_1_535' title='bbox 1083 3944 1352 4026; x_wconf 75' lang='grc' dir='ltr'>ἔπαρχος,</span> <span class='ocrx_word' id='word_1_536' title='bbox 1397 3947 1442 4000; x_wconf 83' lang='grc' dir='ltr'>εἰ</span> <span class='ocrx_word' id='word_1_537' title='bbox 1487 3945 1565 4019; x_wconf 79' lang='grc' dir='ltr'><strong>μὴ</strong></span> <span class='ocrx_word' id='word_1_538' title='bbox 1628 3945 1790 4023; x_wconf 80' lang='grc' dir='ltr'>βαρὺς</span> 
     </span>
    </p>
   </div>
   <div class='ocr_carea' id='block_1_75' title="bbox 139 4033 1788 4114">
    <p class='ocr_par' dir='ltr' id='par_1_75' title="bbox 139 4033 1788 4114">
     <span class='ocr_line' id='line_1_75' title="bbox 139 4033 1788 4114; baseline -0.001 -22"><span class='ocrx_word' id='word_1_539' title='bbox 139 4038 277 4112; x_wconf 76' lang='grc' dir='ltr'>ἡμῖν</span> <span class='ocrx_word' id='word_1_540' title='bbox 321 4035 384 4091; x_wconf 87' lang='grc' dir='ltr'><strong>ἐκ</strong></span> <span class='ocrx_word' id='word_1_541' title='bbox 426 4042 518 4093; x_wconf 82' lang='grc' dir='ltr'>τοῦ</span> <span class='ocrx_word' id='word_1_542' title='bbox 564 4044 878 4114; x_wconf 76' lang='grc' dir='ltr'>κρατοῦντος</span> <span class='ocrx_word' id='word_1_543' title='bbox 930 4035 1207 4113; x_wconf 67' lang='grc' dir='ltr'>ἐπήρτητο</span> <span class='ocrx_word' id='word_1_544' title='bbox 1255 4033 1515 4096; x_wconf 73' lang='grc' dir='ltr'>κίνδυνος,</span> <span class='ocrx_word' id='word_1_545' title='bbox 1579 4035 1639 4091; x_wconf 75' lang='grc' dir='ltr'><strong>Εἰ</strong></span> <span class='ocrx_word' id='word_1_546' title='bbox 1686 4035 1788 4112; x_wconf 78' lang='grc' dir='ltr'><strong>γάρ</strong></span> 
     </span>
    </p>
   </div>
   <div class='ocr_carea' id='block_1_76' title="bbox 141 4121 1786 4203">
    <p class='ocr_par' dir='ltr' id='par_1_76' title="bbox 141 4121 1786 4203">
     <span class='ocr_line' id='line_1_76' title="bbox 141 4121 1786 4203; baseline -0.002 -21"><span class='ocrx_word' id='word_1_547' title='bbox 141 4147 190 4182; x_wconf 90' lang='grc' dir='ltr'><strong>τι</strong></span> <span class='ocrx_word' id='word_1_548' title='bbox 221 4131 467 4183; x_wconf 84' lang='grc' dir='ltr'>τοιοῦτον</span> <span class='ocrx_word' id='word_1_549' title='bbox 527 4126 602 4188; x_wconf 81' lang='grc' dir='ltr'><strong>εἰς</strong></span> <span class='ocrx_word' id='word_1_550' title='bbox 662 4130 866 4203; x_wconf 76' lang='grc' dir='ltr'>γνῶσιν</span> <span class='ocrx_word' id='word_1_551' title='bbox 925 4123 1067 4182; x_wconf 76' lang='grc' dir='ltr'>ἔλθοι</span> <span class='ocrx_word' id='word_1_552' title='bbox 1111 4129 1190 4198; x_wconf 83' lang='grc' dir='ltr'>τῷ</span> <span class='ocrx_word' id='word_1_553' title='bbox 1233 4121 1474 4198; x_wconf 83' lang='grc' dir='ltr'>βασιλεῖ,</span> <span class='ocrx_word' id='word_1_554' title='bbox 1520 4126 1582 4182; x_wconf 72' lang='grc' dir='ltr'><strong>οὗ</strong></span> <span class='ocrx_word' id='word_1_555' title='bbox 1623 4124 1786 4198; x_wconf 81' lang='grc' dir='ltr'>τιμῆς</span> 
     </span>
    </p>
   </div>
   <div class='ocr_carea' id='block_1_77' title="bbox 141 4214 1783 4292">
    <p class='ocr_par' dir='ltr' id='par_1_77' title="bbox 141 4214 1783 4292">
     <span class='ocr_line' id='line_1_77' title="bbox 141 4214 1783 4292; baseline -0.002 -20"><span class='ocrx_word' id='word_1_556' title='bbox 141 4215 332 4289; x_wconf 75' lang='grc' dir='ltr'>μόνον,</span> <span class='ocrx_word' id='word_1_557' title='bbox 367 4214 505 4271; x_wconf 71' lang='grc' dir='ltr'>ἀλλὰ</span> <span class='ocrx_word' id='word_1_558' title='bbox 535 4216 629 4271; x_wconf 87' lang='grc' dir='ltr'>σὺν</span> <span class='ocrx_word' id='word_1_559' title='bbox 659 4215 795 4291; x_wconf 78' lang='grc' dir='ltr'>αύτῇ</span> <span class='ocrx_word' id='word_1_560' title='bbox 838 4215 1087 4292; x_wconf 83' lang='grc' dir='ltr'>στερήσει</span> <span class='ocrx_word' id='word_1_561' title='bbox 1117 4215 1206 4271; x_wconf 82' lang='grc' dir='ltr'><strong>καὶ</strong></span> <span class='ocrx_word' id='word_1_562' title='bbox 1260 4218 1362 4281; x_wconf 76' lang='grc' dir='ltr'>τῆς</span> <span class='ocrx_word' id='word_1_563' title='bbox 1393 4215 1538 4284; x_wconf 78' lang='grc' dir='ltr'>ζωῆς</span> <span class='ocrx_word' id='word_1_564' title='bbox 1576 4232 1589 4248; x_wconf 90' lang='grc'><strong>·</strong></span> <span class='ocrx_word' id='word_1_565' title='bbox 1639 4217 1783 4290; x_wconf 80' lang='grc' dir='ltr'>εἶτα,</span> 
     </span>
    </p>
   </div>
   <div class='ocr_carea' id='block_1_78' title="bbox 142 4303 1786 4383">
    <p class='ocr_par' dir='ltr' id='par_1_78' title="bbox 142 4303 1786 4383">
     <span class='ocr_line' id='line_1_78' title="bbox 142 4303 1786 4383; baseline -0.001 -23"><span class='ocrx_word' id='word_1_566' title='bbox 142 4306 216 4360; x_wconf 83' lang='grc' dir='ltr'><strong>Σὺ</strong></span> <span class='ocrx_word' id='word_1_567' title='bbox 273 4305 399 4380; x_wconf 74' lang='grc' dir='ltr'>μὲν,</span> <span class='ocrx_word' id='word_1_568' title='bbox 446 4306 482 4372; x_wconf 78' lang='grc' dir='ltr'><strong>ἡ</strong></span> <span class='ocrx_word' id='word_1_569' title='bbox 527 4304 745 4382; x_wconf 84' lang='grc' dir='ltr'>γενναία</span> <span class='ocrx_word' id='word_1_570' title='bbox 776 4303 903 4383; x_wconf 77' lang='grc' dir='ltr'>ἔφη,</span> <span class='ocrx_word' id='word_1_571' title='bbox 937 4306 1030 4360; x_wconf 83' lang='grc' dir='ltr'>τὸν</span> <span class='ocrx_word' id='word_1_572' title='bbox 1055 4305 1248 4371; x_wconf 80' lang='grc' dir='ltr'>θνητὸν</span> <span class='ocrx_word' id='word_1_573' title='bbox 1278 4310 1465 4360; x_wconf 77' lang='grc' dir='ltr'>τοῦτον</span> <span class='ocrx_word' id='word_1_574' title='bbox 1495 4303 1581 4361; x_wconf 70' lang='grc' dir='ltr'>καὶ</span> <span class='ocrx_word' id='word_1_575' title='bbox 1612 4305 1786 4383; x_wconf 84' lang='grc' dir='ltr'>πρόσ-</span> 
     </span>
    </p>
   </div>
   <div class='ocr_carea' id='block_1_79' title="bbox 1871 3144 3506 3219">
    <p class='ocr_par' dir='ltr' id='par_1_79' title="bbox 1871 3144 3506 3219">
     <span class='ocr_line' id='line_1_79' title="bbox 1871 3144 3506 3219; baseline 0.002 -19"><span class='ocrx_word' id='word_1_576' title='bbox 1871 3144 2183 3201; x_wconf 84' lang='lat' dir='ltr'><strong>mulierum</strong></span> <span class='ocrx_word' id='word_1_577' title='bbox 2208 3144 2632 3208; x_wconf 89' lang='lat' dir='ltr'><strong>suavissima,et</strong></span> <span class='ocrx_word' id='word_1_578' title='bbox 2652 3158 2784 3200; x_wconf 93' lang='lat' dir='ltr'><strong>cum</strong></span> <span class='ocrx_word' id='word_1_579' title='bbox 2811 3159 2968 3200; x_wconf 88' lang='lat' dir='ltr'><strong>meas</strong></span> <span class='ocrx_word' id='word_1_580' title='bbox 2984 3145 3229 3214; x_wconf 85' lang='lat' dir='ltr'><strong>elegeris</strong></span> <span class='ocrx_word' id='word_1_581' title='bbox 3254 3149 3506 3219; x_wconf 87' lang='lat' dir='ltr'><strong>nuptias.</strong></span> 
     </span>
    </p>
   </div>
   <div class='ocr_carea' id='block_1_80' title="bbox 1871 3227 3506 3300">
    <p class='ocr_par' dir='ltr' id='par_1_80' title="bbox 1871 3227 3506 3300">
     <span class='ocr_line' id='line_1_80' title="bbox 1871 3227 3506 3300; baseline 0.001 -11"><span class='ocrx_word' id='word_1_582' title='bbox 1871 3227 2130 3290; x_wconf 75' lang='lat' dir='ltr'><strong>liberare</strong></span> <span class='ocrx_word' id='word_1_583' title='bbox 2149 3227 2222 3290; x_wconf 89' lang='lat' dir='ltr'><strong>ab</strong></span> <span class='ocrx_word' id='word_1_584' title='bbox 2246 3227 2482 3289; x_wconf 88' lang='lat' dir='ltr'><strong>acerbis</strong></span> <span class='ocrx_word' id='word_1_585' title='bbox 2502 3228 2834 3289; x_wconf 86' lang='lat' dir='ltr'><strong>tormentis.</strong></span> <span class='ocrx_word' id='word_1_586' title='bbox 2873 3227 3041 3300; x_wconf 89' lang='lat' dir='ltr'><strong>Quod</strong></span> <span class='ocrx_word' id='word_1_587' title='bbox 3065 3229 3113 3288; x_wconf 91' lang='lat' dir='ltr'><strong>si</strong></span> <span class='ocrx_word' id='word_1_588' title='bbox 3141 3229 3318 3291; x_wconf 85' lang='lat' dir='ltr'><strong>etiam</strong></span> <span class='ocrx_word' id='word_1_589' title='bbox 3353 3232 3506 3293; x_wconf 90' lang='lat' dir='ltr'><strong>nolis</strong></span> 
     </span>
    </p>
   </div>
   <div class='ocr_carea' id='block_1_81' title="bbox 1870 3316 3508 3391">
    <p class='ocr_par' dir='ltr' id='par_1_81' title="bbox 1870 3316 3508 3391">
     <span class='ocr_line' id='line_1_81' title="bbox 1870 3316 3508 3391; baseline 0.002 -13"><span class='ocrx_word' id='word_1_590' title='bbox 1870 3317 1984 3378; x_wconf 89' lang='lat' dir='ltr'><strong>diis</strong></span> <span class='ocrx_word' id='word_1_591' title='bbox 2013 3317 2496 3391; x_wconf 81' lang='lat' dir='ltr'><strong>sacriﬁcare,nos</strong></span> <span class='ocrx_word' id='word_1_592' title='bbox 2521 3316 2628 3378; x_wconf 87' lang='lat' dir='ltr'><strong>tibi</strong></span> <span class='ocrx_word' id='word_1_593' title='bbox 2653 3316 2875 3378; x_wconf 90' lang='lat' dir='ltr'><strong>nullam</strong></span> <span class='ocrx_word' id='word_1_594' title='bbox 2903 3317 3020 3377; x_wconf 90' lang='lat' dir='ltr'><strong>vim</strong></span> <span class='ocrx_word' id='word_1_595' title='bbox 3045 3318 3364 3381; x_wconf 79' lang='lat' dir='ltr'><strong>aiferemus</strong></span> <span class='ocrx_word' id='word_1_596' title='bbox 3397 3341 3411 3384; x_wconf 89' lang='lat'>:</span> <span class='ocrx_word' id='word_1_597' title='bbox 3448 3331 3508 3382; x_wconf 87' lang='lat' dir='ltr'><strong>tu</strong></span> 
     </span>
    </p>
   </div>
   <div class='ocr_carea' id='block_1_82' title="bbox 1870 3407 3503 3482">
    <p class='ocr_par' dir='ltr' id='par_1_82' title="bbox 1870 3407 3503 3482">
     <span class='ocr_line' id='line_1_82' title="bbox 1870 3407 3503 3482; baseline 0.001 -16"><span class='ocrx_word' id='word_1_598' title='bbox 1870 3409 2062 3466; x_wconf 89' lang='lat' dir='ltr'><strong>solum</strong></span> <span class='ocrx_word' id='word_1_599' title='bbox 2086 3410 2225 3464; x_wconf 84' lang='lat' dir='ltr'><strong>mihi</strong></span> <span class='ocrx_word' id='word_1_600' title='bbox 2251 3423 2442 3466; x_wconf 83' lang='lat' dir='ltr'><strong>annue</strong></span> <span class='ocrx_word' id='word_1_601' title='bbox 2465 3407 2813 3478; x_wconf 60' lang='lat' dir='ltr'><strong>nuptiasAd</strong></span> <span class='ocrx_word' id='word_1_602' title='bbox 2847 3408 2968 3465; x_wconf 80' lang='lat' dir='ltr'><strong>haec</strong></span> <span class='ocrx_word' id='word_1_603' title='bbox 2992 3421 3212 3482; x_wconf 78' lang='lat' dir='ltr'><strong>martyr</strong></span> <span class='ocrx_word' id='word_1_604' title='bbox 3241 3411 3453 3469; x_wconf 78' lang='lat' dir='ltr'><strong>Christi</strong></span> <span class='ocrx_word' id='word_1_605' title='bbox 3487 3427 3503 3468; x_wconf 87' lang='lat'><strong>:</strong></span> 
     </span>
    </p>
   </div>
   <div class='ocr_carea' id='block_1_83' title="bbox 1869 3491 3502 3572">
    <p class='ocr_par' dir='ltr' id='par_1_83' title="bbox 1869 3491 3502 3572">
     <span class='ocr_line' id='line_1_83' title="bbox 1869 3491 3502 3572; baseline 0.001 -17"><span class='ocrx_word' id='word_1_606' title='bbox 1869 3491 2076 3572; x_wconf 87' lang='lat' dir='ltr'><strong>Neque</strong></span> <span class='ocrx_word' id='word_1_607' title='bbox 2105 3491 2222 3552; x_wconf 86' lang='lat' dir='ltr'><strong>ulla</strong></span> <span class='ocrx_word' id='word_1_608' title='bbox 2257 3509 2388 3568; x_wconf 89' lang='lat' dir='ltr'><strong>nos,</strong></span> <span class='ocrx_word' id='word_1_609' title='bbox 2426 3491 2859 3572; x_wconf 89' lang='lat' dir='ltr'><strong>inquit,oratio,</strong></span> <span class='ocrx_word' id='word_1_610' title='bbox 2883 3511 3074 3572; x_wconf 88' lang='lat' dir='ltr'><strong>neque</strong></span> <span class='ocrx_word' id='word_1_611' title='bbox 3107 3500 3502 3572; x_wconf 89' lang='lat' dir='ltr'><strong>tormentum,</strong></span> 
     </span>
    </p>
   </div>
   <div class='ocr_carea' id='block_1_84' title="bbox 1871 3579 3510 3662">
    <p class='ocr_par' dir='ltr' id='par_1_84' title="bbox 1871 3579 3510 3662">
     <span class='ocr_line' id='line_1_84' title="bbox 1871 3579 3510 3662; baseline 0.002 -20"><span class='ocrx_word' id='word_1_612' title='bbox 1871 3599 1991 3642; x_wconf 89' lang='lat' dir='ltr'><strong>non</strong></span> <span class='ocrx_word' id='word_1_613' title='bbox 2022 3579 2152 3661; x_wconf 89' lang='lat' dir='ltr'><strong>ipsa</strong></span> <span class='ocrx_word' id='word_1_614' title='bbox 2181 3579 2441 3660; x_wconf 85' lang='lat' dir='ltr'><strong>denique</strong></span> <span class='ocrx_word' id='word_1_615' title='bbox 2468 3597 2630 3642; x_wconf 90' lang='lat' dir='ltr'><strong>mors</strong></span> <span class='ocrx_word' id='word_1_616' title='bbox 2661 3582 3027 3660; x_wconf 84' lang='lat' dir='ltr'><strong>persuaserit</strong></span> <span class='ocrx_word' id='word_1_617' title='bbox 3051 3580 3155 3642; x_wconf 87' lang='lat' dir='ltr'><strong>tibi</strong></span> <span class='ocrx_word' id='word_1_618' title='bbox 3179 3582 3345 3662; x_wconf 90' lang='lat' dir='ltr'><strong>prius</strong></span> <span class='ocrx_word' id='word_1_619' title='bbox 3365 3602 3510 3645; x_wconf 87' lang='lat' dir='ltr'><strong>con-</strong></span> 
     </span>
    </p>
   </div>
   <div class='ocr_carea' id='block_1_85' title="bbox 1867 3669 3505 3753">
    <p class='ocr_par' dir='ltr' id='par_1_85' title="bbox 1867 3669 3505 3753">
     <span class='ocr_line' id='line_1_85' title="bbox 1867 3669 3505 3753; baseline 0.002 -22"><span class='ocrx_word' id='word_1_620' title='bbox 1867 3669 2061 3750; x_wconf 88' lang='lat' dir='ltr'><strong>jungi,</strong></span> <span class='ocrx_word' id='word_1_621' title='bbox 2093 3688 2266 3750; x_wconf 88' lang='lat' dir='ltr'><strong>quam</strong></span> <span class='ocrx_word' id='word_1_622' title='bbox 2297 3678 2359 3731; x_wconf 89' lang='lat' dir='ltr'><strong>tn</strong></span> <span class='ocrx_word' id='word_1_623' title='bbox 2389 3669 2578 3733; x_wconf 84' lang='lat' dir='ltr'><strong>factus</strong></span> <span class='ocrx_word' id='word_1_624' title='bbox 2600 3670 2786 3731; x_wconf 83' lang='lat' dir='ltr'><strong>fueris</strong></span> <span class='ocrx_word' id='word_1_625' title='bbox 2821 3671 2939 3732; x_wconf 89' lang='lat' dir='ltr'><strong>mei</strong></span> <span class='ocrx_word' id='word_1_626' title='bbox 2968 3671 3196 3733; x_wconf 88' lang='lat' dir='ltr'><strong>Christi</strong></span> <span class='ocrx_word' id='word_1_627' title='bbox 3224 3674 3505 3753; x_wconf 81' lang='lat' dir='ltr'><strong>partium,</strong></span> 
     </span>
    </p>
   </div>
   <div class='ocr_carea' id='block_1_86' title="bbox 1875 3759 3507 3841">
    <p class='ocr_par' dir='ltr' id='par_1_86' title="bbox 1875 3759 3507 3841">
     <span class='ocr_line' id='line_1_86' title="bbox 1875 3759 3507 3841; baseline 0.002 -19"><span class='ocrx_word' id='word_1_628' title='bbox 1875 3769 1934 3822; x_wconf 90' lang='lat' dir='ltr'><strong>et</strong></span> <span class='ocrx_word' id='word_1_629' title='bbox 1951 3767 2397 3823; x_wconf 88' lang='lat' dir='ltr'><strong>consummatus</strong></span> <span class='ocrx_word' id='word_1_630' title='bbox 2415 3759 2599 3822; x_wconf 82' lang='lat' dir='ltr'><strong>fueris</strong></span> <span class='ocrx_word' id='word_1_631' title='bbox 2623 3761 2755 3840; x_wconf 87' lang='lat' dir='ltr'><strong>ejus</strong></span> <span class='ocrx_word' id='word_1_632' title='bbox 2779 3759 2978 3822; x_wconf 89' lang='lat' dir='ltr'><strong>divino</strong></span> <span class='ocrx_word' id='word_1_633' title='bbox 2999 3759 3507 3841; x_wconf 83' lang='lat' dir='ltr'><strong>baptismate.Sed</strong></span> 
     </span>
    </p>
   </div>
   <div class='ocr_carea' id='block_1_87' title="bbox 1873 3849 3502 3934">
    <p class='ocr_par' dir='ltr' id='par_1_87' title="bbox 1873 3849 3502 3934">
     <span class='ocr_line' id='line_1_87' title="bbox 1873 3849 3502 3934; baseline 0.002 -22"><span class='ocrx_word' id='word_1_634' title='bbox 1873 3850 1988 3912; x_wconf 76' lang='lat' dir='ltr'><strong>hoc</strong></span> <span class='ocrx_word' id='word_1_635' title='bbox 2016 3868 2254 3931; x_wconf 87' lang='lat' dir='ltr'><strong>quoque</strong></span> <span class='ocrx_word' id='word_1_636' title='bbox 2283 3850 2686 3922; x_wconf 78' lang='lat' dir='ltr'><strong>faceremus,o</strong></span> <span class='ocrx_word' id='word_1_637' title='bbox 2717 3849 3094 3932; x_wconf 84' lang='lat' dir='ltr'><strong>charissima,</strong></span> <span class='ocrx_word' id='word_1_638' title='bbox 3127 3851 3323 3933; x_wconf 88' lang='lat' dir='ltr'><strong>inquit</strong></span> <span class='ocrx_word' id='word_1_639' title='bbox 3347 3873 3502 3934; x_wconf 74' lang='lat' dir='ltr'><strong>prte-</strong></span> 
     </span>
    </p>
   </div>
   <div class='ocr_carea' id='block_1_88' title="bbox 1873 3939 3518 4020">
    <p class='ocr_par' dir='ltr' id='par_1_88' title="bbox 1873 3939 3518 4020">
     <span class='ocr_line' id='line_1_88' title="bbox 1873 3939 3518 4020; baseline 0.002 -19"><span class='ocrx_word' id='word_1_640' title='bbox 1873 3939 2092 4014; x_wconf 83' lang='lat' dir='ltr'><strong>fectns,</strong></span> <span class='ocrx_word' id='word_1_641' title='bbox 2120 3939 2231 4001; x_wconf 88' lang='lat' dir='ltr'><strong>nisi</strong></span> <span class='ocrx_word' id='word_1_642' title='bbox 2254 3957 2432 4017; x_wconf 87' lang='lat' dir='ltr'><strong>grave</strong></span> <span class='ocrx_word' id='word_1_643' title='bbox 2461 3939 2534 4000; x_wconf 87' lang='lat' dir='ltr'><strong>ab</strong></span> <span class='ocrx_word' id='word_1_644' title='bbox 2567 3939 2936 4020; x_wconf 85' lang='lat' dir='ltr'><strong>imperatore</strong></span> <span class='ocrx_word' id='word_1_645' title='bbox 2965 3939 3140 4002; x_wconf 88' lang='lat' dir='ltr'><strong>nobis</strong></span> <span class='ocrx_word' id='word_1_646' title='bbox 3171 3941 3518 4005; x_wconf 79' lang='lat' dir='ltr'><strong>immineret</strong></span> 
     </span>
    </p>
   </div>
   <div class='ocr_carea' id='block_1_89' title="bbox 1875 4028 3513 4109">
    <p class='ocr_par' dir='ltr' id='par_1_89' title="bbox 1875 4028 3513 4109">
     <span class='ocr_line' id='line_1_89' title="bbox 1875 4028 3513 4109; baseline 0.002 -18"><span class='ocrx_word' id='word_1_647' title='bbox 1875 4029 2236 4109; x_wconf 87' lang='lat' dir='ltr'><strong>periculum.</strong></span> <span class='ocrx_word' id='word_1_648' title='bbox 2288 4028 2352 4092; x_wconf 87' lang='lat' dir='ltr'><strong>Si</strong></span> <span class='ocrx_word' id='word_1_649' title='bbox 2395 4029 2551 4090; x_wconf 89' lang='lat' dir='ltr'><strong>enim</strong></span> <span class='ocrx_word' id='word_1_650' title='bbox 2588 4029 2700 4090; x_wconf 90' lang='lat' dir='ltr'><strong>tale</strong></span> <span class='ocrx_word' id='word_1_651' title='bbox 2731 4029 2874 4109; x_wconf 90' lang='lat' dir='ltr'><strong>quid</strong></span> <span class='ocrx_word' id='word_1_652' title='bbox 2901 4029 3099 4090; x_wconf 86' lang='lat' dir='ltr'><strong>veniat</strong></span> <span class='ocrx_word' id='word_1_653' title='bbox 3130 4030 3202 4091; x_wconf 86' lang='lat' dir='ltr'><strong>ad</strong></span> <span class='ocrx_word' id='word_1_654' title='bbox 3239 4031 3513 4094; x_wconf 88' lang='lat' dir='ltr'><strong>notitiam</strong></span> 
     </span>
    </p>
   </div>
   <div class='ocr_carea' id='block_1_90' title="bbox 1873 4117 3516 4200">
    <p class='ocr_par' dir='ltr' id='par_1_90' title="bbox 1873 4117 3516 4200">
     <span class='ocr_line' id='line_1_90' title="bbox 1873 4117 3516 4200; baseline 0.002 -22"><span class='ocrx_word' id='word_1_655' title='bbox 1873 4117 2276 4198; x_wconf 86' lang='lat' dir='ltr'><strong>imperatoris,</strong></span> <span class='ocrx_word' id='word_1_656' title='bbox 2304 4136 2423 4179; x_wconf 93' lang='lat' dir='ltr'><strong>non</strong></span> <span class='ocrx_word' id='word_1_657' title='bbox 2456 4117 2648 4178; x_wconf 90' lang='lat' dir='ltr'><strong>solum</strong></span> <span class='ocrx_word' id='word_1_658' title='bbox 2675 4117 2928 4192; x_wconf 88' lang='lat' dir='ltr'><strong>honore,</strong></span> <span class='ocrx_word' id='word_1_659' title='bbox 2957 4118 3062 4179; x_wconf 89' lang='lat' dir='ltr'><strong>sed</strong></span> <span class='ocrx_word' id='word_1_660' title='bbox 3085 4135 3220 4180; x_wconf 90' lang='lat' dir='ltr'><strong>cum</strong></span> <span class='ocrx_word' id='word_1_661' title='bbox 3240 4119 3371 4200; x_wconf 91' lang='lat' dir='ltr'><strong>ipso</strong></span> <span class='ocrx_word' id='word_1_662' title='bbox 3402 4127 3516 4182; x_wconf 88' lang='lat' dir='ltr'><strong>vita</strong></span> 
     </span>
    </p>
   </div>
   <div class='ocr_carea' id='block_1_91' title="bbox 1873 4205 3513 4289">
    <p class='ocr_par' dir='ltr' id='par_1_91' title="bbox 1873 4205 3513 4289">
     <span class='ocr_line' id='line_1_91' title="bbox 1873 4205 3513 4289; baseline 0.001 -21"><span class='ocrx_word' id='word_1_663' title='bbox 1873 4225 2108 4288; x_wconf 87' lang='lat' dir='ltr'><strong>quoque</strong></span> <span class='ocrx_word' id='word_1_664' title='bbox 2131 4205 2644 4288; x_wconf 86' lang='lat' dir='ltr'><strong>privabit.Deinde</strong></span> <span class='ocrx_word' id='word_1_665' title='bbox 2661 4215 2717 4266; x_wconf 92' lang='lat' dir='ltr'><strong>tu</strong></span> <span class='ocrx_word' id='word_1_666' title='bbox 2734 4206 3204 4288; x_wconf 88' lang='lat' dir='ltr'><strong>quidem,inquit</strong></span> <span class='ocrx_word' id='word_1_667' title='bbox 3228 4209 3329 4272; x_wconf 89' lang='lat' dir='ltr'><strong>illa</strong></span> <span class='ocrx_word' id='word_1_668' title='bbox 3351 4211 3513 4289; x_wconf 87' lang='lat' dir='ltr'><strong>virgo</strong></span> 
     </span>
    </p>
   </div>
   <div class='ocr_carea' id='block_1_92' title="bbox 1873 4296 3510 4378">
    <p class='ocr_par' dir='ltr' id='par_1_92' title="bbox 1873 4296 3510 4378">
     <span class='ocr_line' id='line_1_92' title="bbox 1873 4296 3510 4378; baseline 0.002 -21"><span class='ocrx_word' id='word_1_669' title='bbox 1873 4297 2180 4377; x_wconf 84' lang='lat' dir='ltr'><strong>praeclara,</strong></span> <span class='ocrx_word' id='word_1_670' title='bbox 2215 4296 2378 4359; x_wconf 89' lang='lat' dir='ltr'><strong>hunc</strong></span> <span class='ocrx_word' id='word_1_671' title='bbox 2410 4296 2748 4371; x_wconf 82' lang='lat' dir='ltr'><strong>mortalem,</strong></span> <span class='ocrx_word' id='word_1_672' title='bbox 2783 4303 2842 4358; x_wconf 87' lang='lat' dir='ltr'><strong>et</strong></span> <span class='ocrx_word' id='word_1_673' title='bbox 2874 4297 2977 4374; x_wconf 90' lang='lat' dir='ltr'><strong>qui</strong></span> <span class='ocrx_word' id='word_1_674' title='bbox 3023 4306 3115 4359; x_wconf 87' lang='lat' dir='ltr'><strong>est</strong></span> <span class='ocrx_word' id='word_1_675' title='bbox 3146 4298 3219 4357; x_wconf 91' lang='lat' dir='ltr'><strong>ad</strong></span> <span class='ocrx_word' id='word_1_676' title='bbox 3251 4306 3510 4378; x_wconf 89' lang='lat' dir='ltr'><strong>tempus,</strong></span> 
     </span>
    </p>
   </div>
   <div class='ocr_carea' id='block_1_93' title="bbox 142 4382 1769 4472">
    <p class='ocr_par' dir='ltr' id='par_1_93' title="bbox 142 4382 1769 4472">
     <span class='ocr_line' id='line_1_93' title="bbox 142 4382 1769 4472; baseline -0.001 -22"><span class='ocrx_word' id='word_1_677' title='bbox 142 4398 332 4472; x_wconf 82' lang='grc' dir='ltr'>καιρὸν</span> <span class='ocrx_word' id='word_1_678' title='bbox 383 4393 609 4470; x_wconf 83' lang='grc' dir='ltr'>βασιλέα</span> <span class='ocrx_word' id='word_1_679' title='bbox 667 4395 756 4450; x_wconf 81' lang='grc' dir='ltr'><strong>καὶ</strong></span> <span class='ocrx_word' id='word_1_680' title='bbox 803 4382 1065 4469; x_wconf 79' lang='grc' dir='ltr'>’σώματος</span> <span class='ocrx_word' id='word_1_681' title='bbox 1121 4393 1308 4472; x_wconf 80' lang='grc' dir='ltr'>μόνον,</span> <span class='ocrx_word' id='word_1_682' title='bbox 1370 4391 1490 4449; x_wconf 77' lang='grc' dir='ltr'>ἀλλ’</span> <span class='ocrx_word' id='word_1_683' title='bbox 1545 4382 1672 4472; x_wconf 68' lang='grc' dir='ltr'>οὐχὶ</span> <span class='ocrx_word' id='word_1_684' title='bbox 1701 4414 1769 4449; x_wconf 87' lang='grc' dir='ltr'><strong>κα</strong></span> 
     </span>
    </p>
   </div>
   <div class='ocr_carea' id='block_1_94' title="bbox 1916 4382 3515 4472">
    <p class='ocr_par' dir='ltr' id='par_1_94' title="bbox 1916 4384 3515 4467">
     <span class='ocr_line' id='line_1_94' title="bbox 1916 4384 3515 4467; baseline 0.002 -20"><span class='ocrx_word' id='word_1_685' title='bbox 1916 4403 2102 4464; x_wconf 87' lang='lat' dir='ltr'><strong>egem,</strong></span> <span class='ocrx_word' id='word_1_686' title='bbox 2138 4394 2196 4447; x_wconf 92' lang='lat' dir='ltr'><strong>et</strong></span> <span class='ocrx_word' id='word_1_687' title='bbox 2225 4384 2327 4466; x_wconf 89' lang='lat' dir='ltr'><strong>qui</strong></span> <span class='ocrx_word' id='word_1_688' title='bbox 2357 4393 2446 4448; x_wconf 88' lang='lat' dir='ltr'><strong>est</strong></span> <span class='ocrx_word' id='word_1_689' title='bbox 2493 4385 2774 4447; x_wconf 91' lang='lat' dir='ltr'><strong>dominus</strong></span> <span class='ocrx_word' id='word_1_690' title='bbox 2805 4395 3032 4448; x_wconf 89' lang='lat' dir='ltr'><strong>tantum</strong></span> <span class='ocrx_word' id='word_1_691' title='bbox 3064 4387 3357 4467; x_wconf 88' lang='lat' dir='ltr'><strong>corporis,</strong></span> <span class='ocrx_word' id='word_1_692' title='bbox 3392 4407 3515 4450; x_wconf 89' lang='lat' dir='ltr'><strong>non</strong></span> 
     </span>
    </p>
   </div>
   <div class='ocr_carea' id='block_1_95' title="bbox 144 4481 1792 4563">
    <p class='ocr_par' dir='ltr' id='par_1_95' title="bbox 144 4481 1792 4563">
     <span class='ocr_line' id='line_1_95' title="bbox 144 4481 1792 4563; baseline 0 -25"><span class='ocrx_word' id='word_1_693' title='bbox 144 4486 334 4563; x_wconf 78' lang='grc' dir='ltr'>ψυχῆς</span> <span class='ocrx_word' id='word_1_694' title='bbox 383 4484 568 4562; x_wconf 77' lang='grc' dir='ltr'>Κύριον</span> <span class='ocrx_word' id='word_1_695' title='bbox 608 4481 750 4546; x_wconf 69' lang='grc' dir='ltr'>οὕτω</span> <span class='ocrx_word' id='word_1_696' title='bbox 801 4483 1062 4562; x_wconf 71' lang='grc' dir='ltr'>φρίσσεις,</span> <span class='ocrx_word' id='word_1_697' title='bbox 1107 4481 1217 4560; x_wconf 83' lang='grc' dir='ltr'><strong>ἐγὼ</strong></span> <span class='ocrx_word' id='word_1_698' title='bbox 1273 4481 1328 4539; x_wconf 77' lang='grc' dir='ltr'><strong>δὲ</strong></span> <span class='ocrx_word' id='word_1_699' title='bbox 1385 4484 1476 4538; x_wconf 84' lang='grc' dir='ltr'><strong>τὸν</strong></span> <span class='ocrx_word' id='word_1_700' title='bbox 1531 4483 1792 4542; x_wconf 77' lang='grc' dir='ltr'>ἂθάνατον</span> 
     </span>
    </p>
   </div>
   <div class='ocr_carea' id='block_1_96' title="bbox 143 4571 1790 4650">
    <p class='ocr_par' dir='ltr' id='par_1_96' title="bbox 143 4571 1790 4650">
     <span class='ocr_line' id='line_1_96' title="bbox 143 4571 1790 4650; baseline -0.001 -20"><span class='ocrx_word' id='word_1_701' title='bbox 143 4577 233 4630; x_wconf 88' lang='grc' dir='ltr'>καὶ</span> <span class='ocrx_word' id='word_1_702' title='bbox 285 4574 501 4630; x_wconf 83' lang='grc' dir='ltr'>πάντων</span> <span class='ocrx_word' id='word_1_703' title='bbox 534 4573 632 4648; x_wconf 79' lang='grc' dir='ltr'>μὲν</span> <span class='ocrx_word' id='word_1_704' title='bbox 687 4572 950 4650; x_wconf 82' lang='grc' dir='ltr'>βασιλέων</span> <span class='ocrx_word' id='word_1_705' title='bbox 983 4573 1288 4646; x_wconf 85' lang='grc' dir='ltr'>Δεσπότην,</span> <span class='ocrx_word' id='word_1_706' title='bbox 1322 4573 1500 4641; x_wconf 81' lang='grc' dir='ltr'>πάσης</span> <span class='ocrx_word' id='word_1_707' title='bbox 1534 4571 1590 4628; x_wconf 75' lang='grc' dir='ltr'><strong>δὲ</strong></span> <span class='ocrx_word' id='word_1_708' title='bbox 1620 4578 1790 4639; x_wconf 80' lang='grc' dir='ltr'>πνοῆς</span> 
     </span>
    </p>
   </div>
   <div class='ocr_carea' id='block_1_97' title="bbox 142 4661 1791 4742">
    <p class='ocr_par' dir='ltr' id='par_1_97' title="bbox 142 4661 1791 4742">
     <span class='ocr_line' id='line_1_97' title="bbox 142 4661 1791 4742; baseline 0.001 -24"><span class='ocrx_word' id='word_1_709' title='bbox 142 4664 232 4720; x_wconf 80' lang='grc' dir='ltr'>καὶ</span> <span class='ocrx_word' id='word_1_710' title='bbox 263 4663 452 4742; x_wconf 77' lang='grc' dir='ltr'>ψυχῆς</span> <span class='ocrx_word' id='word_1_711' title='bbox 499 4663 809 4741; x_wconf 78' lang='grc' dir='ltr'>κυριεύοντα</span> <span class='ocrx_word' id='word_1_712' title='bbox 867 4663 992 4736; x_wconf 85' lang='grc' dir='ltr'>παρ’</span> <span class='ocrx_word' id='word_1_713' title='bbox 1036 4661 1183 4719; x_wconf 71' lang='grc' dir='ltr'>οὐδὲν</span> <span class='ocrx_word' id='word_1_714' title='bbox 1240 4661 1474 4738; x_wconf 74' lang='grc' dir='ltr'>θήσομαι</span> <span class='ocrx_word' id='word_1_715' title='bbox 1530 4664 1791 4727; x_wconf 80' lang='grc' dir='ltr'>καὶτοῖς</span> 
     </span>
    </p>
   </div>
   <div class='ocr_carea' id='block_1_98' title="bbox 143 4749 1792 4831">
    <p class='ocr_par' dir='ltr' id='par_1_98' title="bbox 143 4749 1792 4831">
     <span class='ocr_line' id='line_1_98' title="bbox 143 4749 1792 4831; baseline 0 -24"><span class='ocrx_word' id='word_1_716' title='bbox 143 4750 496 4830; x_wconf 78' lang='grc' dir='ltr'>ἐξυϐρίζουσιν</span> <span class='ocrx_word' id='word_1_717' title='bbox 541 4754 701 4808; x_wconf 74' lang='grc' dir='ltr'>αὐτὸν</span> <span class='ocrx_word' id='word_1_718' title='bbox 745 4752 876 4829; x_wconf 85' lang='grc' dir='ltr'>πρὸς</span> <span class='ocrx_word' id='word_1_719' title='bbox 922 4751 1098 4828; x_wconf 82' lang='grc' dir='ltr'>γάμον</span> <span class='ocrx_word' id='word_1_720' title='bbox 1149 4749 1466 4831; x_wconf 74' lang='grc' dir='ltr'>ἆχθήσομαι</span> <span class='ocrx_word' id='word_1_721' title='bbox 1505 4768 1520 4826; x_wconf 88' lang='grc'>;</span> <span class='ocrx_word' id='word_1_722' title='bbox 1573 4751 1609 4819; x_wconf 77' lang='grc' dir='ltr'><strong>ἢ</strong></span> <span class='ocrx_word' id='word_1_723' title='bbox 1667 4751 1792 4831; x_wconf 70' lang='grc' dir='ltr'>οὐχὶ</span> 
     </span>
    </p>
   </div>
   <div class='ocr_carea' id='block_1_99' title="bbox 145 4837 1794 4917">
    <p class='ocr_par' dir='ltr' id='par_1_99' title="bbox 145 4837 1794 4917">
     <span class='ocr_line' id='line_1_99' title="bbox 145 4837 1794 4917; baseline -0.003 -18"><span class='ocrx_word' id='word_1_724' title='bbox 145 4842 233 4900; x_wconf 79' lang='grc' dir='ltr'><strong>καὶ</strong></span> <span class='ocrx_word' id='word_1_725' title='bbox 296 4841 379 4897; x_wconf 84' lang='grc' dir='ltr'><strong>σοὶ</strong></span> <span class='ocrx_word' id='word_1_726' title='bbox 436 4838 581 4917; x_wconf 73' lang='grc' dir='ltr'>ὕϐρις</span> <span class='ocrx_word' id='word_1_727' title='bbox 636 4840 781 4896; x_wconf 74' lang='grc' dir='ltr'>εἶναι</span> <span class='ocrx_word' id='word_1_728' title='bbox 834 4837 1008 4915; x_wconf 80' lang='grc' dir='ltr'>δοκεῖ,</span> <span class='ocrx_word' id='word_1_729' title='bbox 1071 4843 1176 4896; x_wconf 82' lang='grc' dir='ltr'><strong>τῶν</strong></span> <span class='ocrx_word' id='word_1_730' title='bbox 1229 4837 1428 4895; x_wconf 81' lang='grc' dir='ltr'>δούλων</span> <span class='ocrx_word' id='word_1_731' title='bbox 1472 4837 1526 4895; x_wconf 76' lang='grc' dir='ltr'><strong>εἴ</strong></span> <span class='ocrx_word' id='word_1_732' title='bbox 1573 4861 1656 4904; x_wconf 92' lang='grc' dir='ltr'><strong>τις</strong></span> <span class='ocrx_word' id='word_1_733' title='bbox 1686 4847 1794 4896; x_wconf 80' lang='grc' dir='ltr'>τῶν</span> 
     </span>
    </p>
   </div>
   <div class='ocr_carea' id='block_1_100' title="bbox 141 4927 1794 5009">
    <p class='ocr_par' dir='ltr' id='par_1_100' title="bbox 141 4927 1794 5009">
     <span class='ocr_line' id='line_1_100' title="bbox 141 4927 1794 5009; baseline -0.005 -18"><span class='ocrx_word' id='word_1_734' title='bbox 141 4931 252 4990; x_wconf 69' lang='grc' dir='ltr'><strong>«ὧν</strong></span> <span class='ocrx_word' id='word_1_735' title='bbox 317 4928 596 5008; x_wconf 86' lang='grc' dir='ltr'>παρελθὼν</span> <span class='ocrx_word' id='word_1_736' title='bbox 647 4927 826 5009; x_wconf 73' lang='grc' dir='ltr'>φιλίαν</span> <span class='ocrx_word' id='word_1_737' title='bbox 869 4941 989 4993; x_wconf 81' lang='grc' dir='ltr'>τοῖς</span> <span class='ocrx_word' id='word_1_738' title='bbox 1034 4929 1158 4993; x_wconf 74' lang='grc' dir='ltr'>σοῖς</span> <span class='ocrx_word' id='word_1_739' title='bbox 1203 4929 1481 4985; x_wconf 85' lang='grc' dir='ltr'>σπείσαιτο</span> <span class='ocrx_word' id='word_1_740' title='bbox 1510 4927 1794 5004; x_wconf 84' lang='grc' dir='ltr'>πολεμίοις</span> 
     </span>
    </p>
   </div>
   <div class='ocr_carea' id='block_1_101' title="bbox 139 5018 1799 5097">
    <p class='ocr_par' dir='ltr' id='par_1_101' title="bbox 139 5018 1799 5097">
     <span class='ocr_line' id='line_1_101' title="bbox 139 5018 1799 5097; baseline -0.002 -21"><span class='ocrx_word' id='word_1_741' title='bbox 139 5021 232 5077; x_wconf 78' lang='grc' dir='ltr'>καὶ</span> <span class='ocrx_word' id='word_1_742' title='bbox 262 5018 459 5097; x_wconf 72' lang='grc' dir='ltr'>γάμοις</span> <span class='ocrx_word' id='word_1_743' title='bbox 492 5021 679 5082; x_wconf 75' lang='grc' dir='ltr'>αὐτοῖς</span> <span class='ocrx_word' id='word_1_744' title='bbox 712 5018 941 5093; x_wconf 74' lang='grc' dir='ltr'>συνάψαι</span> <span class='ocrx_word' id='word_1_745' title='bbox 971 5019 1059 5075; x_wconf 87' lang='grc' dir='ltr'><strong>καὶ</strong></span> <span class='ocrx_word' id='word_1_746' title='bbox 1089 5018 1390 5090; x_wconf 84' lang='grc' dir='ltr'>συνοικεσίᾳ</span> <span class='ocrx_word' id='word_1_747' title='bbox 1427 5035 1443 5093; x_wconf 87' lang='grc'>;</span> <span class='ocrx_word' id='word_1_748' title='bbox 1499 5019 1576 5094; x_wconf 77' lang='grc' dir='ltr'>μὴ</span> <span class='ocrx_word' id='word_1_749' title='bbox 1605 5018 1799 5075; x_wconf 81' lang='grc' dir='ltr'>ἅπατῶ</span> 
     </span>
    </p>
   </div>
   <div class='ocr_carea' id='block_1_102' title="bbox 142 5105 1790 5188">
    <p class='ocr_par' dir='ltr' id='par_1_102' title="bbox 142 5105 1790 5188">
     <span class='ocr_line' id='line_1_102' title="bbox 142 5105 1790 5188; baseline -0.001 -22"><span class='ocrx_word' id='word_1_750' title='bbox 142 5109 344 5181; x_wconf 88' lang='grc' dir='ltr'>τοίνυν,</span> <span class='ocrx_word' id='word_1_751' title='bbox 394 5105 534 5183; x_wconf 73' lang='grc' dir='ltr'>μηδὲ</span> <span class='ocrx_word' id='word_1_752' title='bbox 589 5106 772 5182; x_wconf 82' lang='grc' dir='ltr'>κύκλῳ</span> <span class='ocrx_word' id='word_1_753' title='bbox 822 5127 890 5182; x_wconf 89' lang='grc' dir='ltr'><strong>με</strong></span> <span class='ocrx_word' id='word_1_754' title='bbox 933 5107 1224 5188; x_wconf 84' lang='grc' dir='ltr'>περιέρχου</span> <span class='ocrx_word' id='word_1_755' title='bbox 1271 5110 1472 5166; x_wconf 86' lang='grc' dir='ltr'>πείσειν</span> <span class='ocrx_word' id='word_1_756' title='bbox 1504 5108 1790 5184; x_wconf 75' lang='grc' dir='ltr'>οἰόμενος·</span> 
     </span>
    </p>
   </div>
   <div class='ocr_carea' id='block_1_103' title="bbox 141 5195 1796 5277">
    <p class='ocr_par' dir='ltr' id='par_1_103' title="bbox 141 5195 1796 5277">
     <span class='ocr_line' id='line_1_103' title="bbox 141 5195 1796 5277; baseline -0.008 -16"><span class='ocrx_word' id='word_1_757' title='bbox 141 5197 263 5260; x_wconf 73' lang='grc' dir='ltr'>ἀλλ’</span> <span class='ocrx_word' id='word_1_758' title='bbox 327 5197 502 5272; x_wconf 83' lang='grc' dir='ltr'>εἰμὲν</span> <span class='ocrx_word' id='word_1_759' title='bbox 559 5195 765 5273; x_wconf 86' lang='grc' dir='ltr'>βούλει,</span> <span class='ocrx_word' id='word_1_760' title='bbox 827 5201 905 5270; x_wconf 86' lang='grc' dir='ltr'>τῷ</span> <span class='ocrx_word' id='word_1_761' title='bbox 963 5195 1078 5271; x_wconf 80' lang='grc' dir='ltr'>ἐμῷ</span> <span class='ocrx_word' id='word_1_762' title='bbox 1135 5198 1226 5253; x_wconf 77' lang='grc' dir='ltr'><strong>γαὶ</strong></span> <span class='ocrx_word' id='word_1_763' title='bbox 1281 5198 1442 5259; x_wconf 70' lang='grc' dir='ltr'>αὐτὸς</span> <span class='ocrx_word' id='word_1_764' title='bbox 1487 5197 1796 5277; x_wconf 76' lang='grc' dir='ltr'>προσέρχου</span> 
     </span>
    </p>
   </div>
   <div class='ocr_carea' id='block_1_104' title="bbox 142 5283 1796 5364">
    <p class='ocr_par' dir='ltr' id='par_1_104' title="bbox 142 5283 1796 5364">
     <span class='ocr_line' id='line_1_104' title="bbox 142 5283 1796 5364; baseline 0 -22"><span class='ocrx_word' id='word_1_765' title='bbox 142 5292 287 5361; x_wconf 74' lang='grc' dir='ltr'>Θεῷ,</span> <span class='ocrx_word' id='word_1_766' title='bbox 335 5287 380 5343; x_wconf 86' lang='grc' dir='ltr'>εἰ</span> <span class='ocrx_word' id='word_1_767' title='bbox 423 5283 470 5341; x_wconf 87' lang='grc' dir='ltr'>δ’</span> <span class='ocrx_word' id='word_1_768' title='bbox 517 5287 600 5360; x_wconf 78' lang='grc' dir='ltr'><strong>οὒ,</strong></span> <span class='ocrx_word' id='word_1_769' title='bbox 634 5284 777 5342; x_wconf 58' lang='grc' dir='ltr'>ἀλλὰ</span> <span class='ocrx_word' id='word_1_770' title='bbox 812 5285 874 5340; x_wconf 90' lang='grc' dir='ltr'><strong>σύ</strong></span> <span class='ocrx_word' id='word_1_771' title='bbox 916 5305 978 5362; x_wconf 89' lang='grc' dir='ltr'><strong>γε</strong></span> <span class='ocrx_word' id='word_1_772' title='bbox 1022 5285 1209 5364; x_wconf 80' lang='grc' dir='ltr'>σφάζε,</span> <span class='ocrx_word' id='word_1_773' title='bbox 1255 5283 1393 5343; x_wconf 74' lang='grc' dir='ltr'>δίδου</span> <span class='ocrx_word' id='word_1_774' title='bbox 1435 5289 1580 5363; x_wconf 82' lang='grc' dir='ltr'>πυρὶ,</span> <span class='ocrx_word' id='word_1_775' title='bbox 1645 5285 1796 5351; x_wconf 78' lang='grc' dir='ltr'>ξαῖνε</span> 
     </span>
    </p>
   </div>
   <div class='ocr_carea' id='block_1_105' title="bbox 143 5370 1794 5453">
    <p class='ocr_par' dir='ltr' id='par_1_105' title="bbox 143 5370 1794 5453">
     <span class='ocr_line' id='line_1_105' title="bbox 143 5370 1794 5453; baseline 0.001 -22"><span class='ocrx_word' id='word_1_776' title='bbox 143 5372 388 5452; x_wconf 77' lang='grc' dir='ltr'>μάστιξι,</span> <span class='ocrx_word' id='word_1_777' title='bbox 448 5376 603 5453; x_wconf 82' lang='grc' dir='ltr'>θηρσὶ</span> <span class='ocrx_word' id='word_1_778' title='bbox 661 5370 972 5451; x_wconf 83' lang='grc' dir='ltr'>παραδίδου,</span> <span class='ocrx_word' id='word_1_779' title='bbox 1023 5380 1148 5450; x_wconf 77' lang='grc' dir='ltr'>πᾶν,</span> <span class='ocrx_word' id='word_1_780' title='bbox 1199 5372 1380 5452; x_wconf 74' lang='grc' dir='ltr'>ὅτιπερ</span> <span class='ocrx_word' id='word_1_781' title='bbox 1431 5373 1492 5430; x_wconf 78' lang='grc' dir='ltr'>ἂν</span> <span class='ocrx_word' id='word_1_782' title='bbox 1553 5374 1794 5452; x_wconf 89' lang='grc' dir='ltr'>βούλοιο,</span> 
     </span>
    </p>
   </div>
   <div class='ocr_carea' id='block_1_106' title="bbox 140 5460 1795 5550">
    <p class='ocr_par' dir='ltr' id='par_1_106' title="bbox 140 5460 1795 5550">
     <span class='ocr_line' id='line_1_106' title="bbox 140 5460 1795 5550; baseline -0.001 -27"><span class='ocrx_word' id='word_1_783' title='bbox 140 5466 270 5550; x_wconf 81' lang='grc' dir='ltr'><strong>χρῶ</strong></span> <span class='ocrx_word' id='word_1_784' title='bbox 307 5484 321 5500; x_wconf 88' lang='grc'>⁶</span> <span class='ocrx_word' id='word_1_785' title='bbox 356 5464 420 5522; x_wconf 90' lang='grc' dir='ltr'><strong>σύ</strong></span> <span class='ocrx_word' id='word_1_786' title='bbox 448 5486 506 5522; x_wconf 88' lang='grc' dir='ltr'><strong>τε</strong></span> <span class='ocrx_word' id='word_1_787' title='bbox 536 5461 636 5544; x_wconf 81' lang='grc' dir='ltr'>γὰρ</span> <span class='ocrx_word' id='word_1_788' title='bbox 666 5463 786 5542; x_wconf 81' lang='grc' dir='ltr'>ἐμοὶ</span> <span class='ocrx_word' id='word_1_789' title='bbox 817 5460 1130 5542; x_wconf 80' lang='grc' dir='ltr'>βδελυκτὸς,</span> <span class='ocrx_word' id='word_1_790' title='bbox 1165 5464 1254 5521; x_wconf 84' lang='grc' dir='ltr'><strong>καὶ</strong></span> <span class='ocrx_word' id='word_1_791' title='bbox 1283 5463 1434 5550; x_wconf 12' lang='grc' dir='ltr'>δῗσὸς</span> <span class='ocrx_word' id='word_1_792' title='bbox 1467 5473 1641 5542; x_wconf 69' lang='grc' dir='ltr'>γάμος</span> <span class='ocrx_word' id='word_1_793' title='bbox 1671 5487 1795 5522; x_wconf 90' lang='grc' dir='ltr'>κοι-</span> 
     </span>
    </p>
   </div>
   <div class='ocr_carea' id='block_1_107' title="bbox 142 5549 1790 5639">
    <p class='ocr_par' dir='ltr' id='par_1_107' title="bbox 142 5549 1790 5639">
     <span class='ocr_line' id='line_1_107' title="bbox 142 5549 1790 5639; baseline -0.001 -23"><span class='ocrx_word' id='word_1_794' title='bbox 142 5549 310 5616; x_wconf 81' lang='grc' dir='ltr'>νωνία</span> <span class='ocrx_word' id='word_1_795' title='bbox 362 5555 496 5639; x_wconf 73' lang='grc' dir='ltr'>πρὸς</span> <span class='ocrx_word' id='word_1_796' title='bbox 555 5551 687 5633; x_wconf 79' lang='grc' dir='ltr'>ᾁδην</span> <span class='ocrx_word' id='word_1_797' title='bbox 733 5553 824 5613; x_wconf 76' lang='grc' dir='ltr'>καὶ</span> <span class='ocrx_word' id='word_1_798' title='bbox 863 5552 1026 5638; x_wconf 57' lang='grc' dir='ltr'>τάφος</span> <span class='ocrx_word' id='word_1_799' title='bbox 1078 5551 1135 5612; x_wconf 75' lang='grc' dir='ltr'><strong>ἐν</strong></span> <span class='ocrx_word' id='word_1_800' title='bbox 1181 5549 1486 5635; x_wconf 70' lang='grc' dir='ltr'>ὀφθαλμοῖς</span> <span class='ocrx_word' id='word_1_801' title='bbox 1515 5554 1790 5635; x_wconf 82' lang='grc' dir='ltr'>κείμενος.</span> 
     </span>
    </p>
   </div>
   <div class='ocr_carea' id='block_1_108' title="bbox 1876 4474 3516 4552">
    <p class='ocr_par' dir='ltr' id='par_1_108' title="bbox 1876 4474 3516 4552">
     <span class='ocr_line' id='line_1_108' title="bbox 1876 4474 3516 4552; baseline 0.001 -14"><span class='ocrx_word' id='word_1_802' title='bbox 1876 4475 2056 4538; x_wconf 90' lang='lat' dir='ltr'><strong>etiam</strong></span> <span class='ocrx_word' id='word_1_803' title='bbox 2113 4474 2348 4552; x_wconf 75' lang='lat' dir='ltr'><strong>animae,</strong></span> <span class='ocrx_word' id='word_1_804' title='bbox 2402 4474 2606 4536; x_wconf 78' lang='lat' dir='ltr'><strong>times?</strong></span> <span class='ocrx_word' id='word_1_805' title='bbox 2637 4493 2746 4552; x_wconf 84' lang='lat' dir='ltr'><strong>ego</strong></span> <span class='ocrx_word' id='word_1_806' title='bbox 2773 4483 2972 4537; x_wconf 88' lang='lat' dir='ltr'><strong>autem</strong></span> <span class='ocrx_word' id='word_1_807' title='bbox 3025 4475 3421 4540; x_wconf 83' lang='lat' dir='ltr'><strong>immortalem</strong></span> <span class='ocrx_word' id='word_1_808' title='bbox 3453 4486 3516 4540; x_wconf 88' lang='lat' dir='ltr'><strong>et</strong></span> 
     </span>
    </p>
   </div>
   <div class='ocr_carea' id='block_1_109' title="bbox 1877 4564 3512 4646">
    <p class='ocr_par' dir='ltr' id='par_1_109' title="bbox 1877 4564 3512 4646">
     <span class='ocr_line' id='line_1_109' title="bbox 1877 4564 3512 4646; baseline 0.001 -18"><span class='ocrx_word' id='word_1_809' title='bbox 1877 4564 2196 4628; x_wconf 87' lang='lat' dir='ltr'><strong>Dominum</strong></span> <span class='ocrx_word' id='word_1_810' title='bbox 2231 4565 2498 4626; x_wconf 91' lang='lat' dir='ltr'><strong>omnium</strong></span> <span class='ocrx_word' id='word_1_811' title='bbox 2530 4572 2830 4643; x_wconf 80' lang='lat' dir='ltr'><strong>regum,et</strong></span> <span class='ocrx_word' id='word_1_812' title='bbox 2857 4567 2960 4645; x_wconf 87' lang='lat' dir='ltr'><strong>qui</strong></span> <span class='ocrx_word' id='word_1_813' title='bbox 2981 4564 3145 4626; x_wconf 89' lang='lat' dir='ltr'><strong>omni</strong></span> <span class='ocrx_word' id='word_1_814' title='bbox 3177 4566 3419 4646; x_wconf 77' lang='lat' dir='ltr'><strong>Spiritui</strong></span> <span class='ocrx_word' id='word_1_815' title='bbox 3449 4575 3512 4630; x_wconf 81' lang='lat' dir='ltr'><strong>et</strong></span> 
     </span>
    </p>
   </div>
   <div class='ocr_carea' id='block_1_110' title="bbox 1877 4653 3516 4718">
    <p class='ocr_par' dir='ltr' id='par_1_110' title="bbox 1877 4653 3516 4718">
     <span class='ocr_line' id='line_1_110' title="bbox 1877 4653 3516 4718; baseline 0 0"><span class='ocrx_word' id='word_1_816' title='bbox 1877 4660 2095 4718; x_wconf 65' lang='lat' dir='ltr'><strong>animae</strong></span> <span class='ocrx_word' id='word_1_817' title='bbox 2118 4654 2463 4716; x_wconf 89' lang='lat' dir='ltr'><strong>dominatur</strong></span> <span class='ocrx_word' id='word_1_818' title='bbox 2511 4653 2687 4715; x_wconf 90' lang='lat' dir='ltr'><strong>nihili</strong></span> <span class='ocrx_word' id='word_1_819' title='bbox 2743 4653 2954 4716; x_wconf 85' lang='lat' dir='ltr'><strong>faciam</strong></span> <span class='ocrx_word' id='word_1_820' title='bbox 2977 4653 3008 4714; x_wconf 73' lang='lat' dir='ltr'><strong>‘I</strong></span> <span class='ocrx_word' id='word_1_821' title='bbox 3040 4665 3099 4717; x_wconf 88' lang='lat' dir='ltr'><strong>et</strong></span> <span class='ocrx_word' id='word_1_822' title='bbox 3133 4655 3516 4718; x_wconf 86' lang='lat' dir='ltr'><strong>matrimonio</strong></span> 
     </span>
    </p>
   </div>
   <div class='ocr_carea' id='block_1_111' title="bbox 1880 4743 3522 4825">
    <p class='ocr_par' dir='ltr' id='par_1_111' title="bbox 1880 4743 3522 4825">
     <span class='ocr_line' id='line_1_111' title="bbox 1880 4743 3522 4825; baseline 0 -18"><span class='ocrx_word' id='word_1_823' title='bbox 1880 4745 2212 4824; x_wconf 87' lang='lat' dir='ltr'><strong>conjungar</strong></span> <span class='ocrx_word' id='word_1_824' title='bbox 2233 4763 2370 4806; x_wconf 90' lang='lat' dir='ltr'><strong>cum</strong></span> <span class='ocrx_word' id='word_1_825' title='bbox 2394 4743 2468 4806; x_wconf 89' lang='lat' dir='ltr'><strong>iis</strong></span> <span class='ocrx_word' id='word_1_826' title='bbox 2488 4743 2587 4825; x_wconf 89' lang='lat' dir='ltr'><strong>qui</strong></span> <span class='ocrx_word' id='word_1_827' title='bbox 2608 4744 2801 4822; x_wconf 88' lang='lat' dir='ltr'><strong>ipsum</strong></span> <span class='ocrx_word' id='word_1_828' title='bbox 2826 4745 3094 4806; x_wconf 78' lang='lat' dir='ltr'><strong>afficiunt</strong></span> <span class='ocrx_word' id='word_1_829' title='bbox 3117 4744 3368 4823; x_wconf 82' lang='lat' dir='ltr'><strong>injuria?</strong></span> <span class='ocrx_word' id='word_1_830' title='bbox 3395 4747 3522 4809; x_wconf 83' lang='lat' dir='ltr'><strong>An-</strong></span> 
     </span>
    </p>
   </div>
   <div class='ocr_carea' id='block_1_112' title="bbox 1879 4832 3520 4913">
    <p class='ocr_par' dir='ltr' id='par_1_112' title="bbox 1879 4832 3520 4913">
     <span class='ocr_line' id='line_1_112' title="bbox 1879 4832 3520 4913; baseline 0.001 -17"><span class='ocrx_word' id='word_1_831' title='bbox 1879 4853 2002 4896; x_wconf 87' lang='lat' dir='ltr'><strong>non</strong></span> <span class='ocrx_word' id='word_1_832' title='bbox 2036 4834 2144 4895; x_wconf 89' lang='lat' dir='ltr'><strong>tibi</strong></span> <span class='ocrx_word' id='word_1_833' title='bbox 2176 4852 2311 4896; x_wconf 89' lang='lat' dir='ltr'><strong>esse</strong></span> <span class='ocrx_word' id='word_1_834' title='bbox 2342 4835 2579 4896; x_wconf 90' lang='lat' dir='ltr'><strong>videtur</strong></span> <span class='ocrx_word' id='word_1_835' title='bbox 2607 4832 2848 4911; x_wconf 86' lang='lat' dir='ltr'><strong>injuria,</strong></span> <span class='ocrx_word' id='word_1_836' title='bbox 2875 4833 2926 4895; x_wconf 89' lang='lat' dir='ltr'><strong>si</strong></span> <span class='ocrx_word' id='word_1_837' title='bbox 2958 4833 3091 4913; x_wconf 89' lang='lat' dir='ltr'><strong>quis</strong></span> <span class='ocrx_word' id='word_1_838' title='bbox 3117 4851 3150 4894; x_wconf 90' lang='lat' dir='ltr'><strong>e</strong></span> <span class='ocrx_word' id='word_1_839' title='bbox 3183 4838 3298 4895; x_wconf 87' lang='lat' dir='ltr'><strong>tuis</strong></span> <span class='ocrx_word' id='word_1_840' title='bbox 3329 4835 3520 4898; x_wconf 84' lang='lat' dir='ltr'><strong>servis</strong></span> 
     </span>
    </p>
   </div>
   <div class='ocr_carea' id='block_1_113' title="bbox 1880 4922 3522 5006">
    <p class='ocr_par' dir='ltr' id='par_1_113' title="bbox 1880 4922 3522 5006">
     <span class='ocr_line' id='line_1_113' title="bbox 1880 4922 3522 5006; baseline 0.001 -20"><span class='ocrx_word' id='word_1_841' title='bbox 1880 4924 2202 4997; x_wconf 87' lang='lat' dir='ltr'><strong>accedens,</strong></span> <span class='ocrx_word' id='word_1_842' title='bbox 2227 4923 2550 4986; x_wconf 87' lang='lat' dir='ltr'><strong>amicitiam</strong></span> <span class='ocrx_word' id='word_1_843' title='bbox 2583 4922 2786 4984; x_wconf 85' lang='lat' dir='ltr'><strong>inierit</strong></span> <span class='ocrx_word' id='word_1_844' title='bbox 2815 4940 2948 4982; x_wconf 90' lang='lat' dir='ltr'><strong>cum</strong></span> <span class='ocrx_word' id='word_1_845' title='bbox 2983 4923 3098 4983; x_wconf 90' lang='lat' dir='ltr'><strong>tuis</strong></span> <span class='ocrx_word' id='word_1_846' title='bbox 3126 4923 3425 5006; x_wconf 88' lang='lat' dir='ltr'><strong>hostibus,</strong></span> <span class='ocrx_word' id='word_1_847' title='bbox 3463 4934 3522 4987; x_wconf 86' lang='lat' dir='ltr'><strong>et</strong></span> 
     </span>
    </p>
   </div>
   <div class='ocr_carea' id='block_1_114' title="bbox 1884 5011 3524 5090">
    <p class='ocr_par' dir='ltr' id='par_1_114' title="bbox 1884 5011 3524 5090">
     <span class='ocr_line' id='line_1_114' title="bbox 1884 5011 3524 5090; baseline 0 -15"><span class='ocrx_word' id='word_1_848' title='bbox 1884 5031 2021 5075; x_wconf 89' lang='lat' dir='ltr'><strong>cum</strong></span> <span class='ocrx_word' id='word_1_849' title='bbox 2053 5012 2140 5074; x_wconf 90' lang='lat' dir='ltr'><strong>eis</strong></span> <span class='ocrx_word' id='word_1_850' title='bbox 2164 5012 2367 5074; x_wconf 89' lang='lat' dir='ltr'><strong>inierit</strong></span> <span class='ocrx_word' id='word_1_851' title='bbox 2401 5011 2782 5072; x_wconf 89' lang='lat' dir='ltr'><strong>matrimonia</strong></span> <span class='ocrx_word' id='word_1_852' title='bbox 2803 5017 2831 5072; x_wconf 88' lang='lat'><strong>?</strong></span> <span class='ocrx_word' id='word_1_853' title='bbox 2861 5012 2954 5074; x_wconf 88' lang='lat' dir='ltr'><strong>Ne</strong></span> <span class='ocrx_word' id='word_1_854' title='bbox 2984 5029 3128 5090; x_wconf 85' lang='lat' dir='ltr'><strong>ergo</strong></span> <span class='ocrx_word' id='word_1_855' title='bbox 3159 5011 3524 5090; x_wconf 80' lang='lat' dir='ltr'><strong>fallaris,ne-</strong></span> 
     </span>
    </p>
   </div>
   <div class='ocr_carea' id='block_1_115' title="bbox 1883 5098 3522 5184">
    <p class='ocr_par' dir='ltr' id='par_1_115' title="bbox 1883 5098 3522 5184">
     <span class='ocr_line' id='line_1_115' title="bbox 1883 5098 3522 5184; baseline 0.001 -20"><span class='ocrx_word' id='word_1_856' title='bbox 1883 5120 2000 5184; x_wconf 85' lang='lat' dir='ltr'><strong>que</strong></span> <span class='ocrx_word' id='word_1_857' title='bbox 2059 5100 2247 5162; x_wconf 84' lang='lat' dir='ltr'><strong>utaris</strong></span> <span class='ocrx_word' id='word_1_858' title='bbox 2302 5098 2680 5178; x_wconf 76' lang='lat' dir='ltr'><strong>ambagibus,</strong></span> <span class='ocrx_word' id='word_1_859' title='bbox 2727 5099 3028 5162; x_wconf 86' lang='lat' dir='ltr'><strong>arbitrans</strong></span> <span class='ocrx_word' id='word_1_860' title='bbox 3080 5101 3208 5164; x_wconf 81' lang='lat' dir='ltr'><strong>fore</strong></span> <span class='ocrx_word' id='word_1_861' title='bbox 3239 5111 3303 5164; x_wconf 92' lang='lat' dir='ltr'><strong>ut</strong></span> <span class='ocrx_word' id='word_1_862' title='bbox 3333 5111 3394 5166; x_wconf 91' lang='lat' dir='ltr'><strong>tu</strong></span> <span class='ocrx_word' id='word_1_863' title='bbox 3425 5122 3522 5166; x_wconf 89' lang='lat' dir='ltr'><strong>me</strong></span> 
     </span>
    </p>
   </div>
   <div class='ocr_carea' id='block_1_116' title="bbox 1884 5187 3521 5272">
    <p class='ocr_par' dir='ltr' id='par_1_116' title="bbox 1884 5187 3521 5272">
     <span class='ocr_line' id='line_1_116' title="bbox 1884 5187 3521 5272; baseline 0.001 -19"><span class='ocrx_word' id='word_1_864' title='bbox 1884 5191 2268 5270; x_wconf 86' lang='lat' dir='ltr'><strong>persuadeas.</strong></span> <span class='ocrx_word' id='word_1_865' title='bbox 2303 5187 2419 5250; x_wconf 87' lang='lat' dir='ltr'><strong>Sed</strong></span> <span class='ocrx_word' id='word_1_866' title='bbox 2455 5190 2505 5249; x_wconf 90' lang='lat' dir='ltr'><strong>si</strong></span> <span class='ocrx_word' id='word_1_867' title='bbox 2535 5188 2686 5249; x_wconf 86' lang='lat' dir='ltr'><strong>velis</strong></span> <span class='ocrx_word' id='word_1_868' title='bbox 2714 5189 2982 5269; x_wconf 90' lang='lat' dir='ltr'><strong>quidem,</strong></span> <span class='ocrx_word' id='word_1_869' title='bbox 3017 5189 3152 5270; x_wconf 88' lang='lat' dir='ltr'><strong>ipse</strong></span> <span class='ocrx_word' id='word_1_870' title='bbox 3179 5211 3418 5272; x_wconf 90' lang='lat' dir='ltr'><strong>quoque</strong></span> <span class='ocrx_word' id='word_1_871' title='bbox 3447 5194 3521 5255; x_wconf 89' lang='lat' dir='ltr'><strong>ad</strong></span> 
     </span>
    </p>
   </div>
   <div class='ocr_carea' id='block_1_117' title="bbox 1883 5277 3528 5356">
    <p class='ocr_par' dir='ltr' id='par_1_117' title="bbox 1883 5277 3528 5356">
     <span class='ocr_line' id='line_1_117' title="bbox 1883 5277 3528 5356; baseline -0.001 -11"><span class='ocrx_word' id='word_1_872' title='bbox 1883 5284 2074 5345; x_wconf 87' lang='lat' dir='ltr'><strong>Deum</strong></span> <span class='ocrx_word' id='word_1_873' title='bbox 2107 5296 2308 5341; x_wconf 91' lang='lat' dir='ltr'><strong>meum</strong></span> <span class='ocrx_word' id='word_1_874' title='bbox 2337 5277 2559 5340; x_wconf 88' lang='lat' dir='ltr'><strong>accede</strong></span> <span class='ocrx_word' id='word_1_875' title='bbox 2593 5277 2728 5341; x_wconf 90' lang='lat' dir='ltr'><strong>:sin</strong></span> <span class='ocrx_word' id='word_1_876' title='bbox 2763 5279 3051 5356; x_wconf 88' lang='lat' dir='ltr'><strong>minus,at</strong></span> <span class='ocrx_word' id='word_1_877' title='bbox 3077 5289 3136 5341; x_wconf 90' lang='lat' dir='ltr'><strong>tu</strong></span> <span class='ocrx_word' id='word_1_878' title='bbox 3169 5299 3266 5342; x_wconf 88' lang='lat' dir='ltr'><strong>me</strong></span> <span class='ocrx_word' id='word_1_879' title='bbox 3294 5281 3528 5344; x_wconf 82' lang='lat' dir='ltr'><strong>interti-</strong></span> 
     </span>
    </p>
   </div>
   <div class='ocr_carea' id='block_1_118' title="bbox 1883 5365 3526 5451">
    <p class='ocr_par' dir='ltr' id='par_1_118' title="bbox 1883 5365 3526 5451">
     <span class='ocr_line' id='line_1_118' title="bbox 1883 5365 3526 5451; baseline 0 -18"><span class='ocrx_word' id='word_1_880' title='bbox 1883 5367 2204 5445; x_wconf 78' lang='lat' dir='ltr'><strong>ce,manda</strong></span> <span class='ocrx_word' id='word_1_881' title='bbox 2230 5366 2376 5447; x_wconf 81' lang='lat' dir='ltr'><strong>igni,</strong></span> <span class='ocrx_word' id='word_1_882' title='bbox 2413 5365 2580 5429; x_wconf 78' lang='lat' dir='ltr'><strong>caede</strong></span> <span class='ocrx_word' id='word_1_883' title='bbox 2606 5366 3060 5446; x_wconf 76' lang='lat' dir='ltr'><strong>ﬂagellis,trade</strong></span> <span class='ocrx_word' id='word_1_884' title='bbox 3090 5367 3324 5451; x_wconf 86' lang='lat' dir='ltr'><strong>bestiis,</strong></span> <span class='ocrx_word' id='word_1_885' title='bbox 3351 5379 3526 5433; x_wconf 89' lang='lat' dir='ltr'><strong>utere</strong></span> 
     </span>
    </p>
   </div>
   <div class='ocr_carea' id='block_1_119' title="bbox 1881 5455 3524 5539">
    <p class='ocr_par' dir='ltr' id='par_1_119' title="bbox 1881 5455 3524 5539">
     <span class='ocr_line' id='line_1_119' title="bbox 1881 5455 3524 5539; baseline 0.001 -17"><span class='ocrx_word' id='word_1_886' title='bbox 1881 5457 2430 5539; x_wconf 84' lang='lat' dir='ltr'><strong>quomodocunque</strong></span> <span class='ocrx_word' id='word_1_887' title='bbox 2460 5455 2748 5518; x_wconf 87' lang='lat' dir='ltr'><strong>volueris.</strong></span> <span class='ocrx_word' id='word_1_888' title='bbox 2783 5455 2873 5519; x_wconf 92' lang='lat' dir='ltr'><strong>Tu</strong></span> <span class='ocrx_word' id='word_1_889' title='bbox 2902 5458 3066 5520; x_wconf 89' lang='lat' dir='ltr'><strong>enim</strong></span> <span class='ocrx_word' id='word_1_890' title='bbox 3099 5476 3163 5521; x_wconf 90' lang='lat' dir='ltr'><strong>es</strong></span> <span class='ocrx_word' id='word_1_891' title='bbox 3191 5459 3342 5522; x_wconf 90' lang='lat' dir='ltr'><strong>mihi</strong></span> <span class='ocrx_word' id='word_1_892' title='bbox 3372 5459 3524 5524; x_wconf 78' lang='lat' dir='ltr'><strong>abo-</strong></span> 
     </span>
    </p>
   </div>
   <div class='ocr_carea' id='block_1_120' title="bbox 1883 5545 3523 5622">
    <p class='ocr_par' dir='ltr' id='par_1_120' title="bbox 1883 5545 3523 5622">
     <span class='ocr_line' id='line_1_120' title="bbox 1883 5545 3523 5622; baseline 0.005 -10"><span class='ocrx_word' id='word_1_893' title='bbox 1883 5547 2302 5622; x_wconf 82' lang='lat' dir='ltr'><strong>minandus,et~</strong></span> <span class='ocrx_word' id='word_1_894' title='bbox 2317 5555 2482 5609; x_wconf 88' lang='lat' dir='ltr'><strong>tuum</strong></span> <span class='ocrx_word' id='word_1_895' title='bbox 2510 5545 3076 5612; x_wconf 71' lang='lat' dir='ltr'><strong>matrimonium-est</strong></span> <span class='ocrx_word' id='word_1_896' title='bbox 3103 5548 3362 5615; x_wconf 77' lang='lat' dir='ltr'><strong>societas</strong></span> <span class='ocrx_word' id='word_1_897' title='bbox 3385 5568 3523 5620; x_wconf 83' lang='lat' dir='ltr'><strong>cum</strong></span> 
     </span>
    </p>
   </div>
   <div class='ocr_carea' id='block_1_121' title="bbox 1880 5636 3192 5723">
    <p class='ocr_par' dir='ltr' id='par_1_121' title="bbox 1880 5636 3192 5723">
     <span class='ocr_line' id='line_1_121' title="bbox 1880 5636 3192 5723; baseline 0.002 -18"><span class='ocrx_word' id='word_1_898' title='bbox 1880 5637 2094 5706; x_wconf 78' lang='lat' dir='ltr'><strong>inferis</strong></span> <span class='ocrx_word' id='word_1_899' title='bbox 2122 5645 2182 5703; x_wconf 90' lang='lat' dir='ltr'><strong>et</strong></span> <span class='ocrx_word' id='word_1_900' title='bbox 2211 5636 2560 5722; x_wconf 87' lang='lat' dir='ltr'><strong>sepulcrum</strong></span> <span class='ocrx_word' id='word_1_901' title='bbox 2593 5636 2854 5723; x_wconf 87' lang='lat' dir='ltr'><strong>positum</strong></span> <span class='ocrx_word' id='word_1_902' title='bbox 2886 5638 2946 5705; x_wconf 87' lang='lat' dir='ltr'><strong>in</strong></span> <span class='ocrx_word' id='word_1_903' title='bbox 2977 5639 3192 5707; x_wconf 87' lang='lat' dir='ltr'><strong>oculis.</strong></span> 
     </span>
    </p>
   </div>
  </div>
