3932 6140
414 212 566 287 1443

410 440 970 520 addidisset,ignem
996 439 1098 502 ira;
1119 438 1242 518 igni
1265 439 1677 514 amoris,totus
1695 437 1850 518 ignis
1873 446 2052 520 appa-

412 532 607 609 rebat,
642 540 702 594 et
750 531 951 592 furore
975 529 1328 609 agitabatur.
1358 530 1516 592 Talis
1544 529 1703 591 enim
1739 535 1829 590 est
1856 546 2046 604 amor,

411 624 462 685 si
493 621 672 685 fuerit
705 620 1074 699 contemptui
1107 618 1365 683 habitus.
1415 618 1485 682 Et
1532 627 1844 700 propterea
1875 635 2050 698 grave

413 717 775 776 tormentum
802 707 1001 770 intulit
1023 709 1278 788 egregiae
1298 709 1383 770 illi
1407 707 1716 788 virgini.Id
1748 725 1889 770 vero
1925 714 2052 769 erat

413 799 797 882 ejusmodi,ut
819 817 853 859 a
875 805 1132 879 quatuor
1151 797 1304 861 loris
1326 796 1784 874 extensa,aridis
1807 797 2049 878 quidem

413 888 936 964 nervis,viridibus
960 895 1158 950 autem
1181 887 1504 949 viminibus
1522 890 1647 968 ipsa
1668 887 1772 948 diu
1793 906 1826 949 a
1848 886 2050 948 multis

412 977 979 1045 verberaretur.Ubi
1011 987 1208 1040 autem
1235 977 1461 1040 defessi
1485 978 1723 1058 quidem
1750 985 1920 1040 erant
1941 977 2049 1052 illi,

411 1067 1021 1152 quiverberabant(ei
1046 1085 1190 1128 vero
1219 1067 1448 1147 punitio
1473 1075 1600 1128 erat
1621 1066 1818 1149 potius
1837 1066 2051 1129 conﬁr-

412 1160 590 1221 matio
623 1176 831 1221 eorum
883 1175 1014 1238 quae
1064 1155 1318 1233 dixerat,
1362 1165 1425 1218 ut
1458 1175 1590 1238 quae
1625 1157 1774 1219 nihil
1806 1156 2048 1218 omnino

414 1248 763 1313 ostenderet
789 1247 1086 1310 muliebre
1113 1265 1224 1309 nec
1247 1246 1597 1329 illiberale),
1626 1245 1849 1326 jubens
1872 1247 2050 1308 licto-

410 1359 506 1402 rcs
527 1357 762 1402 cessare
785 1342 1118 1414 praefectus:
1141 1341 1251 1398 Sed
1279 1343 1399 1399 haec
1414 1341 1930 1413 quidem,inquit,o
1946 1341 2050 1398 Ju-

409 1429 740 1504 liana,sunt
767 1427 942 1489 initia
965 1436 1023 1489 et
1043 1427 1334 1509 prooemia
1358 1425 1916 1490 tormentorum.Tu
1936 1445 2049 1489 au-

413 1528 531 1582 tem
577 1538 648 1580 ex
685 1519 782 1580 his
821 1517 895 1578 de
925 1517 1058 1578 aliis
1083 1536 1330 1598 quoque
1349 1518 1594 1598 capiens
1611 1517 2045 1596 conjecturam,

409 1611 616 1670 acc-ede
641 1626 858 1682 magnae
882 1611 1074 1668 Dianae
1096 1610 1514 1669 sacriﬁcatura.
1543 1610 1642 1668 Sin
1675 1613 2051 1680 minus,post-

413 1714 588 1776 quam
618 1712 790 1775 passa
825 1693 1032 1770 fueris,
1069 1693 1225 1755 scies
1247 1692 1496 1755 omnino
1529 1700 1586 1754 te
1617 1692 1693 1756 de
1713 1692 1898 1754 rebus
1930 1693 2080 1766 tuisl

2213 1719 2234 1752 ν
2297 1699 2504 1754 οἰκείων
2538 1696 2968 1774 βουλευσαμένη.
3004 1687 3068 1755 Ἠ
3100 1697 3156 1755 δὲ
3206 1698 3638 1767 δεινοπαθησασα
3693 1694 3760 1774 ἐς

411 1805 530 1847 non
553 1790 774 1847 bonum
803 1790 1023 1860 cepisse
1049 1787 1498 1845 consiliumltla
1523 1801 1837 1859 vero,aagre
1861 1787 2050 1846 ferens

410 1874 567 1955 quod
591 1881 822 1955 putaret
843 1892 908 1935 se
935 1890 1110 1954 posse
1132 1872 1187 1934 ei
1213 1870 1578 1953 persuadere
1614 1893 1627 1930 :
1655 1872 1796 1942 Fac.
1831 1871 2046 1952 inquit,

411 1983 444 2026 ο
469 1973 530 2024 tu
564 1962 738 2043 plane
767 1961 948 2024 stulte
975 1968 1036 2022 et
1058 1959 1441 2022 amens.Nam
1466 1977 1564 2021 me
1590 1957 1842 2021 habebis
1863 1960 2050 2039 magis

407 2061 668 2134 paratam
701 2051 1027 2132 pati,quam
1060 2058 1118 2112 tu
1152 2049 1236 2112 sis
1269 2057 1508 2130 paratus
1537 2048 1924 2113 facere.Gum
1962 2050 2050 2111 sic

409 2145 996 2210 dixisset,acerbioris
1013 2144 1296 2204 orationis
1320 2157 1516 2214 poenas
1535 2142 1638 2200 luit
1653 2143 2046 2214 gravissimas,

409 2249 703 2312 suspensa
732 2229 974 2310 quidem
1026 2229 1260 2310 capillis
1312 2227 1553 2309 capitis,
1608 2246 1821 2307 magna
1849 2235 2046 2290 autem

409 2321 529 2383 diei
563 2327 730 2402 parte
752 2319 1203 2400 pendens,adeo
1237 2327 1300 2382 ut
1325 2327 1572 2400 propter
1600 2317 1918 2382 violentam
1953 2335 2053 2380 ex-

408 2411 743 2474 tensionem
774 2409 977 2470 avulsa
1006 2408 1249 2489 quidem
1275 2409 1352 2469 sit
1387 2407 1562 2488 pellis
1594 2425 1629 2468 a
1659 2407 1879 2489 capite,
1914 2407 2044 2468 vul-

410 2507 502 2562 tus
531 2517 668 2560 vero
718 2499 793 2560 sit
854 2497 1022 2560 valde
1053 2495 1456 2578 perturbatus,
1492 2504 1549 2558 et
1575 2500 1760 2578 super
1788 2496 2048 2558 frontem

410 2595 594 2652 tracta
649 2588 879 2650 fuerint
935 2586 1281 2669 supercilia.
1342 2585 1667 2649 Praefectus
1699 2602 1840 2664 ergo
1871 2585 2047 2646 etiam

417 2687 548 2759 post
579 2676 936 2757 supplicium
967 2676 1148 2738 verba
1194 2692 1401 2739 rursus
1449 2674 1745 2756 adhibuit,
1793 2673 1850 2736 ei
1881 2692 2049 2755 spem

409 2766 715 2848 praebente
744 2784 974 2847 amore,
1010 2773 1068 2828 et
1096 2772 1161 2830 ut
1191 2765 1277 2842 id,
1307 2764 1467 2847 quod
1499 2764 1670 2828 valde
1698 2763 2049 2846 vellet,exs-

408 2864 668 2938 pectarel
699 2858 1124 2937 persuadente.

487 2944 941 3024 Vll.Postquam
973 2954 1169 3007 autem
1200 2941 1304 3006 ille
1325 2944 1514 3006 multa
1537 2942 1934 3018 dicens,visus
1957 2953 2051 3008 est

1677 213 1958 283 MENSIS
1997 212 2511 286 FEBRUABIUS.

489 351 591 415 VI.
618 351 758 415 Haec
781 367 915 413 cum
940 348 1226 412 audiisset
1250 347 1584 430 praefectus,
1613 359 1673 412 et
1699 347 1820 428 igni
1849 346 2046 427 ignem
2071 356 2110 407 Α

3635 214 3794 281 1444

2213 353 2318 428 ς’.
2365 356 2577 414 Τούτων
2638 352 2866 422 ἀκούσας
2945 355 2974 412 6
3031 351 3269 435 ἔπαρχος
3337 355 3428 413 κᾶὶ
3482 355 3609 434 πυρὶ
3679 360 3790 432 πῦρ

2132 447 2396 519 προσθεὶς,
2452 448 2516 503 τὸ
2571 455 2665 505 τοό
2718 449 2904 522 θυμοῦ,
2963 445 3024 501 τὸ
3078 452 3170 502 τοῦ
3225 445 3423 523 ἔρωτος
3485 443 3614 508 ὅλος
3675 452 3785 522 πῦρ

2134 530 2394 595 ἐδείκνυτο
2431 551 2446 568 ⁶
2507 535 2594 593 καὶ
2653 535 2814 612 μανίᾳ
2873 536 3151 614 συνείχετο
3183 548 3199 564 ⁸
3280 542 3528 598 τοιοῦτος
3587 534 3690 611 γὰρ
3749 536 3781 590 6

2132 620 2263 701 ἔρως
2307 624 2609 700 ἀτιμασθείς
2641 638 2658 657 ⁸
2709 624 2797 680 καὶ
2827 621 2912 682 διὰ
2942 630 3110 680 ταῦτα
3153 624 3240 681 καὶ
3299 623 3556 704 χαλεπὴν
3599 622 3776 701 ἐπῆγε

2131 717 2200 788 τῇ
2257 715 2470 791 γενναίᾳ
2526 714 2626 783 τὴν
2683 713 2914 791 βάσανον
2948 729 2966 748 ο
2997 715 3032 782 ἡ
3065 711 3120 769 δὲ
3153 714 3223 780 ἦν
3252 711 3448 790 λώροις
3479 712 3540 769 ἐκ
3569 713 3778 770 τεσσᾶ-

2133 823 2237 880 ρων
2293 801 2658 879 διαταθεῖσαν,
2747 803 2954 882 νεύροις
3033 802 3132 877 μὲν
3188 802 3402 883 ξηροῖς,
3462 801 3646 878 λύγοις
3724 799 3776 856 δὲ

2134 890 2406 971 χλωροῖς,
2461 891 2547 949 ἐπὶ
2603 891 2742 949 πολύ
2798 913 2856 949 τε
2914 891 3082 958 αὐτὴν
3131 892 3222 948 καὶ
3273 894 3418 970 παρὰ
3447 889 3779 948 πολλῶιτύ-

2134 985 2381 1044 πτεσοαι.
2445 972 2536 1046 Ὠς
2589 979 2643 1038 δὲ
2702 983 2752 1038 οἱ
2815 983 2914 1058 μὲν
2970 981 3260 1044 τύπτοντες
3307 980 3562 1057 ἔκαμνον,
3599 986 3668 1056 τῇ
3718 977 3773 1035 δὲ

2130 1068 2413 1146 βεϐαίωσις
2469 1075 2535 1138 ἦν
2583 1070 2788 1147 μᾶλλον
2833 1077 2938 1128 τῶν
2985 1075 3149 1138 αὐτῆς
3193 1070 3368 1149 λόγων
3427 1072 3464 1139 ἠ
3520 1068 3767 1136 κόλασις,

2133 1160 2281 1217 οόδὲν
2333 1159 2472 1225 ὅλως
2527 1160 2662 1229 θῆλυ
2704 1162 2792 1218 καὶ
2849 1161 3062 1240 ἀγεννὲς
3104 1161 3498 1241 ὑποφαινούσῃ,
3555 1159 3772 1216 παύσα-

2135 1252 2252 1307 σθαι
2291 1251 2413 1314 τοὺς
2445 1248 2665 1325 δημίους
2707 1251 2964 1314 κελεύσας
3014 1249 3290 1316 Ἐλεύσιος
3325 1271 3342 1331 ς
3393 1248 3566 1309 Ἀ).λᾶ
3608 1258 3772 1307 ταῦτα

2135 1338 2258 1415 μὲν,
2291 1338 2418 1420 ἔφη,
2454 1339 2742 1416 Ἰουλιανὴ,
2775 1347 2884 1397 τῶν
2934 1340 3183 1419 βασάνων
3240 1339 3408 1422 ἁρχαὶ
3456 1341 3545 1398 καὶ
3575 1339 3772 1419 προοί-

2131 1435 2228 1503 μιᾶ
2261 1444 2277 1460 ⁶
2339 1431 2402 1486 σὺ
2459 1427 2512 1486 δὲ
2572 1429 2680 1487 ἀπὸ
2753 1431 2953 1487 τούτων
3015 1431 3294 1502 εἷκᾶζουσα
3349 1431 3439 1487 καὶ
3495 1430 3614 1502 περὶ
3666 1430 3774 1484 τῶν

2131 1517 2308 1575 ἄλλων
2365 1518 2625 1598 πρόσελθε
2683 1526 2752 1597 τῇ
2807 1519 3021 1598 μεγάλη
3082 1518 3354 1599 Ἀρτέμιδι
3411 1520 3666 1576 θύσουσα·
3731 1517 3774 1572 εἰ

2129 1605 2174 1662 δ’
2221 1609 2282 1665 οὗ
2337 1609 2473 1684 μετᾶ
2516 1609 2576 1665 τὸ
2619 1613 2810 1666 παθεῖν
2855 1607 2985 1678 εἴση
3037 1609 3253 1674 πάντως
3303 1613 3366 1669 οὗ
3408 1606 3592 1672 καλῶς

2133 1786 2222 1851 οἷς
2279 1787 2366 1842 καὶ
2396 1787 2474 1843 ’ἐτι
2519 1791 2862 1862 μεταπείσειν
2896 1787 3062 1857 αὐτὴν
3115 1790 3271 1865 ᾤετο,
3323 1788 3497 1862 Ποίει,
3544 1785 3705 1866 φησὶ,
3750 1783 3780 1839 ’ὃ

2131 1875 2329 1956 θέλεις,
2387 1875 2577 1943 ἠλίθης
2631 1884 2814 1956 σαφῶς
2862 1879 2951 1934 καὶ
3002 1877 3224 1951 ἀνόητε,
3271 1878 3343 1940 ὡς
3375 1885 3470 1934 τοῦ
3499 1874 3561 1930 σὲ
3593 1887 3779 1932 ποιεῖν

2132 1965 2228 2040 ἐμὲ
2289 1964 2498 2040 μᾶλλον
2555 1965 2689 2032 ἔξεις
2741 1968 2802 2022 τὸ
2841 1971 3030 2024 παθεῖν
3060 1966 3302 2044 ἕτοιμον.
3338 1964 3520 2027 Οὕτως
3552 1965 3776 2021 εἰποῦσα

2130 2054 2307 2133 λόγων
2351 2052 2673 2136 δριμυτέρων
2731 2055 2874 2113 ἔτισε
2934 2057 3194 2136 τιμωρίαν
3249 2054 3604 2134 πικροτάτην,
3668 2051 3776 2109 τῶν

2128 2149 2332 2224 τριχῶν
2381 2145 2479 2218 μὲν
2523 2144 2886 2224 ἁναρτηθεῖσα
2916 2145 3014 2213 τῆς
3048 2144 3283 2224 κεφαλῆς
3317 2164 3333 2182 ο
3366 2144 3452 2200 ἐπὶ
3503 2141 3642 2198 πολὺ
3676 2147 3773 2208 τῆς

2127 2234 2335 2312 ἡμέρας
2376 2233 2782 2314 ἐκκρεμαμένη,
2818 2237 2891 2298 ὡς
2923 2256 2981 2292 τε
3010 2240 3077 2312 τῇ
3123 2235 3210 2312 βίᾳ
3265 2239 3359 2302 τῆς
3412 2233 3659 2295 στάσεως
3716 2233 3774 2287 τὸ

2130 2321 2295 2400 δέρμα
2353 2322 2451 2399 μὲν
2511 2323 2923 2392 ἀποσπασθῆναί
2982 2329 3081 2392 τῆς
3115 2325 3378 2403 κεφαλῆς,
3410 2322 3511 2388 τὴν
3543 2320 3674 2396 ὄψιν
3719 2340 3774 2375 τε

2130 2409 2320 2476 δεινῶς
2381 2413 2738 2493 συγχυθῆναι,
2788 2415 2878 2470 καὶ
2930 2413 3023 2476 τὰς
3055 2413 3209 2492 όφρός
3237 2410 3346 2469 ἅνω
3375 2417 3471 2469 τοῦ
3511 2411 3772 2484 μετώπου

2129 2500 2545 2580 παρελκυθῆναι.
2578 2493 2636 2560 Ὀ
2679 2501 2920 2582 ἔπαρχος
2969 2503 3147 2560 τοίνκν
3175 2501 3263 2559 καὶ
3293 2501 3428 2578 μετὰ
3457 2499 3558 2568 τὴν
3587 2521 3773 2574 τιμωο

2131 2591 2244 2671 ρίαν
2298 2589 2461 2648 πάλιν
2491 2589 2684 2670 λόγους
2740 2597 2982 2671 προσῆγε
3024 2601 3116 2650 τοῦ
3161 2589 3357 2670 ἔρωτος
3403 2588 3567 2647 αὐτὸν
3605 2588 3774 2646 ἐπελ-

2130 2680 2375 2752 πίζοντος
2427 2681 2515 2737 καὶ
2587 2681 2647 2744 ὃς
2720 2681 2920 2762 σφόδρα
2975 2679 3231 2750 ἦεούλετο
3289 2679 3594 2762 προσδοκᾷν
3651 2680 3778 2735 πεί-

2129 2773 2336 2837 θοντος.

2213 2937 2294 3010 Ζ’.
2341 2947 2490 3008 Ἐπεὶ
2545 2947 2600 3006 δὲ
2658 2947 2834 3007 πολλὰ
2883 2949 3054 3030 λέγων
3101 2949 3311 3015 ἐκεῖνος
3354 2949 3516 3020 κενὴν
3547 2949 3775 3028 ψάλλειν

407 3033 668 3096 inaniter
690 3043 996 3114 canere,et
1017 3032 1090 3094 ad
1115 3050 1219 3094 cor
1240 3031 1482 3127 quidem
1503 3031 1648 3127 nillil
1672 3033 2080 3126 dicere,foris,

2213 3049 2308 3113 εει,
2344 3040 2431 3096 καὶ
2461 3038 2638 3118 λέγειν
2672 3039 2770 3115 μὲν
2798 3041 2872 3106 εἷς
2903 3039 3117 3115 καρδίαν
3149 3037 3325 3113 οὒδὲν,
3358 3039 3460 3106 ἔξω
3505 3039 3562 3095 δὲ
3611 3042 3775 3116 μόνον

407 3130 603 3186 autem
630 3121 824 3185 solum
853 3141 1028 3185 aures
1051 3121 1328 3202 implere,
1365 3120 1638 3184 molestia
1659 3138 1870 3183 rursus
1897 3120 2080 3184 alfeo‘

2238 3130 2352 3186 ὦτα
2390 3126 2757 3208 περιαντλεῖν,
2791 3127 2933 3196 λύπη
2966 3128 3132 3188 πάλιν
3182 3130 3377 3205 μείζων
3417 3131 3498 3204 τῷ
3527 3126 3776 3186 δυσσεϐεῖ

407 3221 537 3275 ctus
559 3218 648 3273 est
675 3211 920 3292 impius:
954 3219 1014 3273 et
1043 3228 1256 3273 rursus
1289 3217 1734 3290 consequenter
1755 3211 2052 3291 praeclarae

2213 3224 2221 3274 ἰ
2279 3215 2581 3282 ἀκολούθως
2625 3223 2693 3294 τῇ
2738 3219 2954 3296 γενναίᾳ
2995 3218 3208 3296 μείζους
3254 3221 3305 3275 αἱ
3347 3218 3573 3295 βάσανοι
3605 3233 3620 3249 ⁹
3682 3219 3771 3274 σί-

407 3303 648 3382 martyri
679 3299 956 3362 adhibita
988 3308 1128 3363 sunt
1157 3298 1675 3364 tormenta.Jussit
1699 3303 1856 3362 enim
1885 3301 2052 3362 lami-

2213 3329 2267 3383 οα
2341 3307 2440 3386 γὰρ
2517 3304 2761 3364 ἐκέλευεν
2847 3307 2985 3387 ἄγαν
3068 3307 3437 3386 ἐκπυρωθέντα
3507 3309 3644 3366 κατά
3717 3330 3771 3365 τε

405 3410 513 3465 nas
534 3391 755 3453 ferreas
813 3389 982 3452 valde
1012 3389 1340 3452 candentes
1364 3388 1592 3471 imponi
1620 3396 1748 3468 ejus
1769 3389 1963 3452 axillis
1995 3405 2054 3452 et

2214 3420 2240 3452 ν
2302 3395 2605 3476 μασχαλῶν
2677 3399 2813 3474 αὐτῇ
2886 3395 2984 3454 καὶ
3043 3403 3151 3454 τῶν
3205 3395 3450 3472 πλευρῶν
3493 3397 3721 3454 τίθεσθαι
3756 3416 3770 3433 ⁸

404 3478 715 3544 lateribus:
746 3479 969 3542 deinde
997 3479 1284 3542 lateribus
1306 3497 1542 3568 quoque
1564 3476 1791 3558 alligari
1814 3497 2047 3559 manus,

2213 3507 2259 3542 τα
2317 3485 2406 3542 καὶ
2453 3498 2580 3549 ταῖς
2623 3483 2885 3564 πλευραῖς
2927 3487 3024 3550 τὰς
3076 3498 3270 3566 χεῖρας
3315 3483 3652 3568 περιδεθῆναι
3688 3488 3772 3544 καὶ

406 3578 465 3633 et
493 3567 732 3650 aliquod
775 3569 936 3631 aliud
963 3569 1188 3631 ferrum
1219 3567 1545 3646 transadigi
1568 3585 1674 3648 per
1697 3568 1896 3630 media
1925 3570 2052 3648 ejus

2213 3574 2312 3654 ,ρόν
2346 3596 2398 3631 τι
2435 3572 2744 3642 διελαθῆναι
2799 3573 3042 3651 σιδήριον
3097 3567 3402 3651 καταμέσωι
3445 3575 3611 3643 αὐτῆς
3669 3582 3772 3633 τῶν

403 3659 660 3740 femora,
686 3667 746 3720 et
768 3659 854 3720 sic
878 3658 1246 3738 colligatam,
1273 3655 1368 3719 vel
1397 3657 1595 3738 potius
1612 3657 2049 3734 conﬁxam,ab-

2217 3669 2322 3744 ρῶν
2365 3665 2454 3720 καὶ
2485 3663 2626 3722 οὕτω
2655 3662 2996 3722 συνδεθεῖσαν
3047 3664 3084 3734 ἢ
3133 3663 3338 3740 μᾶλλον
3379 3677 3774 3744 περιπαγεῖσαν

403 3746 542 3811 duci
567 3746 627 3809 in
665 3765 998 3810 carcerem.
1032 3745 1140 3809 Illa
1185 3764 1324 3808 vero
1375 3763 1511 3808 cum
1539 3755 1598 3808 et
1619 3753 1738 3808 tam
1763 3748 2045 3814 acerbum

2251 3753 2347 3822 τὴν
2392 3754 2606 3833 είρκτὴν
2652 3751 2990 3834 ἀπαχθῆναι.
3038 3752 3104 3811 Ἥ
3148 3751 3204 3809 δὲ
3247 3754 3337 3810 καὶ
3411 3755 3614 3822 ταύτην
3665 3756 3771 3812 ὓπ-

404 3837 754 3918 pertulisset
781 3836 1246 3919 supplicium,et
1277 3835 1534 3899 abducta
1563 3845 1721 3898 esset
1741 3836 1803 3899 in
1837 3855 2048 3900 carce-

2220 3863 2422 3922 γκουσα
2451 3842 2551 3910 τὴν
2595 3841 2849 3922 ἀλγεινὴν
2902 3843 3136 3920 βάσανον
3179 3843 3434 3922 καὶπρὸς
3479 3844 3580 3911 τὴν
3610 3867 3775 3924 φρου-

403 3946 559 4003 rem,
597 3926 760 3989 humi
785 3927 1001 4006 jacens
1034 3947 1050 3988 :
1087 3925 1340 3989 Domine
1370 3927 1534 3988 Deus
1567 3943 1738 3988 meus
1765 3928 2050 4008 omnipo-

2213 3932 2608 4012 νάπαχθεῖσα,
2667 3931 2806 3989 κατὰ
2860 3937 2953 3989 τοῦ
3010 3930 3238 4012 ἰδάφους
3296 3931 3550 4013 κειμένη,
3619 3934 3771 4013 Κύριέ

409 4015 1001 4098 tens,clamabat,qui
1033 4034 1098 4079 es
1129 4015 1383 4078 invictus
1418 4015 1476 4077 in
1512 4016 1906 4098 potentia,qui
1932 4016 2052 4079 for-

2213 4043 2259 4097 σ,
2297 4019 2445 4096 ἐϐόα,
2481 4021 2579 4078 est
2607 4020 3002 4102 παντοκράτορ,
3036 4023 3064 4079 6
3094 4021 3364 4093 ἀήττητος
3423 4020 3479 4080 ἐν
3528 4021 3768 4100 δυνάμει,

406 4106 485 4169 tis
515 4107 575 4169 in
607 4106 915 4188 operibus,
955 4105 1125 4168 aufer
1147 4123 1179 4167 a
1211 4123 1308 4167 me
1338 4105 1447 4166 has
1478 4104 1854 4183 amictiones,
1889 4114 1949 4168 et
1977 4105 2050 4168 ab

2221 4111 2473 4190 κραταιὸς
2537 4114 2593 4167 ἐν
2654 4111 2852 4190 ἔργοις,
2927 4110 3086 4175 αὐτὸς
3131 4113 3342 4190 περίελέ
3387 4134 3492 4188 μου
3524 4113 3618 4179 τὰς
3659 4113 3772 4170 θλί-

408 4195 506 4273 iis,
543 4201 640 4277 qui
672 4214 767 4259 me
799 4195 1201 4271 circumdant,
1239 4193 1429 4257 libera
1475 4193 1812 4285 doloribus:
1840 4203 1904 4258 ut
1931 4195 2050 4285 Da-

2213 4221 2283 4275 ις,
2347 4201 2431 4256 καὶ
2489 4206 2594 4258 τῶν
2649 4207 3021 4280 περιεχουσῶν
3076 4222 3144 4278 με
3187 4199 3495 4268 ἀπάλλαξον
3548 4201 3767 4285 ὀδυνῶν,

412 4285 632 4348 nielem
682 4304 718 4348 a
748 4285 1050 4360 leonibus,
1083 4290 1150 4346 iit
1197 4292 1318 4346 tres
1350 4301 1570 4364 pueros
1597 4283 1648 4360 9,
1680 4292 1738 4346 et
1768 4283 2050 4348 Theclam

2267 4288 2468 4358 Δανιὴλ
2527 4289 2590 4348 ἐκ
2645 4289 2903 4366 λεόντων,
2962 4291 3038 4355 ὡς
3081 4292 3202 4355 τοὺς
3245 4303 3395 4368 τρεῖς
3437 4290 3641 4356 παῖδας
3689 4283 3771 4350 καὶ

410 4373 484 4436 ab
515 4375 652 4454 igne
683 4383 741 4436 et
774 4373 1196 4437 bestiisJ’ster
1218 4392 1391 4436 meus
1413 4381 1471 4435 et
1500 4380 1691 4435 mater
1721 4391 1854 4436 mea
1883 4373 2080 4460 dereg

2213 4375 2339 4435 κλαν
2389 4378 2452 4434 ἐκ
2493 4380 2656 4459 πυρὸς
2701 4379 2791 4436 καὶ
2832 4379 3028 4459 θηρίων
3062 4394 3080 4412 ⁶
3125 4381 3154 4436 ὃ
3197 4381 3379 4460 πατήρ
3435 4402 3537 4456 μου
3595 4383 3683 4438 καὶ
3738 4383 3770 4450 ἡ

409 4449 718 4544 liquerunt
751 4482 846 4526 me
879 4481 894 4528 :
931 4473 990 4526 tu
1020 4473 1254 4542 autem,
1283 4461 1652 4539 Domine,ne
1671 4463 1999 4526 recesseris
2018 4449 2080 4525 al

2217 4468 2318 4546 τήρ
2377 4491 2480 4544 μου
2523 4449 2877 4548 ἐγκατέλιπόν
2904 4449 2976 4546 με
3007 4485 3024 4501 ⁶
3060 4469 3122 4526 σὺ
3172 4467 3250 4550 δὲ,
3299 4449 3479 4550 Κύριε,
3510 4471 3589 4546 μὴ
3631 4449 3771 4528 timo;

411 4570 507 4614 me
537 4571 552 4616 :
588 4552 693 4614 sed
723 4552 1024 4633 quomodo
1054 4552 1197 4615 olim
1229 4571 1473 4634 quoque
1504 4551 1830 4632 fugientem
1858 4552 2050 4616 Israe-

2213 4558 2261 4634 ᾖς
2304 4557 2400 4614 ἀπ’
2446 4557 2602 4634 ἐμοΰ,
2659 4557 2780 4615 αλλ’
2831 4559 2892 4614 ὒν
2934 4558 3132 4636 τρόπον
3184 4559 3274 4616 καὶ
3323 4559 3491 4617 πάλαι
3535 4561 3626 4616 τὸν
3676 4561 3771 4635 μὲν

410 4640 527 4704 lem
563 4659 671 4723 per
721 4661 887 4705 mare
919 4643 1283 4705 conservasti
1329 4644 1383 4718 ὅ,
1421 4643 1571 4704 mari
1601 4661 1740 4705 vero
1771 4642 2053 4706 inimicos

2213 4644 2352 4724 ραὴλ
2402 4647 2665 4726 φεύγοντα
2735 4645 2827 4704 διὰ
2889 4645 3164 4715 θαλάσσης
3227 4647 3428 4712 ἔσωσας
3458 4696 3474 4729 ,
3534 4647 3766 4727 θαλάσσῃ

411 4748 618 4794 eorum
651 4730 906 4794 obruisti
942 4751 958 4792 :
991 4733 1073 4796 ita
1103 4751 1264 4794 nunc
1297 4750 1533 4812 quoque
1567 4750 1663 4794 me
1693 4750 1886 4794 serva.
1905 4731 2050 4795 Eum

2240 4736 2364 4800 τοὺς
2407 4736 2634 4816 ἐχθροὺς
2693 4736 2866 4794 αὐτῶν
2932 4737 3336 4815 κατεκάλυψας,
3396 4738 3535 4795 οὕτω
3576 4736 3632 4795 δὲ
3687 4741 3772 4797 καὶ

412 4830 610 4884 autem
640 4822 744 4903 qui
775 4821 1064 4886 adversus
1121 4841 1217 4884 me
1243 4820 1467 4884 bellum
1501 4821 1678 4899 gerit,
1717 4822 2052 4905 confringe,

2213 4849 2228 4880 ν
2284 4825 2460 4883 σῶσον
2503 4826 2601 4903 μὲν
2645 4825 2765 4906 ἐμὲ,
2816 4827 2908 4883 τὸν
2953 4825 3297 4903 πολεμοῦντα
3353 4826 3408 4884 δέ
3438 4850 3530 4903 μοι
3573 4829 3769 4908 κατάρ-

412 4929 517 4975 rex
548 4910 794 4994 invicte,
825 4921 887 4974 et
933 4931 1040 4994 per
1071 4930 1235 4988 eum,
1270 4909 1702 4988 adversarium,
1730 4918 1790 4974 et
1813 4911 1916 4993 qui
1945 4929 2056 4976 nos

2213 4913 2226 4931 Ρ
2382 4915 2396 4936 9
2862 4922 2885 4934 θ
3029 4918 3044 4938 κ
3335 4926 3358 4937 υ
3723 4925 3732 4935 σ

2213 4936 2314 4991 ςον,
2376 4917 2613 4985 αήττητε
2668 4915 2910 4996 βασιλευ,
2959 4937 3047 4973 και
3091 4913 3158 4973 δι’
3203 4917 3362 4976 αὐτου
3415 4918 3510 4974 τὸν
3537 4917 3768 4976 ἀντικει-

413 5009 663 5064 conatur
687 5001 1097 5084 supplantare,
1129 5003 1437 5066 Satanam.

2213 5003 2298 5062 νόν
2328 5026 2386 5062 τε
2417 5006 2505 5062 καὶ
2534 5005 2902 5078 ὑποσκελίζειν
2939 5007 3085 5084 ἡμᾶς
3145 5007 3476 5086 πειρώμενον
3509 5014 3763 5070 Σατανᾶν.

490 5089 799 5155 VIII.Cum
833 5109 1044 5172 preces
1077 5089 1276 5153 adhuc
1303 5097 1505 5152 essent
1527 5090 1586 5152 in
1612 5090 1896 5167 labris,ad
1923 5109 2053 5154 eam

2219 5093 2316 5156 E'.
2365 5093 2489 5153 ’Έτι
2531 5101 2632 5164 τῆς
2677 5096 2849 5177 εύχῆς
2895 5097 2951 5151 ἒν
2996 5095 3240 5176 χείλεσιν
3284 5096 3472 5178 οὔσης,
3504 5099 3766 5178 πρόσεισιν

409 5180 666 5269 accedit,
699 5181 801 5262 qui
833 5180 942 5243 sub
996 5187 1308 5263 aspectum
1367 5198 1489 5243 non
1544 5180 1725 5262 cadit,
1785 5180 2054 5244 omnium

2213 5189 2272 5262 τῇ
2301 5185 2330 5240 6
2373 5183 2582 5266 ἀφανὴς
2623 5187 2840 5244 πάντων
2886 5183 3076 5265 ἐχθρὸς
3123 5187 3210 5243 καὶ
3267 5187 3556 5264 πολέμιος,
3606 5189 3766 5269 ἄγγε-

413 5266 604 5333 hostis
627 5277 687 5331 et
716 5269 1326 5351 inimicus,simulans
1351 5287 1416 5333 se
1439 5287 1573 5332 esse
1602 5269 1883 5349 angelum
1912 5271 2048 5336 Dei:

2213 5297 2228 5339 :
2274 5280 2407 5332 Θεοῦ
2449 5275 2595 5334 εἶναι
2646 5276 3057 5356 προσποιηθεὶς,
3095 5275 3275 5352 Δεινὰ,
3310 5275 3509 5356 λέγων,
3559 5279 3606 5336 ῶ
3635 5266 3765 5338 ἰὼ.

409 5357 642 5439 Gravia,
677 5357 915 5442 dicens,
947 5358 1330 5439 oJuliana,et
1352 5359 1522 5423 valde
1551 5358 1750 5440 gravia
1787 5366 1848 5425 et
1873 5359 2054 5444 plane

2213 5364 2320 5449 ινή,
2377 5365 2515 5424 κατὰ
2572 5371 2667 5425 σοῦ
2724 5367 2752 5424 ὁ
2812 5363 3026 5448 ἅρχων,
3071 5363 3216 5424 δεινὰ
3259 5364 3458 5447 σφόδρα
3528 5369 3617 5430 καὶ
3673 5370 3764 5432 ἂν.

482 5527 516 5584 3
544 5530 694 5598 Dan.
726 5546 788 5597 vi
814 5537 875 5595 et
903 5546 987 5597 ιιι.
1070 5531 1104 5587 δ
1135 5529 1328 5599 Exod.
1361 5547 1468 5597 xm
1505 5537 1566 5598 et
1593 5548 1719 5600 xvi.
