3932 6140
173 201 343 282 1445
1495 194 1682 276 ‘VITA
1728 205 1791 274 S.

1984 191 2214 275 IANAL‘.
2289 226 2294 230 α
3386 196 3544 271 1446

169 353 411 411 ύποιστα
461 351 822 432 παρεσκεύασε
877 344 1204 428 κολαστήρια
1237 361 1251 379 ⁸
1308 347 1370 404 σὺ
1394 345 1472 419 δὲ,
1505 345 1624 404 ἄλλ’
1655 344 1812 415 ἡνίκα

1984 337 2296 432 ol_erabilia
2320 333 2611 432 adversus
2645 342 2702 432 te
2727 333 3046 418 praefectus
3065 334 3290 432 paravit
3311 337 3545 419 suppli‘

167 443 345 518 μόνον
389 425 690 522 ἐξαγάγωσί
761 463 820 498 σε
875 445 972 508 τῆς
1027 425 1296 520 φυλακῆς,
1356 434 1660 515 πρόσδραμε
1729 435 1819 492 καὶ

1984 429 2113 492 ι.Τιι
2141 437 2339 491 autem
2366 427 2746 489 solummodo
2768 445 2905 490 cum
2935 434 2991 488 te
3010 425 3331 488 eduxerint
3351 446 3383 489 e
3407 446 3541 491 cus~

167 517 334 587 θύσον
393 517 580 606 εὐθύς,
630 528 748 590 οὐδὲ
798 529 899 609 γὰρ
927 517 1166 592 ὓποίσοις
1197 528 1257 584 τὸ
1301 525 1417 583 λίαν
1461 527 1651 604 πικρὸν
1710 531 1816 582 τῶν

1984 520 2346 600 Iia,accurre
2367 526 2424 579 et
2443 520 2641 579 statim
2660 517 3167 598 sacriﬁca.Neque
3186 517 3344 579 enim
3367 517 3544 580 διιειὶ-

170 618 482 681 κολάσεων.
514 604 582 676 Ἦ
620 617 697 676 δὲ’
735 604 834 678 Καὶ
861 604 968 694 τίς,
996 620 1181 698 ᾔρετο,
1216 616 1279 672 σύ
1315 634 1332 691 ;
1369 616 1466 672 Καὶ
1496 615 1524 671 6
1555 613 1815 691 πονηρός·

1984 607 2534 698 bissoppliciorum
2575 606 2821 698 nimiam
2845 605 3254 698 acerbitatem.
3289 604 3402 698 Illa
3427 624 3540 672 au-

169 707 453 787 ’Ἄγγελος
516 709 630 784 εἶμι
676 717 770 768 τοῦ
831 713 962 766 Θεοῦ
995 721 1010 737 ⁸
1058 708 1150 764 καὶ
1203 702 1390 772 ἐπειδὴ
1459 701 1620 784 λόγος
1675 703 1818 776 αὐτῷ

170 800 300 874 περὶ
332 805 450 872 σοῦ,
507 797 708 868 πέμπει
746 818 814 872 με
873 797 1005 876 πρὸς
1061 795 1146 873 σε,
1178 795 1458 863 πεισθῆναί
1487 814 1546 850 σε
1600 793 1819 869 μηνύων

174 888 271 944 καὶ
312 887 391 963 μὴ
434 899 561 950 ταῖς
592 885 826 952 πολλαῖς
855 886 1108 964 βασάνοις
1139 887 1200 942 τὸ
1229 890 1387 961 σῶμα
1415 881 1762 963 διαφθαρῆναι
1801 899 1816 916 ⁸

174 975 554 1055 συγγνώσεται
617 976 719 1056 γάρ
779 997 863 1033 σοι
922 974 1226 1051 πεισθείσῃ,
1288 971 1659 1053 φιλάνθρωπος
1717 970 1814 1046 ὢν,

175 1065 269 1126 διὰ
327 1065 430 1135 τὴν
484 1063 694 1134 πολλὴν
751 1065 948 1145 σαρκὸς
982 1063 1279 1127 ἀσθένειαν.
1312 1061 1561 1141 Ταράχου
1591 1062 1679 1117 καὶ
1709 1058 1821 1117 δεί-

176 1178 354 1233 ματος
409 1155 495 1213 ἐπὶ
538 1156 744 1218 τούτοις
785 1156 822 1224 ἡ
875 1154 1074 1234 μάρτυς
1121 1153 1296 1230 μεστὴ
1357 1151 1556 1232 γίνεται
1592 1165 1608 1181 ⁸
1663 1149 1819 1224 ἐῴκει

174 1245 282 1325 γὰρ
338 1251 432 1302 τοῦ
479 1245 802 1326 φαινομένου
854 1245 890 1313 ἡ
923 1243 1021 1320 μὲν
1055 1243 1235 1323 μορφὴ
1275 1240 1531 1321 ἀγγέλου,
1590 1242 1626 1308 ἡ
1678 1261 1819 1311 συμ-

176 1332 352 1402 ϐουλῆ
382 1333 440 1392 δὲ
471 1334 716 1412 ἄντικρυς
773 1331 971 1413 ἐχθροῦ
1005 1353 1018 1366 ⁸
1080 1331 1220 1412 μέγα
1269 1331 1360 1388 οὖν
1401 1331 1488 1387 καὶ
1530 1329 1818 1407 περιπαθὲς

177 1422 480 1490 στενάξασα
535 1425 630 1481 καὶ
697 1420 935 1502 δακρύων
998 1422 1121 1485 τοὺς
1179 1419 1480 1502 ὀφθαλμοὺς
1539 1417 1813 1493 πλήσασα,

1902 697 2122 762 teszt
2141 698 2410 778 quisnam
2433 705 2494 758 tu
2519 694 2609 760 es?
2623 695 3173 774 rogavit.Malignus
3193 694 3542 773 vero:Sum,

1900 788 2230 869 inquit,Dei
2257 786 2526 866 angelus:
2557 794 2619 848 et
2641 785 2924 868 quoniam
2950 786 3000 846 is
3026 804 3299 864 magnam
3326 783 3414 846 tui
3436 785 3543 847 du-

1902 879 1980 940 cit
2003 877 2322 953 rationem,
2359 876 2538 939 mittit
2585 895 2680 939 me
2709 876 2782 938 ad
2814 884 2893 956 te,
2930 874 3361 955 magnifaciens
3388 883 3453 937 ut
3481 883 3542 939 tu

1906 978 2206 1052 pareas,et
2235 987 2353 1030 non
2379 987 2601 1050 corpus
2630 978 2792 1030 tuum
2822 967 3028 1029 multis
3053 965 3538 1029 lormentisinte-

1904 1059 2344 1139 reat.Ignoscet
2365 1062 2523 1120 enim
2550 1057 2738 1133 tibi,si
2773 1057 3065 1138 parueris,
3087 1075 3223 1118 cum
3256 1054 3336 1116 sit
3366 1055 3544 1118 beni-

1905 1156 2336 1230 gnus,propter
2358 1148 2606 1210 multam
2632 1146 2834 1210 carnis
2860 1146 3364 1210 imbecillitatem.
3389 1147 3542 1208 Per-

1905 1238 2246 1302 turbatione
2269 1246 2328 1301 et
2351 1245 2583 1301 terrore
2606 1244 2834 1316 martyr
2859 1245 3099 1317 propter
3123 1237 3249 1298 haec
3279 1235 3384 1296 fuit
3407 1234 3544 1317 ple-

1906 1329 2155 1392 na.Nam
2184 1327 2448 1406 ejus,qui
2475 1326 3141 1408 apparebat,videbatur
3159 1326 3401 1406 quidem
3426 1325 3545 1387 for-

1905 1437 2000 1480 ma
2023 1417 2244 1496 angeli,
2279 1415 2594 1478 consilium
2638 1423 2836 1477 autem
2879 1423 3082 1495 aperte
3104 1413 3360 1480 inimici.
3392 1414 3542 1477 Cum

182 1511 343 1592 Κύριέ
402 1533 527 1592 μου,
585 1511 760 1594 λέγει,
816 1511 1018 1580 ποιητὰ
1075 1511 1182 1569 τῶν
1239 1510 1512 1585 ἁπάντων,
1564 1507 1624 1566 ὃν
1656 1509 1819 1585 μόνον

1984 1527 2043 1587 go
2059 1505 2228 1570 valde
2240 1514 2299 1568 et
2321 1505 2752 1567 miserabiliter
2773 1503 3163 1585 ingemuisset
3186 1513 3244 1566 et
3265 1502 3545 1584 lacrymis

177 1608 289 1658 τῶν
347 1601 448 1678 μὲν
489 1603 742 1681 οὐρανίων
773 1603 825 1659 αἱ
875 1599 1122 1677 δυνάμεις
1173 1601 1416 1677 δμνοῦσι,
1481 1603 1584 1656 τῶν
1630 1596 1819 1676 ἀερίων

1991 1597 2212 1676 plesset
2233 1595 2464 1659 oculos:
2491 1594 2744 1656 Domine
2767 1594 2871 1669 mi,
2893 1594 3544 1674 inquit,omnium,quas

175 1687 236 1747 δὲ
294 1689 565 1768 καιμόνων
624 1690 926 1771 φρίττουσιν
981 1693 1016 1760 ἡ
1059 1689 1290 1764 πληθὺς,
1343 1689 1422 1763 μή
1479 1709 1548 1765 με
1586 1686 1816 1763 παρὸψει

1984 1685 2318 1760 nt,eﬂ‘ector
2350 1705 2365 1744 :
2389 1703 2567 1766 quem
2595 1683 2786 1746 solum
2812 1683 3053 1764 quidem
3075 1681 3319 1746 laudant
3349 1681 3543 1744 virtu-

174 1779 282 1847 τὴν
308 1770 734 1846 πεποιθυϊανείς
770 1779 854 1860 σὲ,
888 1776 1019 1856 μηδ’
1069 1781 1125 1838 ἓν
1175 1777 1432 1859 προφάσει
1483 1799 1577 1854 μοι
1630 1797 1816 1844 σωτη-

1984 1794 1994 1836 ;
2041 1775 2402 1850 caelestium,
2437 1775 2644 1836 horret
2700 1791 2841 1835 vero
2869 1791 3188 1835 aereorum
3225 1770 3542 1836 multitudo

177 1870 295 1947 ρίας
354 1872 382 1927 δ
436 1871 674 1950 πονηρὸς
709 1870 897 1947 πικρόν
959 1892 1011 1926 τι
1054 1873 1255 1948 κεράσῃ
1313 1867 1569 1947 ποτήριον
1601 1881 1620 1900 ⁸
1680 1863 1819 1922 ἀλλὰ

1984 1882 2268 1928 επιοηυωε
2298 1881 2374 1926 ne
2398 1882 2492 1926 me
2517 1862 3031 1944 despexeris,quae
3053 1869 3304 1944 propter
3329 1871 3386 1924 te
3406 1879 3541 1924 sum

179 1956 359 2025 δεῖξόν
416 1980 508 2036 μοι
555 1981 636 2026 τις
666 1962 694 2016 6
722 1967 890 2018 ταῦτα
933 1958 1107 2038 λέγων
1138 1960 1224 2016 καὶ
1254 1959 1345 2021 σὸς
1404 1957 1547 2014 εἶναι
1605 1954 1816 2022 οἱκὲτης

1987 1972 2081 2018 ssa
2114 1972 2130 2017 :
2167 1972 2276 2016 nec
2309 1954 2458 2014 mihi
2490 1961 2776 2034 praetextu
2809 1952 3343 2029 salutis,malignus
3371 1969 3542 2014 ama-

177 2048 619 2128 ὑποκρινύμενος,
655 2049 795 2108 Eine
840 2066 855 2082 '
888 2049 977 2107 καὶ
1007 2051 1036 2104 6
1067 2046 1394 2123 καλούμενος
1427 2046 1574 2112 εὒθῦς
1604 2043 1822 2119 ἤκουσε,

1989 2063 2040 2105 m
2101 2043 2347 2124 aliquod
2408 2049 2708 2121 temperet
2758 2043 3089 2121 poculum:
3153 2040 3258 2104 sed
3292 2041 3544 2106 ostende

177 2139 279 2198 καί
335 2139 489 2219 φωνὴ
565 2137 847 2219 οὐρανόθεν
881 2157 898 2178 ·
946 2138 1165 2218 Θάρσει,
1224 2135 1437 2216 ἔλεγεν,
1504 2133 1770 2204 Ἰουλιανή
1803 2151 1818 2167 ⁸

1984 2132 2079 2211 ibi,
2109 2133 2384 2214 quisnam
2418 2131 2517 2213 sit,
2572 2132 2673 2214 qui
2705 2131 2830 2194 haec
2857 2130 3026 2206 dicit,
3059 2137 3118 2192 et
3146 2129 3247 2212 qui
3279 2148 3343 2193 se
3375 2129 3547 2219 tingit

177 2228 294 2309 ἰγὼ
325 2218 428 2308 γάρ
462 2228 571 2306 εἶμι
602 2218 744 2306 μετᾶ
766 2236 887 2305 σοῦ,
917 2228 1106 2286 τούτου
1148 2226 1203 2283 δὲ
1233 2224 1399 2284 λαϐοῦ
1457 2222 1666 2306 (δίδωμι
1716 2223 1818 2303 γάρ

1984 2242 2080 2286 um
2110 2241 2242 2285 esse
2290 2222 2602 2285 famulum.
2660 2221 2838 2297 Dixit,
2874 2231 2937 2283 et
2962 2220 3165 2283 statim
3199 2218 3463 2309 exaudiit
3493 2221 3543 2282 is

176 2308 266 2377 σοι
295 2317 418 2376 κατ’
448 2317 608 2378 αὐτοῦ
636 2317 738 2389 τὴν
766 2316 982 2401 ἰσχὺν),
1011 2319 1100 2376 καὶ
1130 2314 1279 2383 ὅστις
1339 2315 1432 2386 εἴη
1488 2313 1617 2394 παρ’
1661 2313 1819 2376 αὒτοῦ

1988 2314 2006 2376 i
2038 2311 2447 2392 invocabatur,
2472 2319 2530 2374 et
2558 2330 2666 2374 vox
2697 2310 2924 2374 exstitit
2953 2309 3230 2401 caelitus:
3265 2308 3538 2388 Conﬁde,

175 2407 438 2485 μάνθανε.
855 2400 858 2401 ⁷
1898 2403 2156 2478 Juliana,
2189 2420 2327 2480 ego,
2363 2401 2525 2464 enim
2559 2419 2694 2464 sum
2752 2409 2976 2463 tecum.
3009 2400 3159 2463 Eum
3195 2406 3396 2462 autem
3427 2417 3541 2482 ap-

259 2673 512 2739 Θ¹.Οὕτω
527 2679 596 2753 τῇ
618 2677 759 2757 εὖχῇ
773 2673 873 2752 μὲν
904 2674 940 2744 ἡ
969 2673 1147 2752 φωνή⁸
1182 2679 1251 2754 τῇ
1287 2677 1440 2755 φωνῇ
1461 2669 1516 2729 δὲ
1539 2667 1821 2741 ἣκολούθει

172 2766 242 2824 τὸ
297 2768 472 2840 θαῦμα
501 2779 519 2798 ⁸
580 2764 774 2822 αὖτίκα
829 2764 932 2845 γὰρ
983 2762 1202 2822 ἐλύοντο
1235 2763 1333 2842 μὲν
1360 2763 1428 2820 τὰ
1457 2759 1649 2840 δεσμὰ,
1704 2759 1820 2826 ἐξέ-

173 2876 348 2914 πιπτε
404 2853 460 2912 δὲ
518 2857 548 2914 6
607 2853 820 2935 σίδηρος
880 2861 989 2912 τῶν
1045 2861 1232 2931 μηρῶν
1266 2871 1285 2892 ο
1317 2855 1352 2923 ἡ
1395 2851 1451 2909 δὲ
1476 2858 1573 2910 τοῦ
1601 2849 1822 2932 ἐδάφους

1899 2491 2208 2574 prehende
2239 2491 2338 2571 (do
2369 2492 2529 2553 enim
2563 2490 2671 2553 tibi
2721 2489 3012 2554 adversus
3061 2506 3199 2552 eum
3233 2487 3440 2572 vires),
3476 2497 3538 2554 et

1899 2599 1970 2645 ex
2002 2599 2074 2644 eo
2104 2582 2268 2644 disce
2295 2579 2572 2660 quisnam
2603 2579 2699 2642 sit.

1982 2668 2196 2735 IX.Sic
2212 2688 2420 2751 preces
2441 2688 2544 2732 vos
2575 2669 2816 2750 quidem
2837 2675 2928 2732 est
2952 2675 3302 2746 consecuta,
3327 2685 3541 2732 vocem

1907 2778 2047 2823 vero
2081 2759 2459 2824 miraculum.
2485 2759 2692 2822 Statim
2724 2763 2886 2823 enim
2914 2760 3104 2822 soluta
3133 2758 3378 2841 quidem
3406 2765 3548 2821 sunt

1906 2853 2373 2926 vincula,cecidit
2396 2861 2586 2912 autem
2612 2853 2831 2912 ferrum
2855 2871 2882 2912 a
2903 2853 3244 2912 femoribus.
3283 2852 3384 2911 Illa
3406 2865 3547 2912 vero

175 2947 329 3010 εὐθὺς
390 2944 724 3011 ἐξανίσταται
781 2945 870 3003 καὶ
928 2943 1012 3024 ἐφ’
1068 2945 1262 3014 ἑαυτῆς
1291 2943 1514 3026 γίνεται⁶
1577 2942 1666 3000 καὶ
1717 2947 1822 2999 τῶν

1993 2959 2088 3002 mo
2119 2938 2316 3001 statim
2348 2936 2642 3021 exsurgit,
2663 2947 2721 3001 et
2753 2937 2814 3000 ﬁt
2845 2937 2934 3000 sui
2961 2938 3120 3019 juris
3149 2957 3164 3001 :
3201 2945 3261 3000 et
3290 2955 3422 3000 cum
3455 2936 3546 3026 sic

175 3035 394 3111 δεσμῶν
447 3034 656 3104 ἐκείνης
726 3032 866 3093 οὕτω
923 3033 1208 3110 λυθέντων,
1269 3036 1299 3092 6
1377 3033 1556 3115 φανεὶς
1615 3030 1818 3108 μᾶλλον

180 3125 360 3202 ὡράτο
411 3123 785 3200 πεπεδημένος
817 3142 836 3162 ⁶
873 3124 932 3182 ὃν
986 3125 1022 3193 ἡ
1079 3121 1278 3203 μάρτυς
1310 3128 1658 3202 κατασχοῦσα
1689 3142 1820 3201 γεν-

178 3212 367 3288 ναίως,
400 3211 586 3271 δοῦλον
641 3213 824 3292 ὥσπερ
880 3211 1023 3270 δεινὰ
1073 3211 1448 3292 πεπραγμένον
1479 3212 1610 3291 πρὸς
1638 3210 1820 3277 ἐξέτα-

176 3325 266 3360 σιν
309 3303 435 3382 ἦγέ,
494 3304 582 3367 Τίς
643 3324 700 3360 τε
761 3306 815 3360 εἰ
874 3303 964 3361 καὶ
1020 3303 1204 3378 πόθεν,
1249 3300 1502 3382 λέγουσα,
1560 3300 1650 3357 καὶ
1681 3299 1823 3376 παρὰ

176 3392 323 3458 τίνος
376 3388 478 3467 ἄρα
527 3391 822 3472 τυγχάνεις
873 3389 1276 3468 ἆπεσταλμένος
1314 3410 1332 3467 ;
1377 3391 1465 3448 τὸν
1519 3388 1576 3446 δὲ
1631 3387 1820 3468 στεῤῥὰ

176 3481 280 3560 γάρ
313 3501 392 3542 τις
423 3480 510 3538 καὶ
543 3480 772 3558 ἀόρατος
830 3479 1022 3560 ἤπειγε
1073 3479 1288 3558 μάστιξ)
1341 3479 1588 3548 ἂληθύειν
1645 3479 1820 3557 ἠνάγ-

175 3577 339 3641 καζεν
382 3568 522 3634 ὅλως
577 3569 704 3628 ὄντα
751 3569 1078 3652 φιλοψευδῆ,
1122 3572 1211 3628 καὶ
1263 3569 1439 3630 πάντα
1468 3570 1604 3646 ὁμοῦ
1643 3590 1819 3625 κατα-

176 3658 353 3740 λέγει,
413 3660 507 3717 τὸν
564 3658 964 3741 ἀπεσταλκότα,
1025 3659 1108 3720 ὅτι
1165 3659 1259 3730 εἴη
1317 3661 1346 3718 6
1399 3665 1667 3735 Σατανᾶς,
1726 3659 1819 3716 τὸν

177 3748 594 3826 ἀπεσταλμένον
653 3750 838 3828 αὒτὸν,
897 3749 976 3808 ὅτι
1039 3749 1242 3809 ἐκείνου
1283 3747 1547 3825 δαιμόνων
1590 3749 1618 3807 ὁ
1675 3753 1822 3828 πρῶ-

175 3860 269 3904 τος
308 3855 323 3873 ⁸
367 3839 466 3908 τὴν
500 3840 696 3922 αἰτίαν,
727 3839 809 3899 ὅτι
854 3838 1066 3918 μεγάλα
1095 3838 1164 3896 δι’
1195 3840 1358 3909 αὐτῆς
1389 3841 1420 3897 6
1451 3839 1684 3918 πονηρὸς
1713 3837 1816 3897 πέ-

177 3928 392 3998 πληκτο
427 3946 446 3964 ⁸
504 3930 637 4008 πρὸς
694 3930 927 4006 τούτοις,
979 3928 1062 3987 ὅτι
1123 3928 1280 3994 αὒτὸς
1325 3929 1540 3996 ἐκεῖνος
1573 3931 1600 3986 6
1631 3930 1720 3988 καὶ
1747 3935 1817 4005 τῇ

177 4019 285 4090 Εὕα
313 4017 482 4076 πάλαι
525 4019 626 4086 τὴν
657 4018 897 4098 ὀλεθρίαν
952 4020 1313 4099 προσαγαγὼν
1368 4017 1673 4096 συμϐουλὴν
1731 4020 1821 4076 καὶ

181 4106 321 4166 Κάϊν
351 4109 427 4172 εἰς
457 4106 871 4187 ἀδελφοκτονίαν
902 4108 1100 4187 ἐπάρας
1163 4110 1253 4166 καὶ
1309 4110 1370 4166 τὸ
1413 4110 1651 4190 φονεύειν
1704 4109 1818 4166 εἰσ-

179 4197 554 4275 ηγησάμετος,
595 4195 1068 4278 Ναϐοῦχοδονὸσορ
1121 4197 1221 4266 τὴν
1277 4197 1376 4267 τῆς
1433 4199 1638 4266 εἰκόνος
1686 4198 1822 4256 ἀνά-

1903 3029 2096 3093 soluta
2113 3036 2314 3092 essent
2335 3029 2500 3092 illius
2523 3028 3023 3105 vincula,vinctus
3039 3026 3350 3090 videbatur
3370 3027 3420 3088 is
3444 3025 3549 3107 qui

1904 3127 2280 3201 apparuerat.
2313 3117 2502 3192 Quem
2556 3123 2692 3182 cum
2725 3127 2949 3198 martyr
2979 3125 3226 3179 strenue
3262 3125 3544 3196 tanquam

1903 3227 2139 3271 servum
2155 3206 2847 3288 comprehendisset,qui
2861 3207 3061 3286 gravia
3077 3213 3543 3287 perpetraverat,

1903 3300 2071 3364 duxit
2102 3299 2176 3362 ad
2210 3299 3003 3374 examinationem,dicens:
3039 3297 3327 3370 Quisnam
3359 3313 3446 3371 es,
3483 3305 3544 3358 et

1903 3391 2156 3468 unde,et
2177 3407 2212 3452 a
2233 3408 2354 3468 quo
2377 3388 2811 3454 missus?lllum
2835 3385 3328 3468 autem(validum
3351 3385 3540 3462 enim,

1902 3484 2056 3558 quod
2081 3483 2190 3542 sub
2211 3493 2511 3555 aspectum
2541 3497 2655 3542 non
2679 3479 3188 3551 cadebat,urgebat
3217 3477 3540 3552 ﬂagellum)

1903 3567 2098 3647 coegit
2127 3585 2332 3629 verum
2379 3566 2607 3643 dicere,
2668 3583 2802 3627 cum
2836 3571 2998 3626 esset
3029 3562 3277 3626 omnino
3306 3561 3542 3625 amicus

1905 3656 2203 3720 mendacii
2233 3675 2248 3720 :
2283 3665 2342 3719 et
2371 3658 2574 3719 omnia
2602 3655 2786 3718 simul
2810 3651 3388 3734 recenset,eum,qui
3421 3651 3540 3712 mi-

1900 3755 2081 3824 serat,
2115 3745 2272 3828 quod
2301 3746 2537 3809 scilicet
2564 3751 2721 3808 esset
2750 3744 2999 3806 Satanas
3027 3760 3042 3807 :
3078 3762 3165 3815 se,
3189 3741 3291 3824 qui
3323 3741 3542 3805 missus

1901 3837 2115 3910 fuerat,
2143 3855 2362 3919 nempe
2384 3836 2540 3917 quod
2564 3842 2721 3898 esset
2746 3833 2972 3916 primus
2997 3852 3064 3895 ex
3091 3833 3224 3912 ejus
3245 3830 3544 3894 daemoni-

1903 3926 2014 3989 bus
2046 3943 2062 3990 :
2097 3924 2539 4008 causam,quod
2575 3941 2681 4005 per
2707 3923 2896 4004 ipsam
2931 3923 3229 4002 malignus
3262 3939 3542 4001 magnum

1902 4014 2115 4077 vulnus
2164 4022 2500 4096 acceperat.
2538 4015 2835 4077 Praeterea
2893 4010 3052 4093 quod
3084 4011 3215 4092 ipse
3245 4017 3406 4072 esset
3435 4008 3539 4071 ille

1903 4105 2030 4186 ipse
2048 4104 2150 4186 qui
2180 4103 2311 4168 Evae
2332 4103 2469 4167 olim
2498 4102 2905 4184 perniciosum
2928 4100 3095 4162 dedit
3135 4099 3454 4163 consilium
3481 4106 3541 4161 et

1905 4193 1978 4256 ad
2011 4193 2210 4256 fratris
2241 4194 2464 4256 caedem
2497 4189 2639 4255 Cain
2697 4190 2960 4254 incitavit
2989 4191 3043 4266 ι,
3077 4198 3136 4252 et
3167 4190 3271 4271 qui
3301 4187 3544 4252 induxit

179 4308 368 4346 στασιν
450 4287 685 4365 ὑποθεὶς,
740 4285 952 4366 Ἡρώδη
1034 4286 1135 4355 τὴν
1208 4285 1575 4369 παιδοφονίαν,
1649 4285 1818 4346 Ἰούδα

1984 4283 2316 4365 rricidium,
2349 4281 2456 4360 qui
2486 4281 2784 4362 suggessit
2824 4278 3422 4356 Nabuchodonosori,
3474 4285 3542 4340 ut

179 4376 277 4445 τὴν
329 4373 640 4456 προδοσίαν,
699 4377 824 4435 εἶτα
873 4377 959 4435 καὶ
1020 4376 1122 4444 τὴν
1179 4377 1450 4458 ἀγχόνην.
1489 4377 1636 4455 Ἐγὼ
1663 4381 1818 4435 κεκί-

180 4488 346 4541 νηκα,
391 4467 578 4548 φησὶν,
608 4467 696 4524 καὶ
728 4465 865 4523 κατὰ
896 4466 1168 4547 Στεφάνου
1215 4468 1309 4524 τὸν
1351 4465 1637 4546 λιθασμὸν,
1681 4468 1820 4525 κατὰ

182 4555 383 4633 Πέτρου
441 4554 497 4613 δὲ
573 4557 663 4614 καὶ
748 4553 957 4614 Παύλου
1039 4562 1132 4614 τοῦ
1187 4555 1288 4632 μὲν
1341 4556 1440 4623 τὴν
1486 4554 1816 4636 ἐπικεφαλὴν

180 4645 500 4724 σταύρωσιν,
558 4652 652 4704 τοῦ
703 4643 760 4702 δὲ
825 4644 923 4715 τὴν
980 4642 1065 4702 διὰ
1118 4643 1293 4726 ξίφους
1353 4645 1619 4725 ἀναίρεσιν
1653 4665 1667 4681 ·
1731 4647 1818 4704 επὶ

177 4734 387 4798 τούτοις
438 4740 601 4792 πᾶσιν
660 4733 768 4813 ἒγώ
811 4735 920 4808 εἶμι
965 4736 994 4792 6
1045 4732 1319 4814 Ἐϐραίους
1378 4735 1478 4812 μὲν
1521 4733 1817 4794 εἰδωλολα-

174 4835 326 4902 τρετν
355 4822 670 4898 ἀναπείσας,
703 4822 1027 4899 Σολομῶντα
1052 4821 1108 4879 δὲ
1139 4823 1230 4880 τὸν
1262 4824 1426 4904 σοφὸν
1452 4823 1700 4905 μωράνας
1729 4826 1819 4884 καὶ

175 4919 429 4991 παίγνιον
459 4913 786 4995 παρανόμων
812 4909 982 4980 δείξας
1013 4911 1255 4994 ἐρώτων.

209 5236 218 5251 ,
258 5179 324 5246 1’.
361 5189 538 5242 Ταῦτα
569 5182 645 5248 ὡς
691 5180 920 5252 ἤκουσεν
981 5179 1274 5260 Ἰουλιανὴ,
1309 5181 1398 5240 καὶ
1426 5180 1605 5263 ἕτερόν
1633 5205 1684 5240 τι
1719 5182 1825 5240 τῶν

1903 4373 2190 4436 excitaret
2212 4381 2464 4436 statuam
2487 4369 2771 4449 5,Herodi
2797 4387 3120 4452 puerorum
3145 4369 3540 4444 occisionem,

1901 4463 2065 4526 Judee
2079 4461 2480 4542 proditionem
2507 4470 2566 4524 et
2586 4459 2803 4523 deinde
2824 4460 3102 4542 laqueum
3119 4457 3538 4540 6.Ego,inquit,

1903 4553 2080 4616 etiam
2114 4551 2540 4634 lapidationem
2578 4549 2734 4613 movi
2763 4551 3051 4613 adversus
3081 4549 3453 4631 Stephanum
3481 4549 3536 4610 ’ἵε

1899 4643 2190 4705 adversus
2220 4641 2460 4704 Petrum
2497 4649 2699 4704 autem
2730 4648 2791 4703 et
2821 4639 3266 4716 Paulum,illius
3293 4639 3540 4721 quidem

1900 4732 2094 4812 capite
2122 4731 2385 4794 demisso
2445 4732 2507 4793 in
2566 4739 2785 4793 terram
2837 4731 3312 4804 cruciﬁxionem,
3362 4728 3544 4808 hujus

1899 4839 2046 4884 vero
2078 4840 2223 4886 ense
2269 4821 2828 4902 interemptionem.
2885 4824 3195 4883 Postremo
3245 4836 3354 4898 ego
3381 4835 3541 4898 sum,

1901 4911 2004 4993 qui
2036 4910 2307 4992 persuasi
2336 4909 2608 4973 Hebraeis
2665 4918 2731 4972 ut
2780 4919 2988 4973 essent
3045 4908 3309 4971 cultores
3342 4906 3543 4969 idolo-

1901 5018 2032 5064 rum
2071 5021 2086 5059 :
2121 4997 2506 5063 Salomonem
2539 5006 2739 5062 autem
2774 5005 3110 5081 sapientem
3143 4997 3449 5074 infatuavi,
3483 5003 3544 5060 et

1909 5089 2079 5154 effeci
2109 5088 2476 5152 nefariorum
2505 5107 2784 5152 amorum
2817 5088 3168 5152 ludibrium.

1986 5178 2059 5242 Χ.
2094 5178 2232 5242 Haec
2255 5185 2569 5261 postquam
2593 5177 2818 5240 audivit
2845 5178 3100 5255 Iuliana,
3127 5177 3290 5242 aliud
3307 5195 3545 5261 quoque

178 5269 492 5353 παραδόξων
544 5272 712 5331 ἐποίει
742 5288 759 5308 ·
821 5270 1049 5349 δεσμοὺς
1107 5269 1301 5336 ἄλλους
1364 5270 1536 5351 ἐπῆγε
1599 5272 1676 5348 τῷ
1706 5269 1823 5330 δαί-

1984 5271 2056 5335 sit
2084 5267 2443 5334 admirabile
2475 5287 2491 5331 :
2526 5267 2645 5331 alia
2679 5267 2912 5332 vincula
2941 5275 3002 5330 et
3031 5268 3234 5350 plagas
3261 5267 3549 5351 imposuit

181 5384 304 5424 πονι
345 5363 434 5421 καὶ
487 5362 703 5443 πληγάς
737 5378 752 5396 ⁸
815 5362 1030 5428 πάντως
1088 5359 1143 5420 δὲ
1200 5363 1228 5420 6
1285 5361 1376 5420 καὶ
1432 5361 1635 5422 τούτων
1691 5365 1818 5428 ἄνευ

1984 5359 2190 5426 amoni.
2222 5357 2481 5426 Omnino
2511 5364 2711 5424 autem
2744 5358 2796 5424 is
2824 5359 3140 5443 etiam,qui
3167 5356 3394 5445 absque
3423 5357 3542 5446 bis,

259 5542 294 5599 ι
320 5541 474 5612 Gen.
505 5553 574 5612 ιιι
601 5545 663 5609 ot
694 5554 775 5608 Iv.
860 5541 896 5600 ὅ
919 5539 1073 5609 Dan.
1104 5556 1198 5610 ut.
1281 5539 1315 5600 6
1335 5538 1541 5610 Matth.
1571 5561 1736 5619 xxv],
1822 5549 1854 5605 ’1
1883 5547 2092 5616 Actor.
2124 5556 2229 5609 vn.
