3932 6140
400 208 554 289 M47-

1655 199 1936 282 MENSIS
1978 196 2486 282 FEBRUARIUS.

395 354 848 422 inevitabilibus
877 354 1045 418 illum
1079 339 1436 417 constrinxit
1468 352 1812 426 vinculis,et
1843 350 2014 415 eﬂ‘eci

2120 349 2338 428 δεσμοῖς
2384 353 2591 411 ἐκεῖνον
2635 350 2892 432 ἀφάκτοις
2937 348 3242 434 περιϐαλὼν
3271 353 3358 412 καὶ
3411 352 3574 434 χερσῖ
3617 376 3736 430 κρα-

396 459 463 512 ut
495 456 802 513 teneretur
835 445 1131 520 manibus,
1168 462 1288 507 non
1347 453 1439 506 est
1494 443 1854 506 incredibile
1893 461 2030 505 eum

402 556 781 621 procurasse:
806 546 867 599 ut
884 536 1138 597 vinculis
1160 553 1369 596 rursus
1391 535 1676 614 ligaretur
1692 553 1724 596 a
1742 541 2034 606 sancta,et

397 630 657 693 sentiret
690 627 913 705 plagas.
947 625 1141 705 Atque
1190 625 1293 685 ille
1324 626 1566 705 quidem
1599 623 2034 685 admirabiliter

395 737 630 798 gravem
651 717 916 778 dolorem
937 714 1325 794 sentiebat,et
1344 715 1592 793 rogabat
1612 721 1678 774 ut
1698 714 2034 775 solveretur

399 829 432 870 a
461 807 718 868 vinculis
749 813 806 866 et
837 805 1209 866 relaxaretur
1239 823 1271 864 a
1320 803 1528 883 plagis.
1568 803 1858 876 Quoniam
1891 822 2032 865 vero

396 915 518 960 non
550 893 914 967 solvebatur,
943 893 1200 954 deﬂebat
1231 892 1630 953 calamitatem
1665 911 1682 953 :
1718 891 1822 954 Hei
1859 893 2028 967 mihi,

393 987 625 1066 dicens,
688 984 841 1057 Quid
897 983 973 1043 de
1025 1000 1123 1043 me
1177 983 1326 1044 fiet?
1357 1000 1472 1062 quo
1506 982 1777 1060 fugiam?
1812 984 2031 1044 Multos

393 1077 636 1158 quidem
660 1073 897 1154 decepi:
931 1072 1132 1133 multis
1154 1080 1352 1133 autem
1379 1071 1556 1132 intuli
1583 1071 2032 1143 afﬂictioues,et

393 1166 714 1228 multorum
749 1163 833 1224 fui
862 1180 1038 1224 causa
1075 1161 2028 1242 malorum,carcerum,publica-

390 1259 644 1329 tionum,
682 1255 1014 1332 plagarum,
1049 1251 1606 1330 conﬂagrationum,
1655 1253 2022 1328 exsiliorum,

388 1352 448 1408 et
479 1352 783 1426 postremo
819 1341 1030 1402 mortis
1054 1340 1436 1402 acerbae.Sed
1463 1341 1666 1403 nullus
1689 1360 1894 1403 eorum
1935 1361 2028 1403 me

389 1433 639 1495 omnino
668 1431 987 1511 superavit.
1021 1428 1161 1491 Haec
1211 1448 1350 1490 vero
1408 1438 1694 1508 tauquam
1727 1432 2026 1512 mancipio

391 1525 571 1587 etiam
602 1521 838 1583 vincula
868 1520 1176 1599 imposuit,
1207 1527 1265 1580 et
1296 1519 1497 1600 plagas
1528 1520 1806 1594 incussit,
1841 1530 1900 1582 ct
1931 1539 2027 1584 me

387 1609 826 1684 detinet.Sed,o
859 1616 1026 1690 pater
1058 1616 1116 1670 et
1150 1609 1427 1688 princeps
1460 1621 1687 1689 noster,
1722 1611 2022 1691 quomodo

385 1722 503 1765 non
529 1698 856 1779 cognovisti
876 1698 934 1758 id
960 1698 1116 1778 quod
1143 1707 1270 1760 erat
1297 1699 1687 1760 eventurum?
1708 1701 2022 1773 Quomodo

387 1790 652 1854 misisti?
681 1789 990 1862 Quomodo
1035 1788 1322 1866 ignorasti
1371 1789 1487 1852 hoc
1519 1790 1738 1851 malum
1770 1790 2021 1871 inexpu-

385 1880 648 1962 gnabile,
699 1878 860 1955 quod
917 1877 1260 1957 virginitate
1314 1878 1463 1940 nihil
1499 1879 1578 1943 sit
1610 1879 1930 1954 excelsius,
1967 1886 2026 1941 et

389 1971 672 2050 martyris
706 1966 984 2047 precibus
1016 1967 1167 2029 nihil
1192 1965 1406 2027 fortius
1427 1972 1455 2029 ?

472 2058 571 2122 XI.
598 2057 742 2120 Cum
766 2074 906 2118 vero
926 2057 976 2117 is
999 2057 1085 2118 sic
1116 2059 1582 2134 examinaretur,
1610 2056 1774 2119 misit
1805 2057 2020 2139 praefe-

379 2149 645 2229 ctus,qui
669 2145 967 2207 Juliauam
1004 2145 1286 2208 educeret
1312 2163 1346 2207 e
1376 2149 1709 2216 carcere,si
1746 2149 1922 2209 modo
1953 2165 2024 2209 ea

374 2236 742 2303 viveret.llla
765 2253 906 2315 ergo
931 2235 1264 2297 ducebatur
1293 2256 1306 2298 :
1336 2237 1526 2298 malus
1557 2244 1754 2298 autem
1788 2238 2022 2300 daemon

377 2332 451 2394 ab
476 2349 546 2391 ea
569 2335 816 2402 tractus,
853 2325 1241 2406 sequebatur.
1278 2325 1496 2406 Martyr
1518 2345 1663 2389 vero
1693 2328 1860 2388 stetit
1884 2336 2022 2390 ante

377 2419 750 2502 praefectum,
787 2416 1040 2495 primam
1076 2432 1323 2476 servans
1364 2416 1900 2496 pulchritudinem,
1963 2425 2021 2478 et

377 2507 630 2590 perinde
656 2523 724 2567 ac
747 2505 798 2565 si
827 2503 976 2565 nihil
1010 2503 1150 2566 mali
1183 2504 1569 2567 sustinuisset
1597 2522 1794 2585 neque
1824 2504 1884 2566 in
1917 2504 2020 2566 ob-

378 2617 554 2662 scuro
587 2612 832 2658 carcere
863 2593 1098 2654 inclusa
1139 2593 1348 2656 fuisset
1381 2615 1395 2657 :
1431 2595 1534 2656 sed
1589 2593 1838 2674 perinde
1863 2613 1932 2656 ac
1965 2595 2018 2656 si

373 2687 583 2750 fuisset
609 2685 669 2745 in
702 2682 1060 2758 thalamo,et
1089 2681 1246 2744 bene
1293 2691 1350 2745 et
1379 2683 1538 2745 laute
1571 2691 1778 2745 curata
1808 2684 2021 2748 fuisset

373 2788 434 2840 et
463 2781 730 2855 accepta.
757 2771 926 2835 Dixit
956 2781 1152 2834 autem
1181 2772 1500 2853 praefectus
1527 2791 1541 2836 :
1580 2774 1687 2837 Dic
1713 2773 1884 2849 mihi,
1919 2775 2018 2836 in-

371 2867 521 2949 quit,
553 2865 810 2938 Juliana,
845 2862 1084 2942 quando
1116 2871 1175 2924 et
1202 2882 1235 2924 a
1267 2882 1384 2942 quo
1418 2866 1526 2926 has
1559 2862 1826 2925 didicisti
1859 2857 2019 2944 prae;

373 2955 665 3035 stigias,et
695 2969 951 3031 quanam
985 2958 1112 3012 arte
1142 2951 1222 3012 ita
1245 2951 1659 3031 contempsisti
1685 2961 1838 3013 torm
1854 2962 2016 3029 enta,

2115 449 2327 502 τεῖσθαι
2399 446 2810 523 παρασκευάσας
2865 446 2955 502 καὶ
3011 445 3209 503 ἄκοντα
3292 446 3497 513 τάληθῆ
3569 443 3738 521 λέγειν

2116 532 2522 611 ἐκϐιασάμενος,
2571 534 2720 594 οὒδὲν
2763 533 2986 592 ἄπιστον
3031 538 3076 592 εί
3119 537 3210 593 καὶ
3281 534 3518 592 δεδέσθαι
3595 535 3739 591 αὑτὸν

2117 622 2339 699 δεσμοῖς
2379 623 2542 682 πάλιν
2575 626 2710 689 πρὸς
2753 625 2850 692 τῆς
2896 624 3050 703 ἁγίας
3111 627 3199 683 καὶ
3243 624 3470 701 πληγῶν
3502 625 3734 682 αἰσθάνει·
3867 627 3869 694 ρ

2117 719 2235 771 σθαι
2293 717 2709 793 παρεσκεύασεν.
2774 704 2834 770 ε0
2905 714 3005 789 μὲν
3082 715 3168 772 οὖν
3231 712 3540 793 παραδόξως
3597 712 3737 789 ἤλγει
3825 785 3830 788 _

2115 807 2209 860 καί
2280 791 2388 862 τῶν
2447 802 2660 878 δεσμῶν
2717 802 2937 870 λυθῆναι
2998 803 3142 872 ἠξίου
3195 791 3321 862 καῖή
3351 811 3458 861 τῶν
3525 802 3740 879 πληγῶν

2115 893 2363 960 ἀνεθῆναι
2399 909 2412 924 ·
2461 893 2578 950 ἐπεὶ
2612 892 2668 948 δὲ
2716 893 2796 967 μὴ
2855 891 3096 972 ἕλέλυτο,
3139 895 3239 962 τὴν
3279 895 3552 970 συμφορὰν
3597 893 3738 948 ἀπω-

2114 981 2294 1061 δύρετο
2325 1000 2338 1016 ⁸
2392 981 2580 1057 Οἵμοι,
2619 981 2818 1061 λέγων,
2864 985 2946 1044 τίς
2990 983 3274 1064 γένωμαις
3322 996 3426 1040 ποῖ
3455 980 3737 1061 φεύξομαις

2112 1071 2344 1137 πολλοῖς
2389 1074 2486 1149 μὲν
2530 1071 2768 1145 ἀπάτην,
2819 1071 3048 1137 πολλοῖς
3094 1071 3150 1128 δὲ
3179 1075 3270 1129 καὶ
3297 1071 3506 1148 θλίψεις
3539 1071 3736 1148 ἐπήγα-

2111 1185 2206 1240 γον
2249 1161 2344 1219 καί
2401 1168 2582 1218 κακῶν
2637 1160 2813 1224 αἴτιος
2874 1161 3142 1229 κατέστην
3200 1162 3421 1220 πολλῶν
3505 1161 3737 1238 εἰρκτῶν,

2112 1250 2442 1332 δημεύσεων,
2532 1251 2783 1329 πληγῶν,
2860 1254 3125 1331 καύσεων,
3187 1254 3484 1331 δπεροριῶν
3536 1251 3626 1306 καὶ
3688 1251 3740 1304 τὸ

2109 1341 2418 1398 τελευταῖον
2475 1343 2704 1398 Θανάτου
2743 1351 2933 1419 πικροῦ
2969 1357 2983 1371 ⁸
3020 1341 3160 1398 ἀλλὰ
3189 1342 3394 1400 τούτων
3421 1339 3590 1400 οὐδεὶς
3619 1338 3739 1412 ἐμοῦ

2109 1432 2170 1488 τὸ
2216 1431 2466 1509 παράπαν
2511 1429 2876 1509 περιεγένετο.
2938 1431 3083 1498 Αὕτη
3131 1429 3187 1487 δὲ
3217 1433 3305 1488 καὶ
3335 1433 3410 1494 ὡς
3442 1426 3740 1508 ἀνδραπόδῳ

2107 1523 2209 1577 τινὶ
2249 1522 2336 1577 καὶ
2381 1519 2549 1595 δεσμὰ
2618 1518 2900 1598 περιέϐαλε
2956 1523 3051 1577 καῖ
3117 1519 3332 1599 πληγὰς
3394 1519 3623 1575 ἐνέτεινε
3661 1518 3740 1574 καὶ

2109 1609 2330 1690 κατέχει
2369 1628 2386 1646 ⁸
2431 1608 2576 1690 ἀλλ’,
2609 1610 2656 1665 ὧ
2683 1611 2853 1687 πάτερ
2885 1611 2973 1667 καί
3017 1608 3189 1690 ἄρχον
3221 1610 3476 1688 ἦμέτέρε,
3509 1611 3626 1671 πῶς
3655 1607 3744 1662 οὒκ

2106 1698 2273 1778 ἔγνως
2303 1702 2365 1757 τὸ
2413 1697 2777 1774 συμϐήσεσθαι
2826 1698 3024 1774 μέλλον
3059 1718 3076 1774 ;
3127 1706 3244 1763 πῶς
3277 1700 3518 1775 ἔπεμπες
3558 1719 3575 1774 ;
3635 1702 3738 1757 πῶς

2108 1790 2323 1869 ἠγνόεις
2357 1792 2417 1848 τὸ
2460 1789 2678 1870 ἄμαχον
2716 1792 2874 1846 τοῦτο
2917 1788 3112 1864 δεινὸν,
3171 1793 3244 1853 ὡς
3294 1790 3395 1868 ἄρα
3421 1787 3577 1845 οὐδὲν
3607 1807 3741 1862 παρ-

2106 1880 2277 1946 θενίας
2311 1879 2613 1957 ψηλότερον
2655 1880 2828 1956 [[οτι.
2879 1879 3032 1960 ML],
3087 1877 3235 1938 οὐδὲν
3286 1876 3616 1956 μαρτυρικῆς
3658 1879 3740 1934 εδ-

2106 1970 2216 2050 χῆς
2245 1970 2593 2050 ἰσχυρότερον
2630 1987 2646 2042 ;

2190 2060 2304 2119 [A'.
2368 2057 2458 2117 Ἐν
2515 2060 2561 2134 ᾧ
2618 2059 2672 2115 δὲ
2734 2059 2888 2123 οὗτος
2945 2057 3146 2118 οὕτωσί
3206 2057 3519 2135 ὶξητάζετο,
3580 2054 3668 2111 καὶ
3717 2053 3742 2109 ὃ

2105 2151 2343 2228 ἔπαρχος
2415 2147 2622 2224 ἔπεμπε
2681 2153 2776 2216 τῆς
2848 2151 3060 2226 εἱρκτῆς
3138 2147 3438 2215 Ἰουλιανὴν
3496 2147 3738 2224 ἆγαγεῐν,

2105 2241 2261 2320 εἴπερ
2293 2238 2433 2302 ὅλως
2464 2240 2553 2296 καὶ
2583 2244 2648 2314 ζῇ
2683 2254 2699 2270 ·
2753 2240 2787 2306 ἡ
2831 2241 2930 2314 μὲν
2982 2243 3072 2297 οὗν
3099 2239 3264 2316 ἤγετο
3293 2257 3306 2271 ·
3343 2241 3371 2294 ὁ
3405 2237 3648 2314 πονηρὸς
3692 2231 3742 2288 δὲ

2105 2331 2238 2404 αὖτῇ
2289 2327 2492 2404 δαίμων
2551 2329 2840 2405 συρόμενος
2895 2328 3084 2386 εἵπετο
3122 2344 3136 2358 ⁸
3201 2329 3236 2395 ἡ
3303 2325 3361 2382 δὲ
3417 2327 3622 2404 μάρτυς
3675 2329 3742 2396 τῷ

2101 2420 2328 2499 ἐπάρχῳ
2380 2417 2696 2495 παρίοτατο,
2763 2419 2822 2473 τὸ
2868 2417 3080 2496 πρῶτον
3137 2416 3490 2487 ἂποσώζουαα
3555 2411 3740 2477 κάλλος

2173 2511 2190 2565 ὶ
2254 2507 2279 2528 τι
2521 2505 2600 2538 ,αι
2697 2509 2708 2528 ε
2871 2513 2897 2523 ..
3139 2506 3153 2526 κ
3283 2503 3357 2528 ,ηε
3519 2509 3578 2540 φ-

2103 2531 2170 2564 κα
2247 2528 2426 2586 ωσπερ
2485 2523 2632 2565 ουοιν
2693 2528 2972 2565 υποστασα
3026 2507 3194 2562 δεινον
3247 2523 3364 2561 ουοε
3395 2506 3586 2580 ἀρκεῖ,
3643 2509 3738 2571 ζω-

2101 2595 2262 2672 φῴδει
2292 2595 2765 2676 κατακλεισθεῖσα,
2797 2593 2919 2652 ἀλλ’
2947 2596 3070 2652 οἷον
3105 2594 3159 2650 ἐν
3207 2593 3434 2668 θαλάμῳ
3483 2591 3623 2647 οὖσα
3661 2590 3739 2646 καὶ

2100 2686 2310 2753 πολλῆς
2339 2683 2625 2760 ἀξιούμένη
2675 2689 2772 2753 τῆς
2821 2685 3097 2750 εὐπαθείας
3132 2702 3148 2718 ⁶
3181 2685 3271 2742 καὶ
3301 2685 3329 2738 ὁ
3358 2681 3574 2762 ἄρχων·
3626 2679 3738 2738 Εἰπέ

2101 2799 2219 2852 μοι,
2268 2775 2396 2854 ἔφη,
2447 2773 2736 2849 ’Ῑουλιανὴ,
2786 2774 2916 2831 πότε
2967 2776 3057 2831 καὶ
3117 2771 3244 2850 παρ’
3278 2771 3401 2828 ὅτου
3432 2771 3498 2838 δὴ
3533 2771 3606 2828 τὰ
3629 2791 3737 2826 τοι-

2104 2873 2237 2924 αῦτα
2287 2871 2394 2922 τῶν
2437 2870 2702 2942 γοητειῶν
2757 2863 2968 2931 ἤσκησε
2997 2863 3094 2920 καῖ
3122 2865 3227 2919 τίνι
3265 2861 3438 2940 τέχνη
3483 2861 3586 2925 τὰς
3642 2861 3733 2934 βα·-

2102 2957 2293 3020 σάνους
2337 2954 2648 3034 ἐταύλισας,
2681 2955 2819 3012 ὥστε
2853 2951 2971 3013 οὔδε
2999 2952 3023 3008 ἵ
3030 2974 3162 3032 χνος
3195 2951 3368 3008 αὐτῶν
3400 2947 3557 3007 οὐδὲν
3605 2949 3734 3004 ἀπο-

3595 199 3860 283 1448ξ

376 3053 440 3106 ut
461 3043 690 3105 nullum
716 3058 923 3104 serves
943 3058 1149 3102 eorum
1174 3041 1514 3120 vestigium?
1528 3041 1639 3103 Ars
1661 3041 2019 3119 quidem,in-

2109 3046 2289 3117 σώζειν
2324 3064 2342 3121 ;
2393 3037 2456 3100 Ἡ
2487 3041 2568 3098 δέ’
2599 3043 2782 3124 Τέχνη
2814 3043 2937 3122 μὲν,
2971 3041 3140 3121 λέγει,
3176 3043 3222 3097 ὦ
3255 3039 3467 3119 ἅρχων,
3499 3037 3731 3112 οὐδεμιᾷ,

376 3133 528 3215 quit,
562 3151 596 3192 ο
619 3130 1098 3212 pracfecte,nulla
1131 3138 1220 3192 est
1251 3148 1264 3193 :
1300 3129 1408 3192 sed
1441 3131 1642 3194 divina
1672 3131 1926 3212 quadam
1958 3143 2018 3196 et

2109 3135 2317 3210 δυνάμει
2345 3133 2400 3189 δὲ
2430 3133 2541 3205 θείᾳ
2574 3131 2638 3200 δή
2670 3155 2780 3189 τινι
2824 3135 2912 3188 καὶ
2971 3130 3208 3209 ἀρρήτῳ,
3254 3129 3290 3197 ἢ
3346 3133 3410 3187 οὗ
3451 3129 3621 3203 μόνον
3656 3128 3727 3199 σὲ,

374 3206 664 3285 ineffabili
698 3220 988 3301 potentia,
1016 3239 1150 3300 quae
1174 3239 1290 3282 non
1327 3220 1518 3282 solum
1557 3206 1752 3295 te,sed
1787 3230 2016 3300 patrem

2109 3224 2238 3280 αλλὰ
2289 3224 2373 3281 καὶ
2438 3223 2526 3278 τὸν
2569 3224 2662 3278 σὸν
2719 3220 2946 3298 πατέρα,
3008 3221 3100 3276 τὸν
3167 3224 3434 3297 Σατανᾶν,
3479 3220 3727 3296 ᾔσχυνεν,

376 3329 617 3392 quoque
643 3318 804 3372 tuum
828 3311 1104 3371 Satanam
1134 3309 1361 3390 pudore
1376 3311 1704 3390 affecit,me
1726 3328 1868 3372 vero
1883 3331 2021 3373 am-

374 3399 568 3463 bobus
586 3399 785 3461 etfecit
817 3398 1470 3480 potentiorem,nempe
1497 3412 1561 3462 et.
1591 3409 1694 3462 tuo
1726 3400 1931 3464 furore
1960 3411 2020 3464 et

376 3487 653 3568 improba
679 3487 840 3548 illius
864 3495 990 3548 arte
1024 3505 1037 3549 :
1087 3489 1170 3550 sic
1201 3488 1300 3549 hic
1331 3487 1574 3569 quidem
1609 3488 1875 3554 Christus
1908 3509 2017 3554 ve-

375 3586 526 3639 stras
553 3577 708 3638 vires
742 3576 1074 3651 enervavit,
1107 3577 1232 3639 illic
1262 3586 1462 3639 autem
1499 3578 1603 3641 tibi
1641 3587 1698 3640 et
1731 3589 1832 3643 tuo
1866 3581 2017 3663 patri

375 3677 434 3731 et
457 3666 677 3730 vestris
707 3665 955 3728 asseclis
987 3666 1186 3745 ignem
1215 3667 1442 3747 paravit
1475 3668 1906 3746 terribilem,et
1937 3681 2018 3734 te-

374 3765 533 3819 trum
565 3764 875 3830 tartarum,
911 3765 970 3816 et
1019 3757 1321 3831 tenebras,
1377 3765 1438 3818 et
1465 3775 1758 3835 vermem,
1794 3770 1853 3822 et
1885 3780 2016 3842 qua:

372 3864 485 3908 nec
518 3853 716 3907 mente
748 3852 943 3925 potest
964 3843 1182 3926 aliquis
1206 3845 1722 3928 comprehendere
1751 3867 1860 3912 nec
1885 3869 2017 3933 per-

372 3935 545 4015 sequi
577 3934 870 3996 oratione.

413 4023 696 4088 Xll.Cum
719 4024 918 4103 ignem
943 4023 2018 4107 audiissetpraefectusjgnemcontra

373 4113 565 4195 ipsam
591 4114 945 4194 paravit,qui
973 4121 1066 4176 est
1085 4113 1157 4175 ad
1185 4122 1423 4195 tempus
1447 4115 1679 4178 scilicet
1701 4127 1759 4179 et
1778 4123 2014 4183 exstin-

376 4203 1086 4275 guitur.Accendititaque
1103 4206 1396 4261 fornacem
1419 4203 1662 4274 ligniset
1682 4213 2011 4276 sarmentis,

2102 3315 2198 3390 ἐμὲ
2245 3312 2301 3369 δὲ
2359 3315 2564 3392 ἀμφοῖν
2626 3313 2900 3392 κρείττονα
2959 3311 3050 3367 καὶ
3094 3313 3189 3378 τῆς
3252 3308 3445 3383 μανίας
3498 3309 3592 3364 καὶ
3643 3309 3731 3373 τῆς

2101 3404 2302 3461 ἐκείνου
2345 3403 2701 3482 κακοτεχνίας
2738 3398 3007 3465 ἀπέδειξεν
3041 3418 3059 3435 θ
3134 3397 3303 3464 οὕτως
3364 3397 3590 3454 ἐνταῦθα
3645 3395 3734 3470 μὲν

2100 3493 2198 3562 τήν
2254 3493 2413 3572 ἰσχὺν
2457 3481 2606 3567 ὑμῶν
2663 3493 2691 3547 ὁ
2758 3491 2984 3569 Χριστὸς
3027 3487 3351 3567 εξενεύρισεν
3380 3502 3396 3517 ·
3443 3488 3627 3542 ὲκεῖσε
3685 3481 3734 3538 δὲ

2101 3584 2182 3638 σοὶ
2226 3584 2312 3638 καὶ
2343 3588 2420 3656 τῷ
2477 3581 2556 3655 σῷ
2608 3579 2797 3656 πατέρι
2857 3580 2946 3635 καὶ
2973 3591 3094 3641 τοῖς
3124 3575 3244 3634 καθ’
3276 3578 3413 3652 ὑμᾶς
3443 3582 3552 3654 πῦρ
3591 3573 3734 3642 ἡτοί-

2101 3694 2238 3747 μασε
2269 3669 2494 3750 φοϐερὸν
2524 3668 2622 3726 καί
2651 3668 2910 3746 τάρταρον
2960 3666 3208 3748 χαλεπὸν
3256 3667 3348 3723 καὶ
3400 3665 3599 3728 σκότος
3655 3663 3735 3719 καὶ

2099 3761 2356 3828 σκώληκα
2385 3759 2479 3817 καὶ
2512 3758 2612 3816 ὅσα
2642 3761 2782 3836 μήτε
2823 3766 2900 3835 νῷ
2928 3754 3242 3837 περιλαϐεῖν
3271 3777 3355 3822 τις
3399 3756 3546 3833 μήτε
3598 3753 3730 3831 λόγῳ

2099 3849 2384 3918 διεξελθεῖν
2413 3849 2653 3909 δύναται.

2183 4032 2288 4091 lB'.
2324 4034 2430 4109 Πῦρ
2461 4027 2692 4093 ἀκούσας
2749 4029 2776 4084 ὁ
2835 4026 3101 4108 ἔπαρχος,
3157 4032 3259 4105 πῦρ
3288 4023 3580 4105 ηίιτρέπιζε
3621 4018 3727 4078 κατ’

2099 4120 2287 4192 αὐτῆς,
2322 4122 2456 4199 πρὸς
2499 4122 2685 4194 καιρὸν
2726 4115 2935 4184 δηλαδὴ
2983 4120 3073 4173 καὶ
3102 4113 3452 4188 σϐεννύμενον
3488 4133 3502 4148 '
3542 4114 3727 4172 ἐκκαίει

2097 4218 2377 4288 τοιγαροῦν
2437 4209 2664 4283 κάμινον
2710 4205 2881 4273 ξύλοις
2929 4225 2987 4262 τε
3028 4207 3117 4262 καὶ
3147 4206 3436 4284 φρυγάνοις
3491 4205 3586 4261 καὶ
3640 4202 3727 4258 ὅσα

374 4295 436 4350 et
460 4286 727 4368 qualibet
753 4288 1024 4364 materia,
1057 4305 1188 4368 quae
1221 4288 1398 4350 facile
1435 4297 1636 4369 potest
1669 4293 1761 4353 uri
1794 4303 1852 4355 et
1879 4299 2014 4374 igne

2109 4286 2207 4366 nﬁc
2242 4297 2376 4365 ὕλης
2403 4297 2675 4376 εὖπρηστα
2705 4297 2792 4353 καὶ
2836 4299 2914 4371 τῷ
2956 4297 3078 4374 πυρὶ
3133 4292 3348 4362 δαπάνη
3410 4290 3681 4360 ἐπιτηδεία
3707 4308 3720 4324 ·

373 4376 786 4440 consumi.Ubi
819 4387 1018 4442 autem
1049 4379 1441 4440 vehementer
1477 4380 1644 4455 arsit,
1667 4383 2009 4462 praeclaram

2109 4390 2208 4446 ἐπεὶ
2251 4386 2306 4443 δὲ
2348 4389 2580 4466 ἰσχυρῶς
2640 4385 2976 4466 ἐξεκέκαυτο,
3030 4381 3389 4459 ἐμϐάλλουσιν
3438 4386 3577 4459 αὐτῇ
3633 4383 3722 4444 τὴν

372 4469 666 4546 virginem
699 4467 761 4529 in
792 4487 926 4530 eum
961 4467 1379 4549 injiciunt.Illa
1410 4487 1551 4532 vero
1582 4473 1655 4534 ad
1686 4471 1873 4534 Deum
1908 4472 2008 4534 in-

2109 4479 2337 4557 γενναίαν
2368 4492 2386 4509 ⁶
2449 4479 2481 4544 ἡ
2542 4474 2601 4531 δὲ
2643 4478 2777 4554 πρὸς
2823 4477 2952 4532 Θεὸν
3010 4474 3149 4549 ἑώρα
3199 4477 3288 4530 καὶ
3332 4473 3538 4548 δάκρυα
3591 4470 3721 4549 ἠφίει

375 4557 676 4637 tuebatur,
711 4565 768 4618 et
809 4561 1096 4639 lacrymas
1137 4558 1448 4621 emittebat
1479 4577 1548 4620 ex
1581 4561 1795 4636 oculis,
1830 4571 1890 4647 et
1919 4563 2010 4625 hae

2109 4574 2197 4624 τῶν
2257 4564 2567 4647 ὀφθαλμῶν,
2615 4567 2704 4622 καὶ
2747 4567 2800 4621 αἱ
2845 4566 3027 4643 μικραὶ
3069 4564 3220 4620 αὗται
3267 4563 3550 4640 σταγόνες,
3607 4558 3719 4615 ὑδά-

374 4665 568 4730 parvaa
589 4655 791 4726 guttae,
819 4649 1030 4709 ﬂuvios
1062 4647 1534 4726 imitatae,ignem
1569 4639 2003 4717 exstinxerunt.

2109 4680 2202 4715 εων
2259 4639 2564 4731 ποταμοὺς,
2592 4639 2993 4732 μιμησάμεναι,
3052 4655 3114 4710 τὸ
3173 4653 3273 4732 πῦρ
3337 4639 3589 4708 ἔσϐεσαν.
3644 4651 3719 4719 Τῷ

369 4739 625 4803 Maximo
668 4737 874 4815 itaque
923 4745 1061 4797 sunt
1102 4735 1502 4818 obstupefacti
1535 4741 1821 4803 miraculo
1854 4751 2011 4805 totus

375 4827 630 4909 populus
653 4825 1232 4900 Nicomediensium,
1269 4834 1328 4888 et
1355 4826 1469 4888 viri
1499 4845 1751 4890 numero
1773 4833 2015 4896 circiter

374 4917 690 5000 quingenti
713 4934 830 4978 una
852 4933 997 4978 voce
1017 4925 1076 4977 et
1097 4923 1296 4977 mente
1320 4917 1824 4983 exclamaverunt:
1845 4921 2012 4985 Unus

376 5015 466 5072 est
492 5007 669 5082 Deus,
699 5023 876 5081 unus,
903 5006 1177 5086 inquam,
1203 5005 1388 5088 Deus,
1408 5007 1508 5088 qui
1541 5019 1630 5069 est
1657 5008 1816 5072 Deus
1846 5031 2010 5074 mar-

374 5097 524 5178 tyris
544 5097 797 5158 Julianze
832 5116 846 5158 :
875 5097 1071 5175 ipsum
1098 5112 1207 5157 nos
1229 5114 1467 5176 quoque
1493 5097 1833 5176 colimus,et
1861 5121 2013 5181 gen-

375 5187 566 5249 tilium
599 5184 786 5247 cultui
833 5190 1270 5249 renuntiamus.
1327 5184 1544 5250 Veniat
1600 5189 1786 5261 ensis,
1818 5192 2014 5254 veniat

370 5275 756 5356 ignis,veniat
782 5273 1011 5353 quaevis
1041 5274 1156 5335 alia
1189 5292 1349 5337 mors
1381 5284 1438 5336 et
1459 5276 1875 5361 cujuscunque
1904 5301 2015 5362 ge-

373 5366 560 5430 neris.
595 5366 789 5444 Atque
812 5381 922 5432 eos
942 5363 1184 5444 quidem
1209 5363 1408 5425 stalim
1425 5366 1662 5447 accepit
1683 5371 2012 5447 ensis,eum

373 5456 460 5516 sic
477 5454 758 5533 jussisset
781 5454 1298 5535 praefectus,nullo
1329 5455 1544 5520 relicto
1571 5457 1674 5539 qui
1691 5478 1810 5523 non
1835 5462 2018 5527 fuerit

368 5543 438 5610 in
467 5542 701 5607 Christo
729 5551 1204 5610 consummatus.
1236 5543 1523 5627 Ejusdem
1551 5565 1791 5634 quoque
1823 5553 2022 5622 exitus-

2095 4747 2332 4825 μεγίστῳ
2387 4744 2562 4800 τοίνυν
2620 4742 2984 4821 ἐκπληγέντες
3035 4747 3130 4799 τοῦ
3210 4741 3504 4820 θαύματος,
3567 4737 3721 4812 δῆμος

2095 4837 2219 4899 ὅλος
2276 4832 2650 4913 Νικομηδέων,
2712 4830 2893 4912 ἄνδρες
2951 4833 3042 4888 τὸν
3092 4831 3316 4907 ἀριθμὸν
3371 4832 3502 4886 ὡσεὶ
3535 4849 3718 4887 πεντα-

2093 4927 2288 5002 κόσιοι,
2324 4925 2421 5000 μιᾷ
2481 4923 2570 4980 καὶ
2626 4927 2777 5002 φωνῇ
2836 4921 2925 4978 καὶ
2954 4919 3145 4999 γνώμη
3180 4938 3197 4956 ’
3235 4923 3332 4984 Εἷς
3365 4921 3526 4992 Θεὸς,
3565 4919 3648 4982 εἷς
3694 4915 3718 4971 ὅ

2093 5022 2192 5084 τῆς
2247 5013 2508 5092 μάρτυρος
2556 5011 2879 5092 Ἰουλιὰνῆς,
2931 5009 3154 5077 ἐξεϐόων
3185 5027 3200 5043 ’
3262 5009 3422 5066 αὐτὸν
3451 5011 3541 5066 καὶ
3570 5010 3716 5081 ἡμεῖς

2096 5105 2360 5182 σεϐόμεθα
2420 5107 2504 5160 καὶ
2564 5102 2628 5158 τὰ
2690 5093 2965 5172 Ἑλλήνων
3039 5100 3488 5180 ἀποτετράμμεθα
3525 5116 3539 5130 ·
3600 5097 3715 5153 εἴτω

2097 5196 2262 5277 ξίφος,
2323 5192 2458 5250 εἴτω
2496 5199 2620 5271 πῦρ,
2681 5188 2817 5247 εἷ’τω
2874 5187 3213 5253 παντοδαπὸς
3270 5187 3430 5254 ἄλλος
3487 5190 3715 5248 θάνατος.

2099 5287 2323 5348 Τούτους
2373 5283 2472 5359 μὲν
2515 5283 2701 5341 αὐτίκα
2755 5281 2820 5336 τὸ
2878 5278 3024 5361 ξίφος
3077 5277 3396 5356 ἱλάμϐανειι,
3459 5277 3594 5336 οὕτω
3632 5297 3714 5331 κε-

2098 5375 2381 5432 λεύσαντος
2439 5373 2533 5428 τοῦ
2574 5367 2840 5450 ἐπάρχου,
2896 5367 3126 5444 μηδενὸς
3177 5372 3349 5428 αὐτῶν
3379 5367 3714 5448 ἀπολειφθέν-

2098 5487 2217 5542 τος,
2262 5462 2359 5531 τῆς
2409 5460 2466 5519 ἐν
2523 5466 2734 5536 Χριστῷ
2795 5457 3129 5526 τελειώσεως
3163 5477 3179 5496 ο
3251 5457 3613 5524 ζκοινώνησαν
3667 5451 3714 5510 δὲ

2101 5559 2286 5637 αὐτοῖς
2343 5550 2434 5613 καὶ
2489 5562 2745 5633 γυναῖκες
2803 5554 2899 5610 τού
2955 5546 3081 5610 ἴσον
3158 5546 3345 5616 τέλους
3401 5548 3590 5610 ἑκατὸν
3639 5542 3712 5604 καὶ
