  <div class='ocr_page' id='page_1' title='image "/cluster/home/n/w/nwhite01/storage/ocr_20150623/114/mdp.39015028574344/760.png"; bbox 0 0 3932 6140; ppageno 0'>
   <div class='ocr_carea' id='block_1_1' title="bbox 161 251 310 331">
    <p class='ocr_par' dir='ltr' id='par_1_1' title="bbox 161 251 310 331">
     <span class='ocr_line' id='line_1_1' title="bbox 161 251 310 331; baseline -0.007 0"><span class='ocrx_word' id='word_1_1' title='bbox 161 251 310 331; x_wconf 63' lang='grc'><strong>1449</strong></span> 
     </span>
    </p>
   </div>
   <div class='ocr_carea' id='block_1_2' title="bbox 1465 245 2176 331">
    <p class='ocr_par' dir='ltr' id='par_1_2' title="bbox 1465 245 2176 331">
     <span class='ocr_line' id='line_1_2' title="bbox 1465 245 2176 331; baseline 0 -1"><span class='ocrx_word' id='word_1_2' title='bbox 1465 253 1649 330; x_wconf 88' lang='lat' dir='ltr'><strong>VITA</strong></span> <span class='ocrx_word' id='word_1_3' title='bbox 1695 264 1754 328; x_wconf 89' lang='lat' dir='ltr'><strong>s.</strong></span> <span class='ocrx_word' id='word_1_4' title='bbox 1800 245 2176 331; x_wconf 69' lang='lat' dir='ltr'><strong>JULIANE.</strong></span> 
     </span>
    </p>
   </div>
   <div class='ocr_carea' id='block_1_3' title="bbox 3352 253 3505 335">
    <p class='ocr_par' dir='ltr' id='par_1_3' title="bbox 3352 253 3505 335">
     <span class='ocr_line' id='line_1_3' title="bbox 3352 253 3505 335; baseline 0.013 -2"><span class='ocrx_word' id='word_1_5' title='bbox 3352 253 3505 335; x_wconf 74' lang='lat'><strong>1450</strong></span> 
     </span>
    </p>
   </div>
   <div class='ocr_carea' id='block_1_4' title="bbox 149 400 1789 487">
    <p class='ocr_par' dir='ltr' id='par_1_4' title="bbox 149 401 1783 483">
     <span class='ocr_line' id='line_1_4' title="bbox 149 401 1783 483; baseline 0 -21"><span class='ocrx_word' id='word_1_6' title='bbox 149 405 447 482; x_wconf 80' lang='grc' dir='ltr'>τριάκοντα.</span> <span class='ocrx_word' id='word_1_7' title='bbox 508 401 634 463; x_wconf 76' lang='grc' dir='ltr'>Οὐδὲ</span> <span class='ocrx_word' id='word_1_8' title='bbox 677 403 775 482; x_wconf 80' lang='grc' dir='ltr'>γὰρ</span> <span class='ocrx_word' id='word_1_9' title='bbox 817 405 1012 475; x_wconf 70' lang='grc' dir='ltr'>ἥττους</span> <span class='ocrx_word' id='word_1_10' title='bbox 1068 402 1224 462; x_wconf 76' lang='grc' dir='ltr'>αὗται</span> <span class='ocrx_word' id='word_1_11' title='bbox 1253 409 1357 462; x_wconf 83' lang='grc' dir='ltr'>τῶν</span> <span class='ocrx_word' id='word_1_12' title='bbox 1389 402 1612 483; x_wconf 79' lang='grc' dir='ltr'>ἀνδρῶν,</span> <span class='ocrx_word' id='word_1_13' title='bbox 1661 404 1783 462; x_wconf 77' lang='grc' dir='ltr'>ὅσον</span> 
     </span>
    </p>
   </div>
   <div class='ocr_carea' id='block_1_5' title="bbox 1912 400 3509 487">
    <p class='ocr_par' dir='ltr' id='par_1_5' title="bbox 1912 400 3509 487">
     <span class='ocr_line' id='line_1_5' title="bbox 1912 400 3509 487; baseline 0.002 -21"><span class='ocrx_word' id='word_1_14' title='bbox 1912 422 2042 466; x_wconf 82' lang='lat' dir='ltr'><strong>tere</strong></span> <span class='ocrx_word' id='word_1_15' title='bbox 2070 402 2249 465; x_wconf 83' lang='lat' dir='ltr'><strong>sociae</strong></span> <span class='ocrx_word' id='word_1_16' title='bbox 2293 407 2538 465; x_wconf 98' lang='lat' dir='ltr'><strong>centum</strong></span> <span class='ocrx_word' id='word_1_17' title='bbox 2586 407 2643 464; x_wconf 92' lang='lat' dir='ltr'><strong>et</strong></span> <span class='ocrx_word' id='word_1_18' title='bbox 2673 400 2916 480; x_wconf 82' lang='lat' dir='ltr'><strong>triginta</strong></span> <span class='ocrx_word' id='word_1_19' title='bbox 2948 403 3274 483; x_wconf 82' lang='lat' dir='ltr'><strong>mulieres;</strong></span> <span class='ocrx_word' id='word_1_20' title='bbox 3309 424 3509 487; x_wconf 90' lang='lat' dir='ltr'><strong>neque</strong></span> 
     </span>
    </p>
   </div>
   <div class='ocr_carea' id='block_1_6' title="bbox 151 493 922 574">
    <p class='ocr_par' dir='ltr' id='par_1_6' title="bbox 151 493 922 574">
     <span class='ocr_line' id='line_1_6' title="bbox 151 493 922 574; baseline 0.001 -25"><span class='ocrx_word' id='word_1_21' title='bbox 151 496 216 558; x_wconf 83' lang='grc' dir='ltr'>εἰς</span> <span class='ocrx_word' id='word_1_22' title='bbox 240 493 530 569; x_wconf 74' lang='grc' dir='ltr'>εὐσέϐειαν,</span> <span class='ocrx_word' id='word_1_23' title='bbox 564 493 922 574; x_wconf 62' lang='grc' dir='ltr'>ἀνεφάνησαν.</span> 
     </span>
    </p>
   </div>
   <div class='ocr_carea' id='block_1_7' title="bbox 223 672 1778 755">
    <p class='ocr_par' dir='ltr' id='par_1_7' title="bbox 223 672 1778 755">
     <span class='ocr_line' id='line_1_7' title="bbox 223 672 1778 755; baseline 0.003 -27"><span class='ocrx_word' id='word_1_24' title='bbox 223 672 325 732; x_wconf 82' lang='grc' dir='ltr'><strong>[Γ’.</strong></span> <span class='ocrx_word' id='word_1_25' title='bbox 371 672 667 754; x_wconf 75' lang='grc' dir='ltr'>Παφλάζων</span> <span class='ocrx_word' id='word_1_26' title='bbox 709 673 764 732; x_wconf 79' lang='grc' dir='ltr'>δὲ</span> <span class='ocrx_word' id='word_1_27' title='bbox 797 677 871 733; x_wconf 75' lang='grc' dir='ltr'><strong>ἔτι</strong></span> <span class='ocrx_word' id='word_1_28' title='bbox 906 680 933 734; x_wconf 84' lang='grc' dir='ltr'>ὁ</span> <span class='ocrx_word' id='word_1_29' title='bbox 967 675 1202 755; x_wconf 77' lang='grc' dir='ltr'><strong>ἔπαρχος</strong></span> <span class='ocrx_word' id='word_1_30' title='bbox 1240 679 1318 751; x_wconf 80' lang='grc' dir='ltr'><strong>τῷ</strong></span> <span class='ocrx_word' id='word_1_31' title='bbox 1346 677 1518 755; x_wconf 86' lang='grc' dir='ltr'>θυμῷ,</span> <span class='ocrx_word' id='word_1_32' title='bbox 1565 677 1640 739; x_wconf 77' lang='grc' dir='ltr'><strong>εἷς</strong></span> <span class='ocrx_word' id='word_1_33' title='bbox 1683 674 1778 732; x_wconf 83' lang='grc' dir='ltr'>λέ-</span> 
     </span>
    </p>
   </div>
   <div class='ocr_carea' id='block_1_8' title="bbox 147 758 1782 842">
    <p class='ocr_par' dir='ltr' id='par_1_8' title="bbox 147 758 1782 842">
     <span class='ocr_line' id='line_1_8' title="bbox 147 758 1782 842; baseline 0.002 -25"><span class='ocrx_word' id='word_1_34' title='bbox 147 758 279 828; x_wconf 83' lang='grc' dir='ltr'>ϐητα</span> <span class='ocrx_word' id='word_1_35' title='bbox 320 762 508 834; x_wconf 86' lang='grc' dir='ltr'>ζέοντα</span> <span class='ocrx_word' id='word_1_36' title='bbox 555 766 672 842; x_wconf 86' lang='grc' dir='ltr'>πυρὶ</span> <span class='ocrx_word' id='word_1_37' title='bbox 713 763 898 840; x_wconf 88' lang='grc' dir='ltr'>πολλῷ</span> <span class='ocrx_word' id='word_1_38' title='bbox 954 767 1052 833; x_wconf 80' lang='grc' dir='ltr'>τὴν</span> <span class='ocrx_word' id='word_1_39' title='bbox 1113 763 1408 832; x_wconf 76' lang='grc' dir='ltr'>Ἰουλιανὴν</span> <span class='ocrx_word' id='word_1_40' title='bbox 1451 763 1782 840; x_wconf 76' lang='grc' dir='ltr'>ἐμϐληθῆναι</span> 
     </span>
    </p>
   </div>
   <div class='ocr_carea' id='block_1_9' title="bbox 147 852 1780 935">
    <p class='ocr_par' dir='ltr' id='par_1_9' title="bbox 147 852 1780 935">
     <span class='ocr_line' id='line_1_9' title="bbox 147 852 1780 935; baseline 0.001 -27"><span class='ocrx_word' id='word_1_41' title='bbox 147 852 456 927; x_wconf 69' lang='grc' dir='ltr'><strong>προστάττει</strong></span> <span class='ocrx_word' id='word_1_42' title='bbox 493 869 510 886; x_wconf 83' lang='grc'><strong>⁸</strong></span> <span class='ocrx_word' id='word_1_43' title='bbox 556 855 591 921; x_wconf 78' lang='grc' dir='ltr'>ἡ</span> <span class='ocrx_word' id='word_1_44' title='bbox 637 852 691 908; x_wconf 81' lang='grc' dir='ltr'><strong>δὲ</strong></span> <span class='ocrx_word' id='word_1_45' title='bbox 742 855 854 912; x_wconf 79' lang='grc' dir='ltr'>θεία</span> <span class='ocrx_word' id='word_1_46' title='bbox 912 855 1071 933; x_wconf 70' lang='grc' dir='ltr'>χάρις</span> <span class='ocrx_word' id='word_1_47' title='bbox 1116 855 1272 912; x_wconf 77' lang='grc' dir='ltr'>αὐτὸν</span> <span class='ocrx_word' id='word_1_48' title='bbox 1325 856 1611 935; x_wconf 77' lang='grc' dir='ltr'>μονονουχὶ</span> <span class='ocrx_word' id='word_1_49' title='bbox 1651 853 1780 910; x_wconf 92' lang='grc' dir='ltr'>λου-</span> 
     </span>
    </p>
   </div>
   <div class='ocr_carea' id='block_1_10' title="bbox 148 938 1786 1022">
    <p class='ocr_par' dir='ltr' id='par_1_10' title="bbox 148 938 1786 1022">
     <span class='ocr_line' id='line_1_10' title="bbox 148 938 1786 1022; baseline 0.002 -27"><span class='ocrx_word' id='word_1_50' title='bbox 148 942 264 1017; x_wconf 84' lang='grc' dir='ltr'>τρὸν</span> <span class='ocrx_word' id='word_1_51' title='bbox 307 938 508 998; x_wconf 80' lang='grc' dir='ltr'>ἐδείκνυ</span> <span class='ocrx_word' id='word_1_52' title='bbox 548 950 616 1018; x_wconf 73' lang='grc' dir='ltr'>τῇ</span> <span class='ocrx_word' id='word_1_53' title='bbox 661 944 880 1022; x_wconf 82' lang='grc' dir='ltr'>μάρτυρι</span> <span class='ocrx_word' id='word_1_54' title='bbox 914 945 1010 1001; x_wconf 71' lang='grc' dir='ltr'><strong>καί</strong></span> <span class='ocrx_word' id='word_1_55' title='bbox 1051 944 1156 1001; x_wconf 81' lang='grc' dir='ltr'><strong>τῶν</strong></span> <span class='ocrx_word' id='word_1_56' title='bbox 1205 943 1403 1022; x_wconf 89' lang='grc' dir='ltr'>πόνων,</span> <span class='ocrx_word' id='word_1_57' title='bbox 1437 942 1558 1000; x_wconf 86' lang='grc' dir='ltr'>ἀλλ’</span> <span class='ocrx_word' id='word_1_58' title='bbox 1591 945 1652 1001; x_wconf 79' lang='grc' dir='ltr'><strong>οὒ</strong></span> <span class='ocrx_word' id='word_1_59' title='bbox 1681 949 1786 1000; x_wconf 83' lang='grc' dir='ltr'>τῶν</span> 
     </span>
    </p>
   </div>
   <div class='ocr_carea' id='block_1_11' title="bbox 149 1027 1788 1112">
    <p class='ocr_par' dir='ltr' id='par_1_11' title="bbox 149 1027 1788 1112">
     <span class='ocr_line' id='line_1_11' title="bbox 149 1027 1788 1112; baseline 0.002 -28"><span class='ocrx_word' id='word_1_60' title='bbox 149 1027 321 1104; x_wconf 83' lang='grc' dir='ltr'>μελῶν</span> <span class='ocrx_word' id='word_1_61' title='bbox 365 1030 517 1098; x_wconf 79' lang='grc' dir='ltr'>τῆξιν</span> <span class='ocrx_word' id='word_1_62' title='bbox 558 1053 616 1089; x_wconf 90' lang='grc' dir='ltr'><strong>τε</strong></span> <span class='ocrx_word' id='word_1_63' title='bbox 659 1034 747 1090; x_wconf 83' lang='grc' dir='ltr'><strong>καὶ</strong></span> <span class='ocrx_word' id='word_1_64' title='bbox 791 1031 1027 1093; x_wconf 87' lang='grc' dir='ltr'>διάλυσιν</span> <span class='ocrx_word' id='word_1_65' title='bbox 1062 1049 1078 1064; x_wconf 86' lang='grc'><strong>⁸</strong></span> <span class='ocrx_word' id='word_1_66' title='bbox 1125 1047 1244 1098; x_wconf 77' lang='grc' dir='ltr'>τοῖς</span> <span class='ocrx_word' id='word_1_67' title='bbox 1276 1031 1330 1089; x_wconf 89' lang='grc' dir='ltr'><strong>δέ</strong></span> <span class='ocrx_word' id='word_1_68' title='bbox 1358 1055 1418 1111; x_wconf 93' lang='grc' dir='ltr'><strong>γε</strong></span> <span class='ocrx_word' id='word_1_69' title='bbox 1467 1033 1586 1112; x_wconf 83' lang='grc' dir='ltr'>περὶ</span> <span class='ocrx_word' id='word_1_70' title='bbox 1629 1034 1788 1091; x_wconf 80' lang='grc' dir='ltr'>αὐτὸν</span> 
     </span>
    </p>
   </div>
   <div class='ocr_carea' id='block_1_12' title="bbox 151 1116 1785 1202">
    <p class='ocr_par' dir='ltr' id='par_1_12' title="bbox 151 1116 1785 1202">
     <span class='ocr_line' id='line_1_12' title="bbox 151 1116 1785 1202; baseline 0.003 -29"><span class='ocrx_word' id='word_1_71' title='bbox 151 1116 573 1196; x_wconf 71' lang='grc' dir='ltr'>διακονουμένοις</span> <span class='ocrx_word' id='word_1_72' title='bbox 607 1119 923 1190; x_wconf 73' lang='grc' dir='ltr'>Χαλδαϊκὴν</span> <span class='ocrx_word' id='word_1_73' title='bbox 953 1121 1123 1190; x_wconf 78' lang='grc' dir='ltr'>ἄλλην</span> <span class='ocrx_word' id='word_1_74' title='bbox 1168 1124 1392 1198; x_wconf 81' lang='grc' dir='ltr'>κάμινον</span> <span class='ocrx_word' id='word_1_75' title='bbox 1428 1137 1443 1152; x_wconf 90' lang='grc'><strong>⁸</strong></span> <span class='ocrx_word' id='word_1_76' title='bbox 1495 1122 1643 1202; x_wconf 73' lang='grc' dir='ltr'>ἄφνω</span> <span class='ocrx_word' id='word_1_77' title='bbox 1685 1122 1785 1199; x_wconf 80' lang='grc' dir='ltr'><strong>γὰρ</strong></span> 
     </span>
    </p>
   </div>
   <div class='ocr_carea' id='block_1_13' title="bbox 151 1205 1784 1290">
    <p class='ocr_par' dir='ltr' id='par_1_13' title="bbox 151 1205 1784 1290">
     <span class='ocr_line' id='line_1_13' title="bbox 151 1205 1784 1290; baseline 0.002 -28"><span class='ocrx_word' id='word_1_78' title='bbox 151 1209 177 1262; x_wconf 77' lang='grc' dir='ltr'><strong>ὃ</strong></span> <span class='ocrx_word' id='word_1_79' title='bbox 218 1205 379 1274; x_wconf 86' lang='grc' dir='ltr'>λέϐης</span> <span class='ocrx_word' id='word_1_80' title='bbox 421 1209 601 1288; x_wconf 81' lang='grc' dir='ltr'>ῥαγεὶς</span> <span class='ocrx_word' id='word_1_81' title='bbox 654 1213 740 1267; x_wconf 83' lang='grc' dir='ltr'><strong>καὶ</strong></span> <span class='ocrx_word' id='word_1_82' title='bbox 789 1210 968 1284; x_wconf 80' lang='grc' dir='ltr'>κύκλῳ</span> <span class='ocrx_word' id='word_1_83' title='bbox 1011 1211 1191 1290; x_wconf 80' lang='grc' dir='ltr'>ὥσπερ</span> <span class='ocrx_word' id='word_1_84' title='bbox 1220 1213 1320 1268; x_wconf 78' lang='grc' dir='ltr'><strong>ὑπό</strong></span> <span class='ocrx_word' id='word_1_85' title='bbox 1350 1233 1495 1274; x_wconf 88' lang='grc' dir='ltr'>τινος</span> <span class='ocrx_word' id='word_1_86' title='bbox 1527 1210 1784 1290; x_wconf 76' lang='grc' dir='ltr'>μηχανῆς</span> 
     </span>
    </p>
   </div>
   <div class='ocr_carea' id='block_1_14' title="bbox 150 1297 1780 1379">
    <p class='ocr_par' dir='ltr' id='par_1_14' title="bbox 150 1297 1780 1379">
     <span class='ocr_line' id='line_1_14' title="bbox 150 1297 1780 1379; baseline 0.003 -28"><span class='ocrx_word' id='word_1_87' title='bbox 150 1297 408 1378; x_wconf 70' lang='grc' dir='ltr'>ἓκχυθεὶς,</span> <span class='ocrx_word' id='word_1_88' title='bbox 470 1300 591 1362; x_wconf 82' lang='grc' dir='ltr'>τοὺς</span> <span class='ocrx_word' id='word_1_89' title='bbox 687 1308 1045 1379; x_wconf 76' lang='grc' dir='ltr'><strong>περιεστῶτας</strong></span> <span class='ocrx_word' id='word_1_90' title='bbox 1121 1299 1367 1357; x_wconf 78' lang='grc' dir='ltr'>ἀπώλεσε</span> <span class='ocrx_word' id='word_1_91' title='bbox 1451 1298 1780 1378; x_wconf 71' lang='grc' dir='ltr'><strong>παραδόξως,</strong></span> 
     </span>
    </p>
   </div>
   <div class='ocr_carea' id='block_1_15' title="bbox 153 1386 1783 1468">
    <p class='ocr_par' dir='ltr' id='par_1_15' title="bbox 153 1386 1783 1468">
     <span class='ocr_line' id='line_1_15' title="bbox 153 1386 1783 1468; baseline 0.001 -26"><span class='ocrx_word' id='word_1_92' title='bbox 153 1386 332 1450; x_wconf 76' lang='grc' dir='ltr'>αὐτούς</span> <span class='ocrx_word' id='word_1_93' title='bbox 385 1409 446 1444; x_wconf 92' lang='grc' dir='ltr'><strong>τε</strong></span> <span class='ocrx_word' id='word_1_94' title='bbox 506 1387 719 1455; x_wconf 82' lang='grc' dir='ltr'><strong>δικαίως</strong></span> <span class='ocrx_word' id='word_1_95' title='bbox 782 1388 1018 1454; x_wconf 76' lang='grc' dir='ltr'><strong>κολάσας</strong></span> <span class='ocrx_word' id='word_1_96' title='bbox 1075 1392 1161 1446; x_wconf 85' lang='grc' dir='ltr'><strong>καὶ</strong></span> <span class='ocrx_word' id='word_1_97' title='bbox 1221 1403 1382 1468; x_wconf 78' lang='grc' dir='ltr'>πεῖρα</span> <span class='ocrx_word' id='word_1_98' title='bbox 1441 1387 1607 1454; x_wconf 80' lang='grc' dir='ltr'>δείξας</span> <span class='ocrx_word' id='word_1_99' title='bbox 1661 1391 1783 1452; x_wconf 80' lang='grc' dir='ltr'>τοὺς</span> 
     </span>
    </p>
   </div>
   <div class='ocr_carea' id='block_1_16' title="bbox 151 1473 1786 1558">
    <p class='ocr_par' dir='ltr' id='par_1_16' title="bbox 151 1473 1786 1558">
     <span class='ocr_line' id='line_1_16' title="bbox 151 1473 1786 1558; baseline 0.002 -28"><span class='ocrx_word' id='word_1_100' title='bbox 151 1473 393 1555; x_wconf 72' lang='grc' dir='ltr'>ἄφρονας,</span> <span class='ocrx_word' id='word_1_101' title='bbox 467 1478 590 1541; x_wconf 80' lang='grc' dir='ltr'>οἶος</span> <span class='ocrx_word' id='word_1_102' title='bbox 661 1478 736 1535; x_wconf 82' lang='grc' dir='ltr'>ὢν</span> <span class='ocrx_word' id='word_1_103' title='bbox 782 1479 868 1535; x_wconf 79' lang='grc' dir='ltr'><strong>ἐπ’</strong></span> <span class='ocrx_word' id='word_1_104' title='bbox 914 1480 1127 1558; x_wconf 78' lang='grc' dir='ltr'>αὐτοὺς,</span> <span class='ocrx_word' id='word_1_105' title='bbox 1175 1480 1299 1541; x_wconf 77' lang='grc' dir='ltr'>οἶος</span> <span class='ocrx_word' id='word_1_106' title='bbox 1344 1479 1398 1534; x_wconf 85' lang='grc' dir='ltr'><strong>ἐν</strong></span> <span class='ocrx_word' id='word_1_107' title='bbox 1440 1484 1509 1555; x_wconf 80' lang='grc' dir='ltr'>τῇ</span> <span class='ocrx_word' id='word_1_108' title='bbox 1561 1479 1786 1556; x_wconf 76' lang='grc' dir='ltr'>μάρτυρι</span> 
     </span>
    </p>
   </div>
   <div class='ocr_carea' id='block_1_17' title="bbox 150 1565 1786 1647">
    <p class='ocr_par' dir='ltr' id='par_1_17' title="bbox 150 1565 1786 1647">
     <span class='ocr_line' id='line_1_17' title="bbox 150 1565 1786 1647; baseline 0.002 -29"><span class='ocrx_word' id='word_1_109' title='bbox 150 1565 413 1642; x_wconf 75' lang='grc' dir='ltr'>κατεφάνη</span> <span class='ocrx_word' id='word_1_110' title='bbox 452 1586 466 1600; x_wconf 88' lang='grc'><strong>·</strong></span> <span class='ocrx_word' id='word_1_111' title='bbox 503 1567 643 1624; x_wconf 63' lang='grc' dir='ltr'>οὕτω</span> <span class='ocrx_word' id='word_1_112' title='bbox 672 1570 778 1626; x_wconf 65' lang='grc' dir='ltr'><strong>τῶν</strong></span> <span class='ocrx_word' id='word_1_113' title='bbox 839 1568 1044 1644; x_wconf 76' lang='grc' dir='ltr'>δημίων</span> <span class='ocrx_word' id='word_1_114' title='bbox 1100 1568 1498 1647; x_wconf 78' lang='grc' dir='ltr'>ἀναλωθέντων,</span> <span class='ocrx_word' id='word_1_115' title='bbox 1553 1571 1580 1624; x_wconf 86' lang='grc' dir='ltr'>ὁ</span> <span class='ocrx_word' id='word_1_116' title='bbox 1616 1568 1786 1645; x_wconf 80' lang='grc' dir='ltr'>ἔπαρ-</span> 
     </span>
    </p>
   </div>
   <div class='ocr_carea' id='block_1_18' title="bbox 148 1655 1785 1735">
    <p class='ocr_par' dir='ltr' id='par_1_18' title="bbox 148 1655 1785 1735">
     <span class='ocr_line' id='line_1_18' title="bbox 148 1655 1785 1735; baseline 0.002 -26"><span class='ocrx_word' id='word_1_117' title='bbox 148 1675 243 1731; x_wconf 77' lang='grc' dir='ltr'><strong>χος</strong></span> <span class='ocrx_word' id='word_1_118' title='bbox 309 1659 403 1713; x_wconf 80' lang='grc' dir='ltr'><strong>οὒκ</strong></span> <span class='ocrx_word' id='word_1_119' title='bbox 449 1655 671 1735; x_wconf 70' lang='grc' dir='ltr'>ἤνεγκεν</span> <span class='ocrx_word' id='word_1_120' title='bbox 730 1660 790 1714; x_wconf 83' lang='grc' dir='ltr'>τὸ</span> <span class='ocrx_word' id='word_1_121' title='bbox 841 1656 1042 1733; x_wconf 78' lang='grc' dir='ltr'>συμϐὰν</span> <span class='ocrx_word' id='word_1_122' title='bbox 1091 1657 1198 1717; x_wconf 67' lang='grc' dir='ltr'>οὐδ’</span> <span class='ocrx_word' id='word_1_123' title='bbox 1233 1659 1461 1725; x_wconf 72' lang='grc' dir='ltr'>ἀνεκτὴν</span> <span class='ocrx_word' id='word_1_124' title='bbox 1490 1656 1629 1721; x_wconf 83' lang='grc' dir='ltr'><strong>ὅλως</strong></span> <span class='ocrx_word' id='word_1_125' title='bbox 1685 1657 1785 1724; x_wconf 76' lang='grc' dir='ltr'>τὴν</span> 
     </span>
    </p>
   </div>
   <div class='ocr_carea' id='block_1_19' title="bbox 1867 492 3505 575">
    <p class='ocr_par' dir='ltr' id='par_1_19' title="bbox 1867 492 3505 575">
     <span class='ocr_line' id='line_1_19' title="bbox 1867 492 3505 575; baseline 0.003 -20"><span class='ocrx_word' id='word_1_126' title='bbox 1867 494 2029 556; x_wconf 91' lang='lat' dir='ltr'><strong>enim</strong></span> <span class='ocrx_word' id='word_1_127' title='bbox 2062 493 2206 555; x_wconf 88' lang='lat' dir='ltr'><strong>viris</strong></span> <span class='ocrx_word' id='word_1_128' title='bbox 2238 493 2377 554; x_wconf 68' lang='lat' dir='ltr'><strong>visa:</strong></span> <span class='ocrx_word' id='word_1_129' title='bbox 2425 501 2564 554; x_wconf 90' lang='lat' dir='ltr'><strong>sunt</strong></span> <span class='ocrx_word' id='word_1_130' title='bbox 2612 492 2956 571; x_wconf 83' lang='lat' dir='ltr'><strong>inferiores,</strong></span> <span class='ocrx_word' id='word_1_131' title='bbox 2993 494 3152 575; x_wconf 85' lang='lat' dir='ltr'><strong>quod</strong></span> <span class='ocrx_word' id='word_1_132' title='bbox 3189 496 3401 558; x_wconf 78' lang='lat' dir='ltr'><strong>attinet</strong></span> <span class='ocrx_word' id='word_1_133' title='bbox 3428 498 3505 560; x_wconf 85' lang='lat' dir='ltr'><strong>ad</strong></span> 
     </span>
    </p>
   </div>
   <div class='ocr_carea' id='block_1_20' title="bbox 1869 585 2181 665">
    <p class='ocr_par' dir='ltr' id='par_1_20' title="bbox 1869 585 2181 665">
     <span class='ocr_line' id='line_1_20' title="bbox 1869 585 2181 665; baseline 0.003 -19"><span class='ocrx_word' id='word_1_134' title='bbox 1869 585 2152 665; x_wconf 90' lang='lat' dir='ltr'><strong>pietatem</strong></span> <span class='ocrx_word' id='word_1_135' title='bbox 2167 634 2181 647; x_wconf 94' lang='lat'><strong>.</strong></span> 
     </span>
    </p>
   </div>
   <div class='ocr_carea' id='block_1_21' title="bbox 1946 673 3509 756">
    <p class='ocr_par' dir='ltr' id='par_1_21' title="bbox 1946 673 3509 756">
     <span class='ocr_line' id='line_1_21' title="bbox 1946 673 3509 756; baseline 0.002 -20"><span class='ocrx_word' id='word_1_136' title='bbox 1946 674 2097 736; x_wconf 86' lang='lat' dir='ltr'><strong>XIII.</strong></span> <span class='ocrx_word' id='word_1_137' title='bbox 2129 673 2341 736; x_wconf 78' lang='lat' dir='ltr'><strong>Adhuc</strong></span> <span class='ocrx_word' id='word_1_138' title='bbox 2363 681 2558 734; x_wconf 88' lang='lat' dir='ltr'><strong>autem</strong></span> <span class='ocrx_word' id='word_1_139' title='bbox 2591 673 2682 734; x_wconf 89' lang='lat' dir='ltr'><strong>ira</strong></span> <span class='ocrx_word' id='word_1_140' title='bbox 2712 673 2949 735; x_wconf 80' lang='lat' dir='ltr'><strong>fervens</strong></span> <span class='ocrx_word' id='word_1_141' title='bbox 2985 674 3318 754; x_wconf 72' lang='lat' dir='ltr'><strong>praefectus,</strong></span> <span class='ocrx_word' id='word_1_142' title='bbox 3335 675 3509 756; x_wconf 90' lang='lat' dir='ltr'><strong>jubet</strong></span> 
     </span>
    </p>
   </div>
   <div class='ocr_carea' id='block_1_22' title="bbox 1864 760 3509 841">
    <p class='ocr_par' dir='ltr' id='par_1_22' title="bbox 1864 760 3509 841">
     <span class='ocr_line' id='line_1_22' title="bbox 1864 760 3509 841; baseline 0.002 -15"><span class='ocrx_word' id='word_1_143' title='bbox 1864 763 2167 828; x_wconf 89' lang='lat' dir='ltr'><strong>Julianum</strong></span> <span class='ocrx_word' id='word_1_144' title='bbox 2195 780 2402 823; x_wconf 85' lang='lat' dir='ltr'><strong>rursus</strong></span> <span class='ocrx_word' id='word_1_145' title='bbox 2423 762 2590 841; x_wconf 88' lang='lat' dir='ltr'><strong>injici</strong></span> <span class='ocrx_word' id='word_1_146' title='bbox 2614 762 2676 823; x_wconf 91' lang='lat' dir='ltr'><strong>in</strong></span> <span class='ocrx_word' id='word_1_147' title='bbox 2700 760 3184 838; x_wconf 87' lang='lat' dir='ltr'><strong>lebetem,multo</strong></span> <span class='ocrx_word' id='word_1_148' title='bbox 3207 763 3346 841; x_wconf 82' lang='lat' dir='ltr'><strong>igne</strong></span> <span class='ocrx_word' id='word_1_149' title='bbox 3376 766 3509 829; x_wconf 91' lang='lat' dir='ltr'><strong>bul-</strong></span> 
     </span>
    </p>
   </div>
   <div class='ocr_carea' id='block_1_23' title="bbox 1867 853 3507 934">
    <p class='ocr_par' dir='ltr' id='par_1_23' title="bbox 1867 853 3507 934">
     <span class='ocr_line' id='line_1_23' title="bbox 1867 853 3507 934; baseline 0.001 -18"><span class='ocrx_word' id='word_1_150' title='bbox 1867 853 2358 916; x_wconf 85' lang='lat' dir='ltr'><strong>lientetn.Divina</strong></span> <span class='ocrx_word' id='word_1_151' title='bbox 2388 868 2530 915; x_wconf 89' lang='lat' dir='ltr'><strong>vero</strong></span> <span class='ocrx_word' id='word_1_152' title='bbox 2557 855 2746 930; x_wconf 80' lang='lat' dir='ltr'><strong>gratia</strong></span> <span class='ocrx_word' id='word_1_153' title='bbox 2769 871 2908 914; x_wconf 90' lang='lat' dir='ltr'><strong>eum</strong></span> <span class='ocrx_word' id='word_1_154' title='bbox 2943 855 3377 934; x_wconf 87' lang='lat' dir='ltr'><strong>propemodum</strong></span> <span class='ocrx_word' id='word_1_155' title='bbox 3412 856 3507 918; x_wconf 82' lang='lat' dir='ltr'><strong>ef-</strong></span> 
     </span>
    </p>
   </div>
   <div class='ocr_carea' id='block_1_24' title="bbox 1868 941 3506 1026">
    <p class='ocr_par' dir='ltr' id='par_1_24' title="bbox 1868 941 3506 1026">
     <span class='ocr_line' id='line_1_24' title="bbox 1868 941 3506 1026; baseline 0.002 -20"><span class='ocrx_word' id='word_1_156' title='bbox 1868 944 2012 1007; x_wconf 83' lang='lat' dir='ltr'><strong>fecit</strong></span> <span class='ocrx_word' id='word_1_157' title='bbox 2036 947 2277 1023; x_wconf 83' lang='lat' dir='ltr'><strong>martyri</strong></span> <span class='ocrx_word' id='word_1_158' title='bbox 2334 942 2632 1005; x_wconf 83' lang='lat' dir='ltr'><strong>lavacrum</strong></span> <span class='ocrx_word' id='word_1_159' title='bbox 2679 941 2985 1023; x_wconf 87' lang='lat' dir='ltr'><strong>laborum,</strong></span> <span class='ocrx_word' id='word_1_160' title='bbox 3021 962 3141 1005; x_wconf 90' lang='lat' dir='ltr'><strong>non</strong></span> <span class='ocrx_word' id='word_1_161' title='bbox 3172 953 3370 1006; x_wconf 88' lang='lat' dir='ltr'><strong>autem</strong></span> <span class='ocrx_word' id='word_1_162' title='bbox 3404 948 3506 1026; x_wconf 86' lang='lat' dir='ltr'><strong>qui</strong></span> 
     </span>
    </p>
   </div>
   <div class='ocr_carea' id='block_1_25' title="bbox 1872 1030 3503 1116">
    <p class='ocr_par' dir='ltr' id='par_1_25' title="bbox 1872 1030 3503 1116">
     <span class='ocr_line' id='line_1_25' title="bbox 1872 1030 3503 1116; baseline 0.003 -23"><span class='ocrx_word' id='word_1_163' title='bbox 1872 1032 2143 1094; x_wconf 90' lang='lat' dir='ltr'><strong>membra</strong></span> <span class='ocrx_word' id='word_1_164' title='bbox 2173 1030 2566 1111; x_wconf 84' lang='lat' dir='ltr'><strong>liquefaceret</strong></span> <span class='ocrx_word' id='word_1_165' title='bbox 2596 1040 2654 1094; x_wconf 92' lang='lat' dir='ltr'><strong>et</strong></span> <span class='ocrx_word' id='word_1_166' title='bbox 2677 1031 3035 1094; x_wconf 79' lang='lat' dir='ltr'><strong>dissolveret</strong></span> <span class='ocrx_word' id='word_1_167' title='bbox 3070 1052 3086 1093; x_wconf 90' lang='lat'><strong>:</strong></span> <span class='ocrx_word' id='word_1_168' title='bbox 3120 1032 3198 1094; x_wconf 90' lang='lat' dir='ltr'><strong>iis</strong></span> <span class='ocrx_word' id='word_1_169' title='bbox 3227 1052 3370 1096; x_wconf 85' lang='lat' dir='ltr'><strong>vero</strong></span> <span class='ocrx_word' id='word_1_170' title='bbox 3402 1040 3503 1116; x_wconf 88' lang='lat' dir='ltr'><strong>qui</strong></span> 
     </span>
    </p>
   </div>
   <div class='ocr_carea' id='block_1_26' title="bbox 1871 1119 3504 1201">
    <p class='ocr_par' dir='ltr' id='par_1_26' title="bbox 1871 1119 3504 1201">
     <span class='ocr_line' id='line_1_26' title="bbox 1871 1119 3504 1201; baseline 0.003 -19"><span class='ocrx_word' id='word_1_171' title='bbox 1871 1121 2032 1183; x_wconf 90' lang='lat' dir='ltr'><strong>circa</strong></span> <span class='ocrx_word' id='word_1_172' title='bbox 2058 1119 2252 1201; x_wconf 90' lang='lat' dir='ltr'><strong>ipsum</strong></span> <span class='ocrx_word' id='word_1_173' title='bbox 2287 1119 2733 1196; x_wconf 86' lang='lat' dir='ltr'><strong>ministrabant,</strong></span> <span class='ocrx_word' id='word_1_174' title='bbox 2752 1121 3132 1185; x_wconf 84' lang='lat' dir='ltr'><strong>Chaldaicam</strong></span> <span class='ocrx_word' id='word_1_175' title='bbox 3165 1121 3343 1184; x_wconf 90' lang='lat' dir='ltr'><strong>aliam</strong></span> <span class='ocrx_word' id='word_1_176' title='bbox 3375 1123 3504 1187; x_wconf 88' lang='lat' dir='ltr'><strong>for-</strong></span> 
     </span>
    </p>
   </div>
   <div class='ocr_carea' id='block_1_27' title="bbox 1869 1208 3503 1290">
    <p class='ocr_par' dir='ltr' id='par_1_27' title="bbox 1869 1208 3503 1290">
     <span class='ocr_line' id='line_1_27' title="bbox 1869 1208 3503 1290; baseline 0.003 -19"><span class='ocrx_word' id='word_1_177' title='bbox 1869 1208 2272 1274; x_wconf 87' lang='lat' dir='ltr'><strong>nacem.Nam</strong></span> <span class='ocrx_word' id='word_1_178' title='bbox 2292 1228 2426 1272; x_wconf 86' lang='lat' dir='ltr'><strong>cum</strong></span> <span class='ocrx_word' id='word_1_179' title='bbox 2457 1218 2708 1290; x_wconf 91' lang='lat' dir='ltr'><strong>repente</strong></span> <span class='ocrx_word' id='word_1_180' title='bbox 2740 1210 3044 1290; x_wconf 83' lang='lat' dir='ltr'><strong>erupisset</strong></span> <span class='ocrx_word' id='word_1_181' title='bbox 3069 1211 3260 1288; x_wconf 89' lang='lat' dir='ltr'><strong>lebes,</strong></span> <span class='ocrx_word' id='word_1_182' title='bbox 3295 1220 3354 1274; x_wconf 91' lang='lat' dir='ltr'><strong>et</strong></span> <span class='ocrx_word' id='word_1_183' title='bbox 3383 1215 3503 1276; x_wconf 85' lang='lat' dir='ltr'><strong>cir-</strong></span> 
     </span>
    </p>
   </div>
   <div class='ocr_carea' id='block_1_28' title="bbox 1869 1299 3504 1380">
    <p class='ocr_par' dir='ltr' id='par_1_28' title="bbox 1869 1299 3504 1380">
     <span class='ocr_line' id='line_1_28' title="bbox 1869 1299 3504 1380; baseline 0.002 -19"><span class='ocrx_word' id='word_1_184' title='bbox 1869 1300 2165 1362; x_wconf 85' lang='lat' dir='ltr'><strong>cumcirca</strong></span> <span class='ocrx_word' id='word_1_185' title='bbox 2213 1308 2487 1379; x_wconf 89' lang='lat' dir='ltr'><strong>tanquam</strong></span> <span class='ocrx_word' id='word_1_186' title='bbox 2519 1299 2598 1362; x_wconf 88' lang='lat' dir='ltr'><strong>ab</strong></span> <span class='ocrx_word' id='word_1_187' title='bbox 2628 1300 2826 1380; x_wconf 90' lang='lat' dir='ltr'><strong>aliqua</strong></span> <span class='ocrx_word' id='word_1_188' title='bbox 2857 1301 3133 1362; x_wconf 88' lang='lat' dir='ltr'><strong>machina</strong></span> <span class='ocrx_word' id='word_1_189' title='bbox 3163 1310 3323 1364; x_wconf 82' lang='lat' dir='ltr'><strong>esset</strong></span> <span class='ocrx_word' id='word_1_190' title='bbox 3347 1304 3504 1364; x_wconf 79' lang='lat' dir='ltr'><strong>effu-</strong></span> 
     </span>
    </p>
   </div>
   <div class='ocr_carea' id='block_1_29' title="bbox 1872 1388 3506 1470">
    <p class='ocr_par' dir='ltr' id='par_1_29' title="bbox 1872 1388 3506 1470">
     <span class='ocr_line' id='line_1_29' title="bbox 1872 1388 3506 1470; baseline 0.004 -22"><span class='ocrx_word' id='word_1_191' title='bbox 1872 1388 2437 1460; x_wconf 84' lang='lat' dir='ltr'><strong>sus,admirabiliter</strong></span> <span class='ocrx_word' id='word_1_192' title='bbox 2485 1397 2544 1450; x_wconf 91' lang='lat' dir='ltr'><strong>et</strong></span> <span class='ocrx_word' id='word_1_193' title='bbox 2591 1401 2807 1469; x_wconf 71' lang='lat' dir='ltr'><strong>prmter</strong></span> <span class='ocrx_word' id='word_1_194' title='bbox 2861 1389 3209 1469; x_wconf 89' lang='lat' dir='ltr'><strong>opinionem</strong></span> <span class='ocrx_word' id='word_1_195' title='bbox 3243 1392 3506 1470; x_wconf 87' lang='lat' dir='ltr'><strong>perdidit</strong></span> 
     </span>
    </p>
   </div>
   <div class='ocr_carea' id='block_1_30' title="bbox 1873 1477 3504 1560">
    <p class='ocr_par' dir='ltr' id='par_1_30' title="bbox 1873 1477 3504 1560">
     <span class='ocr_line' id='line_1_30' title="bbox 1873 1477 3504 1560; baseline 0.002 -21"><span class='ocrx_word' id='word_1_196' title='bbox 1873 1496 1976 1539; x_wconf 90' lang='lat' dir='ltr'><strong>eos</strong></span> <span class='ocrx_word' id='word_1_197' title='bbox 1997 1479 2098 1558; x_wconf 90' lang='lat' dir='ltr'><strong>qui</strong></span> <span class='ocrx_word' id='word_1_198' title='bbox 2130 1477 2596 1539; x_wconf 88' lang='lat' dir='ltr'><strong>circumstabant</strong></span> <span class='ocrx_word' id='word_1_199' title='bbox 2629 1497 2642 1540; x_wconf 89' lang='lat'><strong>:</strong></span> <span class='ocrx_word' id='word_1_200' title='bbox 2678 1489 2738 1540; x_wconf 90' lang='lat' dir='ltr'><strong>et</strong></span> <span class='ocrx_word' id='word_1_201' title='bbox 2771 1498 2907 1540; x_wconf 89' lang='lat' dir='ltr'><strong>cum</strong></span> <span class='ocrx_word' id='word_1_202' title='bbox 2941 1497 3044 1541; x_wconf 91' lang='lat' dir='ltr'><strong>eos</strong></span> <span class='ocrx_word' id='word_1_203' title='bbox 3069 1480 3232 1558; x_wconf 89' lang='lat' dir='ltr'><strong>juste</strong></span> <span class='ocrx_word' id='word_1_204' title='bbox 3266 1482 3504 1560; x_wconf 91' lang='lat' dir='ltr'><strong>puniis-</strong></span> 
     </span>
    </p>
   </div>
   <div class='ocr_carea' id='block_1_31' title="bbox 1872 1567 3506 1650">
    <p class='ocr_par' dir='ltr' id='par_1_31' title="bbox 1872 1567 3506 1650">
     <span class='ocr_line' id='line_1_31' title="bbox 1872 1567 3506 1650; baseline 0.001 -21"><span class='ocrx_word' id='word_1_205' title='bbox 1872 1574 2050 1643; x_wconf 88' lang='lat' dir='ltr'><strong>set,et</strong></span> <span class='ocrx_word' id='word_1_206' title='bbox 2079 1567 2275 1628; x_wconf 86' lang='lat' dir='ltr'><strong>stultis</strong></span> <span class='ocrx_word' id='word_1_207' title='bbox 2306 1567 2670 1628; x_wconf 88' lang='lat' dir='ltr'><strong>ostendisset</strong></span> <span class='ocrx_word' id='word_1_208' title='bbox 2692 1569 3290 1648; x_wconf 86' lang='lat' dir='ltr'><strong>experientia,qualis</strong></span> <span class='ocrx_word' id='word_1_209' title='bbox 3327 1571 3388 1631; x_wconf 92' lang='lat' dir='ltr'><strong>in</strong></span> <span class='ocrx_word' id='word_1_210' title='bbox 3418 1572 3506 1650; x_wconf 91' lang='lat' dir='ltr'><strong>ip-</strong></span> 
     </span>
    </p>
   </div>
   <div class='ocr_carea' id='block_1_32' title="bbox 1870 1656 3506 1736">
    <p class='ocr_par' dir='ltr' id='par_1_32' title="bbox 1870 1656 3506 1736">
     <span class='ocr_line' id='line_1_32' title="bbox 1870 1656 3506 1736; baseline 0.003 -20"><span class='ocrx_word' id='word_1_211' title='bbox 1870 1664 2056 1727; x_wconf 90' lang='lat' dir='ltr'><strong>sos,et</strong></span> <span class='ocrx_word' id='word_1_212' title='bbox 2088 1656 2276 1736; x_wconf 91' lang='lat' dir='ltr'><strong>qualis</strong></span> <span class='ocrx_word' id='word_1_213' title='bbox 2335 1656 2680 1736; x_wconf 81' lang='lat' dir='ltr'><strong>apparuerit</strong></span> <span class='ocrx_word' id='word_1_214' title='bbox 2737 1658 2799 1719; x_wconf 90' lang='lat' dir='ltr'><strong>in</strong></span> <span class='ocrx_word' id='word_1_215' title='bbox 2859 1664 3205 1736; x_wconf 81' lang='lat' dir='ltr'><strong>martyrem.</strong></span> <span class='ocrx_word' id='word_1_216' title='bbox 3241 1658 3387 1721; x_wconf 91' lang='lat' dir='ltr'><strong>Cum</strong></span> <span class='ocrx_word' id='word_1_217' title='bbox 3421 1662 3506 1722; x_wconf 90' lang='lat' dir='ltr'><strong>sic</strong></span> 
     </span>
    </p>
   </div>
   <div class='ocr_carea' id='block_1_33' title="bbox 147 1743 1789 1830">
    <p class='ocr_par' dir='ltr' id='par_1_33' title="bbox 147 1743 1781 1826">
     <span class='ocr_line' id='line_1_33' title="bbox 147 1743 1781 1826; baseline 0.002 -30"><span class='ocrx_word' id='word_1_218' title='bbox 147 1745 407 1821; x_wconf 79' lang='grc' dir='ltr'>συμφορὰν</span> <span class='ocrx_word' id='word_1_219' title='bbox 439 1743 744 1823; x_wconf 78' lang='grc' dir='ltr'>ἐλογήσατο</span> <span class='ocrx_word' id='word_1_220' title='bbox 775 1762 788 1777; x_wconf 99' lang='grc'><strong>⁸</strong></span> <span class='ocrx_word' id='word_1_221' title='bbox 828 1751 894 1815; x_wconf 77' lang='grc' dir='ltr'>ἦν</span> <span class='ocrx_word' id='word_1_222' title='bbox 939 1745 993 1802; x_wconf 88' lang='grc' dir='ltr'><strong>δέ</strong></span> <span class='ocrx_word' id='word_1_223' title='bbox 1036 1749 1097 1803; x_wconf 80' lang='grc' dir='ltr'><strong>τὸ</strong></span> <span class='ocrx_word' id='word_1_224' title='bbox 1143 1747 1360 1822; x_wconf 81' lang='grc' dir='ltr'>καιρίως</span> <span class='ocrx_word' id='word_1_225' title='bbox 1418 1746 1639 1826; x_wconf 81' lang='grc' dir='ltr'>λυποῦν,</span> <span class='ocrx_word' id='word_1_226' title='bbox 1701 1745 1781 1801; x_wconf 85' lang='grc' dir='ltr'><strong>ὅτι</strong></span> 
     </span>
    </p>
   </div>
   <div class='ocr_carea' id='block_1_34' title="bbox 1912 1743 3508 1830">
    <p class='ocr_par' dir='ltr' id='par_1_34' title="bbox 1912 1745 3508 1826">
     <span class='ocr_line' id='line_1_34' title="bbox 1912 1745 3508 1826; baseline 0.003 -20"><span class='ocrx_word' id='word_1_227' title='bbox 1912 1745 2124 1807; x_wconf 77' lang='grc' dir='ltr'>ιίεεθιιι</span> <span class='ocrx_word' id='word_1_228' title='bbox 2154 1746 2495 1824; x_wconf 76' lang='lat' dir='ltr'><strong>consumpti</strong></span> <span class='ocrx_word' id='word_1_229' title='bbox 2550 1745 2813 1822; x_wconf 87' lang='lat' dir='ltr'><strong>lictores,</strong></span> <span class='ocrx_word' id='word_1_230' title='bbox 2851 1746 3162 1826; x_wconf 70' lang='lat' dir='ltr'><strong>praefectus</strong></span> <span class='ocrx_word' id='word_1_231' title='bbox 3207 1767 3324 1810; x_wconf 90' lang='lat' dir='ltr'><strong>non</strong></span> <span class='ocrx_word' id='word_1_232' title='bbox 3373 1749 3508 1810; x_wconf 90' lang='lat' dir='ltr'><strong>tulit</strong></span> 
     </span>
    </p>
   </div>
   <div class='ocr_carea' id='block_1_35' title="bbox 148 1829 1779 1916">
    <p class='ocr_par' dir='ltr' id='par_1_35' title="bbox 148 1829 1779 1916">
     <span class='ocr_line' id='line_1_35' title="bbox 148 1829 1779 1916; baseline 0.004 -31"><span class='ocrx_word' id='word_1_233' title='bbox 148 1829 275 1904; x_wconf 75' lang='grc' dir='ltr'>μηδὲ</span> <span class='ocrx_word' id='word_1_234' title='bbox 307 1834 470 1913; x_wconf 89' lang='grc' dir='ltr'>κόρας</span> <span class='ocrx_word' id='word_1_235' title='bbox 532 1841 657 1910; x_wconf 81' lang='grc' dir='ltr'>μιᾶς</span> <span class='ocrx_word' id='word_1_236' title='bbox 718 1837 1078 1915; x_wconf 73' lang='grc' dir='ltr'>περιγενέσθαι</span> <span class='ocrx_word' id='word_1_237' title='bbox 1123 1841 1320 1916; x_wconf 86' lang='grc' dir='ltr'>ἴσχυσε</span> <span class='ocrx_word' id='word_1_238' title='bbox 1355 1856 1370 1870; x_wconf 92' lang='grc'><strong>⁸</strong></span> <span class='ocrx_word' id='word_1_239' title='bbox 1425 1834 1623 1914; x_wconf 79' lang='grc' dir='ltr'>δεῖγμα</span> <span class='ocrx_word' id='word_1_240' title='bbox 1682 1835 1779 1902; x_wconf 82' lang='grc' dir='ltr'>τῆς</span> 
     </span>
    </p>
   </div>
   <div class='ocr_carea' id='block_1_36' title="bbox 148 1918 1782 2002">
    <p class='ocr_par' dir='ltr' id='par_1_36' title="bbox 148 1918 1782 2002">
     <span class='ocr_line' id='line_1_36' title="bbox 148 1918 1782 2002; baseline 0.006 -29"><span class='ocrx_word' id='word_1_241' title='bbox 148 1918 362 1995; x_wconf 83' lang='grc' dir='ltr'>ἀθυμίας</span> <span class='ocrx_word' id='word_1_242' title='bbox 423 1923 733 2002; x_wconf 73' lang='grc' dir='ltr'>περιέρρηξε</span> <span class='ocrx_word' id='word_1_243' title='bbox 794 1927 892 2000; x_wconf 74' lang='grc' dir='ltr'><strong>μὲν</strong></span> <span class='ocrx_word' id='word_1_244' title='bbox 936 1927 1094 1982; x_wconf 73' lang='grc' dir='ltr'>αὐτοῦ</span> <span class='ocrx_word' id='word_1_245' title='bbox 1156 1926 1255 1992; x_wconf 78' lang='grc' dir='ltr'>τὴν</span> <span class='ocrx_word' id='word_1_246' title='bbox 1311 1926 1507 1991; x_wconf 77' lang='grc' dir='ltr'>ἐσθῆτα</span> <span class='ocrx_word' id='word_1_247' title='bbox 1542 1943 1557 1957; x_wconf 99' lang='grc'><strong>⁸</strong></span> <span class='ocrx_word' id='word_1_248' title='bbox 1606 1924 1782 1982; x_wconf 78' lang='grc' dir='ltr'>πολλὰ</span> 
     </span>
    </p>
   </div>
   <div class='ocr_carea' id='block_1_37' title="bbox 148 2006 1780 2095">
    <p class='ocr_par' dir='ltr' id='par_1_37' title="bbox 148 2006 1780 2095">
     <span class='ocr_line' id='line_1_37' title="bbox 148 2006 1780 2095; baseline 0.005 -32"><span class='ocrx_word' id='word_1_249' title='bbox 148 2006 196 2064; x_wconf 79' lang='grc' dir='ltr'><strong>δὲ</strong></span> <span class='ocrx_word' id='word_1_250' title='bbox 252 2013 389 2068; x_wconf 78' lang='grc' dir='ltr'>κατὰ</span> <span class='ocrx_word' id='word_1_251' title='bbox 460 2015 566 2071; x_wconf 78' lang='grc' dir='ltr'>τῶν</span> <span class='ocrx_word' id='word_1_252' title='bbox 627 2016 783 2071; x_wconf 73' lang='grc' dir='ltr'>αὑτοῦ</span> <span class='ocrx_word' id='word_1_253' title='bbox 839 2019 970 2072; x_wconf 82' lang='grc' dir='ltr'>θεῶν</span> <span class='ocrx_word' id='word_1_254' title='bbox 1054 2017 1154 2072; x_wconf 76' lang='grc' dir='ltr'><strong>ὑπὸ</strong></span> <span class='ocrx_word' id='word_1_255' title='bbox 1231 2015 1548 2094; x_wconf 81' lang='grc' dir='ltr'>βαρυθυμίας</span> <span class='ocrx_word' id='word_1_256' title='bbox 1609 2015 1780 2095; x_wconf 70' lang='grc' dir='ltr'>ἀφῆκε</span> 
     </span>
    </p>
   </div>
   <div class='ocr_carea' id='block_1_38' title="bbox 148 2093 1777 2182">
    <p class='ocr_par' dir='ltr' id='par_1_38' title="bbox 148 2093 1777 2182">
     <span class='ocr_line' id='line_1_38' title="bbox 148 2093 1777 2182; baseline 0.002 -26"><span class='ocrx_word' id='word_1_257' title='bbox 148 2096 375 2174; x_wconf 75' lang='grc' dir='ltr'>ῥήματα,</span> <span class='ocrx_word' id='word_1_258' title='bbox 439 2093 536 2165; x_wconf 68' lang='grc' dir='ltr'>Ὠς</span> <span class='ocrx_word' id='word_1_259' title='bbox 578 2104 668 2158; x_wconf 75' lang='grc' dir='ltr'><strong>οὖν</strong></span> <span class='ocrx_word' id='word_1_260' title='bbox 711 2102 929 2178; x_wconf 81' lang='grc' dir='ltr'>ἐπάγων</span> <span class='ocrx_word' id='word_1_261' title='bbox 971 2104 1066 2168; x_wconf 82' lang='grc' dir='ltr'>τὰς</span> <span class='ocrx_word' id='word_1_262' title='bbox 1096 2093 1353 2182; x_wconf 85' lang='grc' dir='ltr'>τιμωρίας</span> <span class='ocrx_word' id='word_1_263' title='bbox 1397 2101 1543 2160; x_wconf 73' lang='grc' dir='ltr'>οὒδὲν</span> <span class='ocrx_word' id='word_1_264' title='bbox 1601 2093 1777 2177; x_wconf 73' lang='grc' dir='ltr'>ἤνυεν,</span> 
     </span>
    </p>
   </div>
   <div class='ocr_carea' id='block_1_39' title="bbox 150 2186 1782 2271">
    <p class='ocr_par' dir='ltr' id='par_1_39' title="bbox 150 2186 1782 2271">
     <span class='ocr_line' id='line_1_39' title="bbox 150 2186 1782 2271; baseline 0.002 -29"><span class='ocrx_word' id='word_1_265' title='bbox 150 2186 362 2246; x_wconf 87' lang='grc' dir='ltr'>πλείονα</span> <span class='ocrx_word' id='word_1_266' title='bbox 421 2190 629 2265; x_wconf 82' lang='grc' dir='ltr'>μᾶλλον</span> <span class='ocrx_word' id='word_1_267' title='bbox 700 2194 796 2260; x_wconf 71' lang='grc' dir='ltr'><strong>τὴν</strong></span> <span class='ocrx_word' id='word_1_268' title='bbox 853 2192 1094 2250; x_wconf 75' lang='grc' dir='ltr'>ἔνστασιν</span> <span class='ocrx_word' id='word_1_269' title='bbox 1138 2192 1301 2256; x_wconf 67' lang='grc' dir='ltr'>οὕτως</span> <span class='ocrx_word' id='word_1_270' title='bbox 1342 2192 1477 2271; x_wconf 79' lang='grc' dir='ltr'>ὁρῶν</span> <span class='ocrx_word' id='word_1_271' title='bbox 1520 2197 1588 2268; x_wconf 74' lang='grc' dir='ltr'>τῇ</span> <span class='ocrx_word' id='word_1_272' title='bbox 1641 2189 1782 2271; x_wconf 80' lang='grc' dir='ltr'>μάρ-</span> 
     </span>
    </p>
   </div>
   <div class='ocr_carea' id='block_1_40' title="bbox 150 2279 1783 2362">
    <p class='ocr_par' dir='ltr' id='par_1_40' title="bbox 150 2279 1783 2362">
     <span class='ocr_line' id='line_1_40' title="bbox 150 2279 1783 2362; baseline 0.002 -29"><span class='ocrx_word' id='word_1_273' title='bbox 150 2297 255 2354; x_wconf 87' lang='grc' dir='ltr'>τυρι</span> <span class='ocrx_word' id='word_1_274' title='bbox 297 2280 614 2358; x_wconf 81' lang='grc' dir='ltr'>γινομένην,</span> <span class='ocrx_word' id='word_1_275' title='bbox 673 2282 766 2338; x_wconf 80' lang='grc' dir='ltr'><strong>τὸν</strong></span> <span class='ocrx_word' id='word_1_276' title='bbox 822 2279 906 2338; x_wconf 80' lang='grc' dir='ltr'><strong>διὰ</strong></span> <span class='ocrx_word' id='word_1_277' title='bbox 958 2281 1130 2362; x_wconf 76' lang='grc' dir='ltr'>ξίφους</span> <span class='ocrx_word' id='word_1_278' title='bbox 1183 2283 1406 2340; x_wconf 82' lang='grc' dir='ltr'>θάνατον</span> <span class='ocrx_word' id='word_1_279' title='bbox 1437 2281 1783 2360; x_wconf 75' lang='grc' dir='ltr'>ἀποφαίνεται</span> 
     </span>
    </p>
   </div>
   <div class='ocr_carea' id='block_1_41' title="bbox 149 2365 484 2436">
    <p class='ocr_par' dir='ltr' id='par_1_41' title="bbox 149 2365 484 2436">
     <span class='ocr_line' id='line_1_41' title="bbox 149 2365 484 2436; baseline 0.012 -16"><span class='ocrx_word' id='word_1_280' title='bbox 149 2365 262 2422; x_wconf 85' lang='grc' dir='ltr'>κατ’</span> <span class='ocrx_word' id='word_1_281' title='bbox 296 2372 460 2436; x_wconf 79' lang='grc' dir='ltr'>αὐτῆς</span> <span class='ocrx_word' id='word_1_282' title='bbox 471 2417 484 2430; x_wconf 89' lang='grc'><strong>,</strong></span> 
     </span>
    </p>
   </div>
   <div class='ocr_carea' id='block_1_42' title="bbox 225 2635 1784 2719">
    <p class='ocr_par' dir='ltr' id='par_1_42' title="bbox 225 2635 1784 2719">
     <span class='ocr_line' id='line_1_42' title="bbox 225 2635 1784 2719; baseline 0.001 -28"><span class='ocrx_word' id='word_1_283' title='bbox 225 2635 332 2695; x_wconf 80' lang='lat' dir='ltr'><strong>lA&#39;.</strong></span> <span class='ocrx_word' id='word_1_284' title='bbox 367 2639 616 2716; x_wconf 87' lang='grc' dir='ltr'>Πρόσεισι</span> <span class='ocrx_word' id='word_1_285' title='bbox 648 2635 702 2694; x_wconf 83' lang='grc' dir='ltr'>δὲ</span> <span class='ocrx_word' id='word_1_286' title='bbox 734 2639 821 2695; x_wconf 79' lang='grc' dir='ltr'><strong>καὶ</strong></span> <span class='ocrx_word' id='word_1_287' title='bbox 854 2639 997 2704; x_wconf 76' lang='grc' dir='ltr'>αὖθις</span> <span class='ocrx_word' id='word_1_288' title='bbox 1034 2641 1061 2696; x_wconf 78' lang='grc' dir='ltr'>ὃ</span> <span class='ocrx_word' id='word_1_289' title='bbox 1094 2639 1378 2719; x_wconf 80' lang='grc' dir='ltr'>πειράζων,</span> <span class='ocrx_word' id='word_1_290' title='bbox 1417 2638 1444 2694; x_wconf 83' lang='grc' dir='ltr'>ὃ</span> <span class='ocrx_word' id='word_1_291' title='bbox 1476 2640 1573 2707; x_wconf 76' lang='grc' dir='ltr'><strong>τὴν</strong></span> <span class='ocrx_word' id='word_1_292' title='bbox 1606 2638 1784 2718; x_wconf 73' lang='grc' dir='ltr'>ἀρχὴν</span> 
     </span>
    </p>
   </div>
   <div class='ocr_carea' id='block_1_43' title="bbox 147 2726 1784 2807">
    <p class='ocr_par' dir='ltr' id='par_1_43' title="bbox 147 2726 1784 2807">
     <span class='ocr_line' id='line_1_43' title="bbox 147 2726 1784 2807; baseline 0.002 -28"><span class='ocrx_word' id='word_1_293' title='bbox 147 2730 210 2798; x_wconf 71' lang='grc' dir='ltr'>τῇ</span> <span class='ocrx_word' id='word_1_294' title='bbox 255 2726 477 2807; x_wconf 75' lang='grc' dir='ltr'>μάρτυρι</span> <span class='ocrx_word' id='word_1_295' title='bbox 531 2726 836 2805; x_wconf 86' lang='grc' dir='ltr'>προσελθὼν</span> <span class='ocrx_word' id='word_1_296' title='bbox 898 2729 1168 2804; x_wconf 76' lang='grc' dir='ltr'>Σατανᾶς,</span> <span class='ocrx_word' id='word_1_297' title='bbox 1215 2731 1301 2784; x_wconf 77' lang='grc' dir='ltr'><strong>καὶ</strong></span> <span class='ocrx_word' id='word_1_298' title='bbox 1344 2727 1519 2787; x_wconf 86' lang='grc' dir='ltr'>πολλά</span> <span class='ocrx_word' id='word_1_299' title='bbox 1579 2727 1784 2803; x_wconf 85' lang='grc' dir='ltr'>μαλλον</span> 
     </span>
    </p>
   </div>
   <div class='ocr_carea' id='block_1_44' title="bbox 149 2815 1783 2896">
    <p class='ocr_par' dir='ltr' id='par_1_44' title="bbox 149 2815 1783 2896">
     <span class='ocr_line' id='line_1_44' title="bbox 149 2815 1783 2896; baseline 0.002 -28"><span class='ocrx_word' id='word_1_300' title='bbox 149 2815 322 2871; x_wconf 87' lang='grc' dir='ltr'>παθὼν</span> <span class='ocrx_word' id='word_1_301' title='bbox 383 2815 420 2883; x_wconf 73' lang='grc' dir='ltr'><strong>ἢ</strong></span> <span class='ocrx_word' id='word_1_302' title='bbox 466 2815 663 2888; x_wconf 81' lang='grc' dir='ltr'>δράσας</span> <span class='ocrx_word' id='word_1_303' title='bbox 707 2818 794 2873; x_wconf 87' lang='grc' dir='ltr'><strong>καὶ</strong></span> <span class='ocrx_word' id='word_1_304' title='bbox 853 2816 1119 2896; x_wconf 73' lang='grc' dir='ltr'>πόρρωθεν</span> <span class='ocrx_word' id='word_1_305' title='bbox 1183 2819 1308 2881; x_wconf 79' lang='grc' dir='ltr'>στὰς</span> <span class='ocrx_word' id='word_1_306' title='bbox 1374 2816 1474 2896; x_wconf 75' lang='grc' dir='ltr'>(ἔτι</span> <span class='ocrx_word' id='word_1_307' title='bbox 1517 2817 1620 2895; x_wconf 79' lang='grc' dir='ltr'><strong>γὰρ</strong></span> <span class='ocrx_word' id='word_1_308' title='bbox 1663 2815 1783 2872; x_wconf 82' lang='grc' dir='ltr'>ἐδε-</span> 
     </span>
    </p>
   </div>
   <div class='ocr_carea' id='block_1_45' title="bbox 148 2899 1782 2986">
    <p class='ocr_par' dir='ltr' id='par_1_45' title="bbox 148 2899 1782 2986">
     <span class='ocr_line' id='line_1_45' title="bbox 148 2899 1782 2986; baseline 0.004 -30"><span class='ocrx_word' id='word_1_309' title='bbox 148 2899 303 2959; x_wconf 87' lang='grc' dir='ltr'>δοίκει</span> <span class='ocrx_word' id='word_1_310' title='bbox 346 2906 435 2961; x_wconf 83' lang='grc' dir='ltr'><strong>καὶ</strong></span> <span class='ocrx_word' id='word_1_311' title='bbox 479 2903 704 2983; x_wconf 77' lang='grc' dir='ltr'>πληγῶν</span> <span class='ocrx_word' id='word_1_312' title='bbox 754 2905 1056 2985; x_wconf 78' lang='grc' dir='ltr'>ἐμέμνητο)</span> <span class='ocrx_word' id='word_1_313' title='bbox 1100 2906 1354 2986; x_wconf 77' lang='grc' dir='ltr'>ἐπέχαιρε</span> <span class='ocrx_word' id='word_1_314' title='bbox 1405 2905 1560 2974; x_wconf 81' lang='grc' dir='ltr'>δῆθεν</span> <span class='ocrx_word' id='word_1_315' title='bbox 1619 2908 1782 2972; x_wconf 76' lang='grc' dir='ltr'>αὐτῆς</span> 
     </span>
    </p>
   </div>
   <div class='ocr_carea' id='block_1_46' title="bbox 149 2993 1785 3075">
    <p class='ocr_par' dir='ltr' id='par_1_46' title="bbox 149 2993 1785 3075">
     <span class='ocr_line' id='line_1_46' title="bbox 149 2993 1785 3075; baseline 0.01 -30"><span class='ocrx_word' id='word_1_316' title='bbox 149 2994 222 3065; x_wconf 78' lang='grc' dir='ltr'>τῷ</span> <span class='ocrx_word' id='word_1_317' title='bbox 273 2993 484 3067; x_wconf 81' lang='grc' dir='ltr'>θανάτῳ</span> <span class='ocrx_word' id='word_1_318' title='bbox 563 2995 651 3051; x_wconf 86' lang='grc' dir='ltr'><strong>καὶ</strong></span> <span class='ocrx_word' id='word_1_319' title='bbox 710 2996 830 3060; x_wconf 86' lang='grc' dir='ltr'>τοὺς</span> <span class='ocrx_word' id='word_1_320' title='bbox 889 2993 1114 3070; x_wconf 85' lang='grc' dir='ltr'>δημίους</span> <span class='ocrx_word' id='word_1_321' title='bbox 1177 2996 1425 3072; x_wconf 87' lang='grc' dir='ltr'>παρόρμα</span> <span class='ocrx_word' id='word_1_322' title='bbox 1499 2995 1630 3075; x_wconf 82' lang='grc' dir='ltr'>πρός</span> <span class='ocrx_word' id='word_1_323' title='bbox 1685 2995 1785 3061; x_wconf 66' lang='grc' dir='ltr'><strong>τὴν</strong></span> 
     </span>
    </p>
   </div>
   <div class='ocr_carea' id='block_1_47' title="bbox 151 3080 1785 3164">
    <p class='ocr_par' dir='ltr' id='par_1_47' title="bbox 151 3080 1785 3164">
     <span class='ocr_line' id='line_1_47' title="bbox 151 3080 1785 3164; baseline 0.004 -31"><span class='ocrx_word' id='word_1_324' title='bbox 151 3080 356 3159; x_wconf 73' lang='grc' dir='ltr'>σφαγήν</span> <span class='ocrx_word' id='word_1_325' title='bbox 389 3101 404 3117; x_wconf 74' lang='grc' dir='ltr'><strong><em>ο</em></strong></span> <span class='ocrx_word' id='word_1_326' title='bbox 459 3083 577 3140; x_wconf 63' lang='grc' dir='ltr'>επεὶ</span> <span class='ocrx_word' id='word_1_327' title='bbox 620 3081 673 3140; x_wconf 76' lang='grc' dir='ltr'>δὲ</span> <span class='ocrx_word' id='word_1_328' title='bbox 718 3085 753 3152; x_wconf 83' lang='grc' dir='ltr'>ἡ</span> <span class='ocrx_word' id='word_1_329' title='bbox 793 3085 1006 3162; x_wconf 88' lang='grc' dir='ltr'>γενναία</span> <span class='ocrx_word' id='word_1_330' title='bbox 1037 3083 1189 3161; x_wconf 81' lang='grc' dir='ltr'>δριμὺ</span> <span class='ocrx_word' id='word_1_331' title='bbox 1222 3087 1351 3164; x_wconf 80' lang='grc' dir='ltr'>πρὸς</span> <span class='ocrx_word' id='word_1_332' title='bbox 1397 3086 1554 3142; x_wconf 80' lang='grc' dir='ltr'>αὐτὸν</span> <span class='ocrx_word' id='word_1_333' title='bbox 1597 3082 1785 3141; x_wconf 80' lang='grc' dir='ltr'>ἆπεϊδε</span> 
     </span>
    </p>
   </div>
   <div class='ocr_carea' id='block_1_48' title="bbox 1866 1834 3504 1918">
    <p class='ocr_par' dir='ltr' id='par_1_48' title="bbox 1866 1834 3504 1918">
     <span class='ocr_line' id='line_1_48' title="bbox 1866 1834 3504 1918; baseline 0.001 -22"><span class='ocrx_word' id='word_1_334' title='bbox 1866 1835 2028 1916; x_wconf 91' lang='lat' dir='ltr'><strong>quod</strong></span> <span class='ocrx_word' id='word_1_335' title='bbox 2061 1835 2378 1908; x_wconf 88' lang='lat' dir='ltr'><strong>acciderat,</strong></span> <span class='ocrx_word' id='word_1_336' title='bbox 2407 1834 2604 1914; x_wconf 72' lang='lat' dir='ltr'><strong>neqUe</strong></span> <span class='ocrx_word' id='word_1_337' title='bbox 2636 1837 2883 1897; x_wconf 92' lang='lat' dir='ltr'><strong>omnino</strong></span> <span class='ocrx_word' id='word_1_338' title='bbox 2915 1835 3282 1898; x_wconf 81' lang='lat' dir='ltr'><strong>tolerandam</strong></span> <span class='ocrx_word' id='word_1_339' title='bbox 3314 1856 3504 1918; x_wconf 90' lang='lat' dir='ltr'><strong>repu-</strong></span> 
     </span>
    </p>
   </div>
   <div class='ocr_carea' id='block_1_49' title="bbox 1866 1923 3508 2006">
    <p class='ocr_par' dir='ltr' id='par_1_49' title="bbox 1866 1923 3508 2006">
     <span class='ocr_line' id='line_1_49' title="bbox 1866 1923 3508 2006; baseline 0.002 -22"><span class='ocrx_word' id='word_1_340' title='bbox 1866 1925 2006 1984; x_wconf 84' lang='lat' dir='ltr'><strong>tavit</strong></span> <span class='ocrx_word' id='word_1_341' title='bbox 2037 1923 2630 1995; x_wconf 87' lang='lat' dir='ltr'><strong>calamitatem.Quod</strong></span> <span class='ocrx_word' id='word_1_342' title='bbox 2655 1933 2850 1985; x_wconf 90' lang='lat' dir='ltr'><strong>autem</strong></span> <span class='ocrx_word' id='word_1_343' title='bbox 2881 1943 3015 1986; x_wconf 90' lang='lat' dir='ltr'><strong>eum</strong></span> <span class='ocrx_word' id='word_1_344' title='bbox 3054 1925 3353 2006; x_wconf 68' lang='lat' dir='ltr'><strong>praecipue</strong></span> <span class='ocrx_word' id='word_1_345' title='bbox 3388 1945 3508 1988; x_wconf 89' lang='lat' dir='ltr'><strong>ma-</strong></span> 
     </span>
    </p>
   </div>
   <div class='ocr_carea' id='block_1_50' title="bbox 1865 2013 3505 2093">
    <p class='ocr_par' dir='ltr' id='par_1_50' title="bbox 1865 2013 3505 2093">
     <span class='ocr_line' id='line_1_50' title="bbox 1865 2013 3505 2093; baseline 0.002 -19"><span class='ocrx_word' id='word_1_346' title='bbox 1865 2013 1922 2076; x_wconf 90' lang='lat' dir='ltr'><strong>le</strong></span> <span class='ocrx_word' id='word_1_347' title='bbox 1954 2013 2557 2092; x_wconf 87' lang='lat' dir='ltr'><strong>habebat,erat,quod</strong></span> <span class='ocrx_word' id='word_1_348' title='bbox 2592 2032 2703 2078; x_wconf 90' lang='lat' dir='ltr'><strong>nec</strong></span> <span class='ocrx_word' id='word_1_349' title='bbox 2734 2015 2923 2092; x_wconf 90' lang='lat' dir='ltr'><strong>potuit</strong></span> <span class='ocrx_word' id='word_1_350' title='bbox 2946 2014 3190 2093; x_wconf 91' lang='lat' dir='ltr'><strong>quidem</strong></span> <span class='ocrx_word' id='word_1_351' title='bbox 3215 2033 3389 2076; x_wconf 91' lang='lat' dir='ltr'><strong>unam</strong></span> <span class='ocrx_word' id='word_1_352' title='bbox 3410 2034 3505 2077; x_wconf 89' lang='lat' dir='ltr'><strong>su-</strong></span> 
     </span>
    </p>
   </div>
   <div class='ocr_carea' id='block_1_51' title="bbox 1865 2101 3502 2184">
    <p class='ocr_par' dir='ltr' id='par_1_51' title="bbox 1865 2101 3502 2184">
     <span class='ocr_line' id='line_1_51' title="bbox 1865 2101 3502 2184; baseline -0.001 -18"><span class='ocrx_word' id='word_1_353' title='bbox 1865 2121 2077 2183; x_wconf 90' lang='lat' dir='ltr'><strong>perare</strong></span> <span class='ocrx_word' id='word_1_354' title='bbox 2101 2101 2558 2184; x_wconf 89' lang='lat' dir='ltr'><strong>puellam.Quod</strong></span> <span class='ocrx_word' id='word_1_355' title='bbox 2583 2120 2721 2164; x_wconf 88' lang='lat' dir='ltr'><strong>vero</strong></span> <span class='ocrx_word' id='word_1_356' title='bbox 2744 2103 2850 2164; x_wconf 87' lang='lat' dir='ltr'><strong>fuit</strong></span> <span class='ocrx_word' id='word_1_357' title='bbox 2873 2102 3161 2165; x_wconf 88' lang='lat' dir='ltr'><strong>indicium</strong></span> <span class='ocrx_word' id='word_1_358' title='bbox 3189 2103 3318 2183; x_wconf 88' lang='lat' dir='ltr'><strong>ejus</strong></span> <span class='ocrx_word' id='word_1_359' title='bbox 3332 2110 3502 2182; x_wconf 74' lang='lat' dir='ltr'><strong>aegri-</strong></span> 
     </span>
    </p>
   </div>
   <div class='ocr_carea' id='block_1_52' title="bbox 1869 2190 3504 2271">
    <p class='ocr_par' dir='ltr' id='par_1_52' title="bbox 1869 2190 3504 2271">
     <span class='ocr_line' id='line_1_52' title="bbox 1869 2190 3504 2271; baseline 0.002 -19"><span class='ocrx_word' id='word_1_360' title='bbox 1869 2192 2346 2267; x_wconf 87' lang='lat' dir='ltr'><strong>tudinis,vestem</strong></span> <span class='ocrx_word' id='word_1_361' title='bbox 2377 2190 2618 2271; x_wconf 83' lang='lat' dir='ltr'><strong>quidem</strong></span> <span class='ocrx_word' id='word_1_362' title='bbox 2646 2209 2812 2252; x_wconf 90' lang='lat' dir='ltr'><strong>suam</strong></span> <span class='ocrx_word' id='word_1_363' title='bbox 2839 2192 3115 2254; x_wconf 85' lang='lat' dir='ltr'><strong>laceravit</strong></span> <span class='ocrx_word' id='word_1_364' title='bbox 3149 2209 3162 2253; x_wconf 89' lang='lat'>:</span> <span class='ocrx_word' id='word_1_365' title='bbox 3199 2193 3382 2255; x_wconf 87' lang='lat' dir='ltr'><strong>multa</strong></span> <span class='ocrx_word' id='word_1_366' title='bbox 3403 2212 3504 2255; x_wconf 88' lang='lat' dir='ltr'><strong>au-</strong></span> 
     </span>
    </p>
   </div>
   <div class='ocr_carea' id='block_1_53' title="bbox 1867 2280 3501 2360">
    <p class='ocr_par' dir='ltr' id='par_1_53' title="bbox 1867 2280 3501 2360">
     <span class='ocr_line' id='line_1_53' title="bbox 1867 2280 3501 2360; baseline 0.001 -18"><span class='ocrx_word' id='word_1_367' title='bbox 1867 2290 1987 2344; x_wconf 90' lang='lat' dir='ltr'><strong>tem</strong></span> <span class='ocrx_word' id='word_1_368' title='bbox 2019 2281 2200 2342; x_wconf 89' lang='lat' dir='ltr'><strong>verba</strong></span> <span class='ocrx_word' id='word_1_369' title='bbox 2229 2286 2290 2341; x_wconf 91' lang='lat' dir='ltr'><strong>in</strong></span> <span class='ocrx_word' id='word_1_370' title='bbox 2324 2299 2465 2343; x_wconf 92' lang='lat' dir='ltr'><strong>suos</strong></span> <span class='ocrx_word' id='word_1_371' title='bbox 2498 2280 2642 2341; x_wconf 92' lang='lat' dir='ltr'><strong>deos</strong></span> <span class='ocrx_word' id='word_1_372' title='bbox 2691 2280 2891 2343; x_wconf 84' lang='lat' dir='ltr'><strong>emisit</strong></span> <span class='ocrx_word' id='word_1_373' title='bbox 2942 2299 3064 2360; x_wconf 68' lang='lat' dir='ltr'><strong>pra:</strong></span> <span class='ocrx_word' id='word_1_374' title='bbox 3090 2280 3320 2344; x_wconf 88' lang='lat' dir='ltr'><strong>dolore.</strong></span> <span class='ocrx_word' id='word_1_375' title='bbox 3355 2280 3501 2345; x_wconf 87' lang='lat' dir='ltr'><strong>Cum</strong></span> 
     </span>
    </p>
   </div>
   <div class='ocr_carea' id='block_1_54' title="bbox 1865 2369 3505 2451">
    <p class='ocr_par' dir='ltr' id='par_1_54' title="bbox 1865 2369 3505 2451">
     <span class='ocr_line' id='line_1_54' title="bbox 1865 2369 3505 2451; baseline 0.001 -19"><span class='ocrx_word' id='word_1_376' title='bbox 1865 2389 2007 2451; x_wconf 86' lang='lat' dir='ltr'><strong>ergo</strong></span> <span class='ocrx_word' id='word_1_377' title='bbox 2040 2370 2335 2450; x_wconf 86' lang='lat' dir='ltr'><strong>supplicia</strong></span> <span class='ocrx_word' id='word_1_378' title='bbox 2365 2369 2808 2445; x_wconf 86' lang='lat' dir='ltr'><strong>inferens,nihil</strong></span> <span class='ocrx_word' id='word_1_379' title='bbox 2841 2370 3179 2450; x_wconf 84' lang='lat' dir='ltr'><strong>proﬁceret,</strong></span> <span class='ocrx_word' id='word_1_380' title='bbox 3213 2371 3294 2432; x_wconf 87' lang='lat' dir='ltr'><strong>ita</strong></span> <span class='ocrx_word' id='word_1_381' title='bbox 3317 2372 3505 2450; x_wconf 78' lang='lat' dir='ltr'><strong>magis</strong></span> 
     </span>
    </p>
   </div>
   <div class='ocr_carea' id='block_1_55' title="bbox 1868 2459 3503 2540">
    <p class='ocr_par' dir='ltr' id='par_1_55' title="bbox 1868 2459 3503 2540">
     <span class='ocr_line' id='line_1_55' title="bbox 1868 2459 3503 2540; baseline 0.003 -22"><span class='ocrx_word' id='word_1_382' title='bbox 1868 2461 2075 2522; x_wconf 86' lang='lat' dir='ltr'><strong>videns</strong></span> <span class='ocrx_word' id='word_1_383' title='bbox 2108 2460 2347 2540; x_wconf 77' lang='lat' dir='ltr'><strong>martyri</strong></span> <span class='ocrx_word' id='word_1_384' title='bbox 2382 2477 2659 2521; x_wconf 90' lang='lat' dir='ltr'><strong>crescere</strong></span> <span class='ocrx_word' id='word_1_385' title='bbox 2693 2459 3112 2539; x_wconf 87' lang='lat' dir='ltr'><strong>constantiam,</strong></span> <span class='ocrx_word' id='word_1_386' title='bbox 3137 2459 3250 2521; x_wconf 89' lang='lat' dir='ltr'><strong>fert</strong></span> <span class='ocrx_word' id='word_1_387' title='bbox 3278 2461 3339 2522; x_wconf 91' lang='lat' dir='ltr'><strong>in</strong></span> <span class='ocrx_word' id='word_1_388' title='bbox 3371 2479 3503 2527; x_wconf 82' lang='lat' dir='ltr'><strong>eam</strong></span> 
     </span>
    </p>
   </div>
   <div class='ocr_carea' id='block_1_56' title="bbox 1868 2547 3058 2622">
    <p class='ocr_par' dir='ltr' id='par_1_56' title="bbox 1868 2547 3058 2622">
     <span class='ocr_line' id='line_1_56' title="bbox 1868 2547 3058 2622; baseline -0.003 -10"><span class='ocrx_word' id='word_1_389' title='bbox 1868 2555 2249 2622; x_wconf 89' lang='lat' dir='ltr'><strong>sententiam,</strong></span> <span class='ocrx_word' id='word_1_390' title='bbox 2287 2557 2348 2609; x_wconf 92' lang='lat' dir='ltr'><strong>ut</strong></span> <span class='ocrx_word' id='word_1_391' title='bbox 2371 2567 2514 2611; x_wconf 91' lang='lat' dir='ltr'><strong>ense</strong></span> <span class='ocrx_word' id='word_1_392' title='bbox 2547 2556 2796 2609; x_wconf 90' lang='lat' dir='ltr'><strong>mortem</strong></span> <span class='ocrx_word' id='word_1_393' title='bbox 2829 2547 3058 2610; x_wconf 84' lang='lat' dir='ltr'><strong>subeat.</strong></span> 
     </span>
    </p>
   </div>
   <div class='ocr_carea' id='block_1_57' title="bbox 1947 2632 3501 2719">
    <p class='ocr_par' dir='ltr' id='par_1_57' title="bbox 1947 2632 3501 2719">
     <span class='ocr_line' id='line_1_57' title="bbox 1947 2632 3501 2719; baseline 0 -19"><span class='ocrx_word' id='word_1_394' title='bbox 1947 2638 2099 2701; x_wconf 85' lang='lat' dir='ltr'><strong>XIX.</strong></span> <span class='ocrx_word' id='word_1_395' title='bbox 2134 2632 2410 2700; x_wconf 85' lang='lat' dir='ltr'><strong>Procedit</strong></span> <span class='ocrx_word' id='word_1_396' title='bbox 2439 2646 2636 2699; x_wconf 90' lang='lat' dir='ltr'><strong>autem</strong></span> <span class='ocrx_word' id='word_1_397' title='bbox 2687 2655 2896 2698; x_wconf 86' lang='lat' dir='ltr'><strong>rursus</strong></span> <span class='ocrx_word' id='word_1_398' title='bbox 2945 2655 3187 2719; x_wconf 91' lang='lat' dir='ltr'><strong>quoque</strong></span> <span class='ocrx_word' id='word_1_399' title='bbox 3221 2645 3501 2715; x_wconf 86' lang='lat' dir='ltr'><strong>tentator,</strong></span> 
     </span>
    </p>
   </div>
   <div class='ocr_carea' id='block_1_58' title="bbox 1869 2726 3508 2810">
    <p class='ocr_par' dir='ltr' id='par_1_58' title="bbox 1869 2726 3508 2810">
     <span class='ocr_line' id='line_1_58' title="bbox 1869 2726 3508 2810; baseline 0.001 -21"><span class='ocrx_word' id='word_1_400' title='bbox 1869 2728 1972 2810; x_wconf 92' lang='lat' dir='ltr'><strong>qui</strong></span> <span class='ocrx_word' id='word_1_401' title='bbox 2003 2727 2076 2789; x_wconf 90' lang='lat' dir='ltr'><strong>ab</strong></span> <span class='ocrx_word' id='word_1_402' title='bbox 2106 2727 2277 2788; x_wconf 92' lang='lat' dir='ltr'><strong>initio</strong></span> <span class='ocrx_word' id='word_1_403' title='bbox 2311 2728 2384 2788; x_wconf 90' lang='lat' dir='ltr'><strong>ad</strong></span> <span class='ocrx_word' id='word_1_404' title='bbox 2429 2735 2745 2807; x_wconf 83' lang='lat' dir='ltr'><strong>martyrem</strong></span> <span class='ocrx_word' id='word_1_405' title='bbox 2782 2737 3118 2789; x_wconf 84' lang='lat' dir='ltr'><strong>accesserat</strong></span> <span class='ocrx_word' id='word_1_406' title='bbox 3142 2726 3413 2805; x_wconf 88' lang='lat' dir='ltr'><strong>Satanas,</strong></span> <span class='ocrx_word' id='word_1_407' title='bbox 3448 2737 3508 2789; x_wconf 90' lang='lat' dir='ltr'><strong>et</strong></span> 
     </span>
    </p>
   </div>
   <div class='ocr_carea' id='block_1_59' title="bbox 1867 2815 3507 2898">
    <p class='ocr_par' dir='ltr' id='par_1_59' title="bbox 1867 2815 3507 2898">
     <span class='ocr_line' id='line_1_59' title="bbox 1867 2815 3507 2898; baseline 0.001 -20"><span class='ocrx_word' id='word_1_408' title='bbox 1867 2817 2044 2896; x_wconf 85' lang='lat' dir='ltr'><strong>longe</strong></span> <span class='ocrx_word' id='word_1_409' title='bbox 2077 2817 2241 2896; x_wconf 89' lang='lat' dir='ltr'><strong>plura</strong></span> <span class='ocrx_word' id='word_1_410' title='bbox 2279 2835 2483 2896; x_wconf 86' lang='lat' dir='ltr'><strong>passus</strong></span> <span class='ocrx_word' id='word_1_411' title='bbox 2525 2835 2700 2896; x_wconf 89' lang='lat' dir='ltr'><strong>quam</strong></span> <span class='ocrx_word' id='word_1_412' title='bbox 2732 2815 2978 2891; x_wconf 84' lang='lat' dir='ltr'><strong>faciens,</strong></span> <span class='ocrx_word' id='word_1_413' title='bbox 3015 2826 3074 2877; x_wconf 92' lang='lat' dir='ltr'><strong>et</strong></span> <span class='ocrx_word' id='word_1_414' title='bbox 3105 2818 3310 2898; x_wconf 89' lang='lat' dir='ltr'><strong>procul</strong></span> <span class='ocrx_word' id='word_1_415' title='bbox 3342 2827 3507 2879; x_wconf 83' lang='lat' dir='ltr'><strong>stans</strong></span> 
     </span>
    </p>
   </div>
   <div class='ocr_carea' id='block_1_60' title="bbox 1866 2905 3502 2987">
    <p class='ocr_par' dir='ltr' id='par_1_60' title="bbox 1866 2905 3502 2987">
     <span class='ocr_line' id='line_1_60' title="bbox 1866 2905 3502 2987; baseline 0.001 -19"><span class='ocrx_word' id='word_1_416' title='bbox 1866 2908 2088 2987; x_wconf 90' lang='lat' dir='ltr'><strong>(adhuc</strong></span> <span class='ocrx_word' id='word_1_417' title='bbox 2119 2905 2279 2968; x_wconf 89' lang='lat' dir='ltr'><strong>enim</strong></span> <span class='ocrx_word' id='word_1_418' title='bbox 2314 2906 2584 2980; x_wconf 88' lang='lat' dir='ltr'><strong>timebat,</strong></span> <span class='ocrx_word' id='word_1_419' title='bbox 2641 2914 2700 2966; x_wconf 91' lang='lat' dir='ltr'><strong>et</strong></span> <span class='ocrx_word' id='word_1_420' title='bbox 2751 2905 3055 2985; x_wconf 78' lang='lat' dir='ltr'><strong>plagarum</strong></span> <span class='ocrx_word' id='word_1_421' title='bbox 3090 2907 3502 2985; x_wconf 87' lang='lat' dir='ltr'><strong>meminerat),</strong></span> 
     </span>
    </p>
   </div>
   <div class='ocr_carea' id='block_1_61' title="bbox 1868 2994 3502 3076">
    <p class='ocr_par' dir='ltr' id='par_1_61' title="bbox 1868 2994 3502 3076">
     <span class='ocr_line' id='line_1_61' title="bbox 1868 2994 3502 3076; baseline -0.001 -18"><span class='ocrx_word' id='word_1_422' title='bbox 1868 2997 1998 3076; x_wconf 88' lang='lat' dir='ltr'><strong>ejus</strong></span> <span class='ocrx_word' id='word_1_423' title='bbox 2032 3005 2222 3058; x_wconf 90' lang='lat' dir='ltr'><strong>morte</strong></span> <span class='ocrx_word' id='word_1_424' title='bbox 2252 2995 2570 3072; x_wconf 80' lang='lat' dir='ltr'><strong>gaudebat,</strong></span> <span class='ocrx_word' id='word_1_425' title='bbox 2605 3002 2664 3056; x_wconf 91' lang='lat' dir='ltr'><strong>et</strong></span> <span class='ocrx_word' id='word_1_426' title='bbox 2693 2994 2768 3056; x_wconf 89' lang='lat' dir='ltr'><strong>ad</strong></span> <span class='ocrx_word' id='word_1_427' title='bbox 2801 2994 3026 3056; x_wconf 87' lang='lat' dir='ltr'><strong>caedem</strong></span> <span class='ocrx_word' id='word_1_428' title='bbox 3058 2994 3346 3057; x_wconf 88' lang='lat' dir='ltr'><strong>incitabat</strong></span> <span class='ocrx_word' id='word_1_429' title='bbox 3385 2996 3502 3058; x_wconf 92' lang='lat' dir='ltr'><strong>lic-</strong></span> 
     </span>
    </p>
   </div>
   <div class='ocr_carea' id='block_1_62' title="bbox 1869 3083 3506 3163">
    <p class='ocr_par' dir='ltr' id='par_1_62' title="bbox 1869 3083 3506 3163">
     <span class='ocr_line' id='line_1_62' title="bbox 1869 3083 3506 3163; baseline 0 -15"><span class='ocrx_word' id='word_1_430' title='bbox 1869 3093 2054 3148; x_wconf 86' lang='lat' dir='ltr'><strong>tores.</strong></span> <span class='ocrx_word' id='word_1_431' title='bbox 2089 3085 2236 3147; x_wconf 90' lang='lat' dir='ltr'><strong>Cum</strong></span> <span class='ocrx_word' id='word_1_432' title='bbox 2267 3091 2463 3146; x_wconf 90' lang='lat' dir='ltr'><strong>autem</strong></span> <span class='ocrx_word' id='word_1_433' title='bbox 2502 3084 2665 3163; x_wconf 86' lang='lat' dir='ltr'><strong>virgo</strong></span> <span class='ocrx_word' id='word_1_434' title='bbox 2693 3083 2796 3146; x_wconf 91' lang='lat' dir='ltr'><strong>illa</strong></span> <span class='ocrx_word' id='word_1_435' title='bbox 2828 3083 2997 3146; x_wconf 88' lang='lat' dir='ltr'><strong>fortis</strong></span> <span class='ocrx_word' id='word_1_436' title='bbox 3028 3102 3167 3145; x_wconf 92' lang='lat' dir='ltr'><strong>eum</strong></span> <span class='ocrx_word' id='word_1_437' title='bbox 3201 3086 3383 3146; x_wconf 89' lang='lat' dir='ltr'><strong>torvis</strong></span> <span class='ocrx_word' id='word_1_438' title='bbox 3413 3104 3506 3148; x_wconf 88' lang='lat' dir='ltr'><strong>as-</strong></span> 
     </span>
    </p>
   </div>
   <div class='ocr_carea' id='block_1_63' title="bbox 154 3167 1789 3256">
    <p class='ocr_par' dir='ltr' id='par_1_63' title="bbox 154 3167 1783 3253">
     <span class='ocr_line' id='line_1_63' title="bbox 154 3167 1783 3253; baseline 0.003 -30"><span class='ocrx_word' id='word_1_439' title='bbox 154 3169 240 3224; x_wconf 82' lang='grc' dir='ltr'><strong>καὶ</strong></span> <span class='ocrx_word' id='word_1_440' title='bbox 277 3167 616 3248; x_wconf 80' lang='grc' dir='ltr'>διεϐλέψατο,</span> <span class='ocrx_word' id='word_1_441' title='bbox 651 3173 780 3231; x_wconf 78' lang='grc' dir='ltr'>Οὗαί</span> <span class='ocrx_word' id='word_1_442' title='bbox 815 3196 932 3250; x_wconf 89' lang='grc' dir='ltr'>μοι,</span> <span class='ocrx_word' id='word_1_443' title='bbox 979 3173 1172 3252; x_wconf 79' lang='grc' dir='ltr'>κραξας</span> <span class='ocrx_word' id='word_1_444' title='bbox 1231 3174 1461 3250; x_wconf 78' lang='grc' dir='ltr'>ἐκεῖνος,</span> <span class='ocrx_word' id='word_1_445' title='bbox 1515 3174 1660 3253; x_wconf 81' lang='grc' dir='ltr'>τάχα</span> <span class='ocrx_word' id='word_1_446' title='bbox 1717 3193 1783 3248; x_wconf 91' lang='grc' dir='ltr'><strong>με</strong></span> 
     </span>
    </p>
   </div>
   <div class='ocr_carea' id='block_1_64' title="bbox 1912 3167 3510 3256">
    <p class='ocr_par' dir='ltr' id='par_1_64' title="bbox 1913 3171 3510 3250">
     <span class='ocr_line' id='line_1_64' title="bbox 1913 3171 3510 3250; baseline -0.001 -13"><span class='ocrx_word' id='word_1_447' title='bbox 1913 3174 2133 3237; x_wconf 83' lang='lat' dir='ltr'><strong>exisset</strong></span> <span class='ocrx_word' id='word_1_448' title='bbox 2164 3174 2372 3250; x_wconf 85' lang='lat' dir='ltr'><strong>oculis,</strong></span> <span class='ocrx_word' id='word_1_449' title='bbox 2407 3173 2533 3246; x_wconf 87' lang='lat' dir='ltr'><strong>ille,</strong></span> <span class='ocrx_word' id='word_1_450' title='bbox 2590 3172 2702 3233; x_wconf 90' lang='lat' dir='ltr'><strong>Hei</strong></span> <span class='ocrx_word' id='word_1_451' title='bbox 2736 3171 2908 3247; x_wconf 91' lang='lat' dir='ltr'><strong>mihi,</strong></span> <span class='ocrx_word' id='word_1_452' title='bbox 2941 3171 3229 3247; x_wconf 88' lang='lat' dir='ltr'><strong>clamans,</strong></span> <span class='ocrx_word' id='word_1_453' title='bbox 3264 3192 3358 3235; x_wconf 91' lang='lat' dir='ltr'><strong>me</strong></span> <span class='ocrx_word' id='word_1_454' title='bbox 3388 3174 3510 3236; x_wconf 87' lang='lat' dir='ltr'><strong>for-</strong></span> 
     </span>
    </p>
   </div>
   <div class='ocr_carea' id='block_1_65' title="bbox 154 3261 1782 3343">
    <p class='ocr_par' dir='ltr' id='par_1_65' title="bbox 154 3261 1782 3343">
     <span class='ocr_line' id='line_1_65' title="bbox 154 3261 1782 3343; baseline 0.004 -30"><span class='ocrx_word' id='word_1_455' title='bbox 154 3270 272 3322; x_wconf 81' lang='grc' dir='ltr'>ταϊς</span> <span class='ocrx_word' id='word_1_456' title='bbox 315 3262 472 3340; x_wconf 77' lang='grc' dir='ltr'>χερσὶ</span> <span class='ocrx_word' id='word_1_457' title='bbox 529 3263 617 3318; x_wconf 87' lang='grc' dir='ltr'><strong>καὶ</strong></span> <span class='ocrx_word' id='word_1_458' title='bbox 663 3265 808 3327; x_wconf 73' lang='grc' dir='ltr'>αὖθις</span> <span class='ocrx_word' id='word_1_459' title='bbox 861 3263 1006 3320; x_wconf 76' lang='grc' dir='ltr'>ἑλεῖν</span> <span class='ocrx_word' id='word_1_460' title='bbox 1037 3262 1302 3340; x_wconf 78' lang='grc' dir='ltr'>βούλεται,</span> <span class='ocrx_word' id='word_1_461' title='bbox 1336 3262 1538 3343; x_wconf 75' lang='grc' dir='ltr'>ἀφανὴς</span> <span class='ocrx_word' id='word_1_462' title='bbox 1571 3261 1782 3340; x_wconf 87' lang='grc' dir='ltr'>γέγονε.</span> 
     </span>
    </p>
   </div>
   <div class='ocr_carea' id='block_1_66' title="bbox 1867 3259 3504 3343">
    <p class='ocr_par' dir='ltr' id='par_1_66' title="bbox 1867 3259 3504 3343">
     <span class='ocr_line' id='line_1_66' title="bbox 1867 3259 3504 3343; baseline 0.001 -18"><span class='ocrx_word' id='word_1_463' title='bbox 1867 3272 1926 3325; x_wconf 89' lang='lat' dir='ltr'><strong>te</strong></span> <span class='ocrx_word' id='word_1_464' title='bbox 1956 3263 2077 3324; x_wconf 91' lang='lat' dir='ltr'><strong>vult</strong></span> <span class='ocrx_word' id='word_1_465' title='bbox 2130 3280 2335 3324; x_wconf 89' lang='lat' dir='ltr'><strong>rursus</strong></span> <span class='ocrx_word' id='word_1_466' title='bbox 2388 3260 2849 3343; x_wconf 89' lang='lat' dir='ltr'><strong>apprehendere</strong></span> <span class='ocrx_word' id='word_1_467' title='bbox 2903 3259 3204 3336; x_wconf 89' lang='lat' dir='ltr'><strong>manibus,</strong></span> <span class='ocrx_word' id='word_1_468' title='bbox 3241 3263 3504 3328; x_wconf 82' lang='lat' dir='ltr'><strong>evanuit.</strong></span> 
     </span>
    </p>
   </div>
   <div class='ocr_carea' id='block_1_67' title="bbox 160 3348 1789 3432">
    <p class='ocr_par' dir='ltr' id='par_1_67' title="bbox 160 3348 1784 3428">
     <span class='ocr_line' id='line_1_67' title="bbox 288 3349 1722 3374; baseline 0.004 -9"><span class='ocrx_word' id='word_1_469' title='bbox 288 3349 302 3364; x_wconf 77' lang='grc' dir='ltr'><strong>ο</strong></span> <span class='ocrx_word' id='word_1_470' title='bbox 391 3350 408 3368; x_wconf 78' lang='lat'><strong><em>\</em></strong></span> <span class='ocrx_word' id='word_1_471' title='bbox 497 3349 511 3371; x_wconf 62' lang='grc'><strong>3</strong></span> <span class='ocrx_word' id='word_1_472' title='bbox 807 3357 831 3366; x_wconf 73' lang='grc' dir='ltr'>-ο</span> <span class='ocrx_word' id='word_1_473' title='bbox 953 3351 984 3363; x_wconf 52' lang='grc' dir='ltr'><strong>θ’</strong></span> <span class='ocrx_word' id='word_1_474' title='bbox 1212 3352 1224 3374; x_wconf 82' lang='grc' dir='ltr'><strong><em>Ι</em></strong></span> <span class='ocrx_word' id='word_1_475' title='bbox 1396 3350 1422 3372; x_wconf 69' lang='grc' dir='ltr'><strong>(Ι</strong></span> <span class='ocrx_word' id='word_1_476' title='bbox 1593 3353 1607 3371; x_wconf 59' lang='grc' dir='ltr'><strong>ς</strong></span> <span class='ocrx_word' id='word_1_477' title='bbox 1702 3349 1722 3372; x_wconf 71' lang='grc' dir='ltr'><strong><em>,Ι</em></strong></span> 
     </span>
     <span class='ocr_line' id='line_1_68' title="bbox 160 3348 1784 3428; baseline 0.002 -26"><span class='ocrx_word' id='word_1_478' title='bbox 160 3348 254 3403; x_wconf 84' lang='grc' dir='ltr'><strong>Καὶ</strong></span> <span class='ocrx_word' id='word_1_479' title='bbox 283 3367 310 3404; x_wconf 91' lang='grc' dir='ltr'><strong>ο</strong></span> <span class='ocrx_word' id='word_1_480' title='bbox 347 3371 446 3424; x_wconf 89' lang='grc' dir='ltr'><strong>μεν</strong></span> <span class='ocrx_word' id='word_1_481' title='bbox 493 3351 595 3406; x_wconf 81' lang='grc' dir='ltr'><strong>υπὸ</strong></span> <span class='ocrx_word' id='word_1_482' title='bbox 656 3350 870 3409; x_wconf 89' lang='grc' dir='ltr'>πολλων</span> <span class='ocrx_word' id='word_1_483' title='bbox 913 3374 1018 3410; x_wconf 87' lang='grc' dir='ltr'><strong>των</strong></span> <span class='ocrx_word' id='word_1_484' title='bbox 1061 3373 1336 3428; x_wconf 88' lang='grc' dir='ltr'>μαρτυρων</span> <span class='ocrx_word' id='word_1_485' title='bbox 1364 3373 1530 3417; x_wconf 88' lang='grc' dir='ltr'>ουτως</span> <span class='ocrx_word' id='word_1_486' title='bbox 1559 3374 1620 3408; x_wconf 93' lang='grc' dir='ltr'><strong>το</strong></span> <span class='ocrx_word' id='word_1_487' title='bbox 1669 3349 1784 3414; x_wconf 86' lang='grc' dir='ltr'>δεος</span> 
     </span>
    </p>
   </div>
   <div class='ocr_carea' id='block_1_68' title="bbox 1912 3348 3506 3432">
    <p class='ocr_par' dir='ltr' id='par_1_68' title="bbox 1912 3348 3506 3432">
     <span class='ocr_line' id='line_1_69' title="bbox 1912 3348 3506 3432; baseline -0.001 -16"><span class='ocrx_word' id='word_1_488' title='bbox 1912 3361 1940 3416; x_wconf 88' lang='lat' dir='ltr'><strong>.t</strong></span> <span class='ocrx_word' id='word_1_489' title='bbox 1965 3353 2062 3414; x_wconf 92' lang='lat' dir='ltr'><strong>ille</strong></span> <span class='ocrx_word' id='word_1_490' title='bbox 2092 3351 2335 3432; x_wconf 90' lang='lat' dir='ltr'><strong>quidem</strong></span> <span class='ocrx_word' id='word_1_491' title='bbox 2369 3369 2502 3412; x_wconf 94' lang='lat' dir='ltr'><strong>cum</strong></span> <span class='ocrx_word' id='word_1_492' title='bbox 2537 3350 2704 3411; x_wconf 92' lang='lat' dir='ltr'><strong>multi</strong></span> <span class='ocrx_word' id='word_1_493' title='bbox 2735 3348 3022 3411; x_wconf 89' lang='lat' dir='ltr'><strong>adessent</strong></span> <span class='ocrx_word' id='word_1_494' title='bbox 3054 3359 3506 3430; x_wconf 88' lang='lat' dir='ltr'><strong>testes,metum</strong></span> 
     </span>
    </p>
   </div>
   <div class='ocr_carea' id='block_1_69' title="bbox 158 3433 1784 3519">
    <p class='ocr_par' dir='ltr' id='par_1_69' title="bbox 158 3433 1784 3519">
     <span class='ocr_line' id='line_1_70' title="bbox 158 3433 1784 3519; baseline 0.003 -29"><span class='ocrx_word' id='word_1_495' title='bbox 158 3433 588 3519; x_wconf 80' lang='grc' dir='ltr'>ἆνομολογῆσας,</span> <span class='ocrx_word' id='word_1_496' title='bbox 643 3437 842 3519; x_wconf 82' lang='grc' dir='ltr'>ἀπέδρα</span> <span class='ocrx_word' id='word_1_497' title='bbox 876 3455 891 3470; x_wconf 97' lang='grc'><strong>⁸</strong></span> <span class='ocrx_word' id='word_1_498' title='bbox 946 3442 980 3509; x_wconf 80' lang='grc' dir='ltr'><strong>ἡ</strong></span> <span class='ocrx_word' id='word_1_499' title='bbox 1031 3438 1086 3496; x_wconf 79' lang='grc' dir='ltr'>δὲ</span> <span class='ocrx_word' id='word_1_500' title='bbox 1131 3439 1434 3505; x_wconf 72' lang='grc' dir='ltr'>καλλίνικος</span> <span class='ocrx_word' id='word_1_501' title='bbox 1491 3439 1784 3519; x_wconf 79' lang='grc' dir='ltr'>Ἰουλιανὴ,</span> 
     </span>
    </p>
   </div>
   <div class='ocr_carea' id='block_1_70' title="bbox 158 3521 1787 3608">
    <p class='ocr_par' dir='ltr' id='par_1_70' title="bbox 158 3521 1787 3608">
     <span class='ocr_line' id='line_1_71' title="bbox 158 3521 1787 3608; baseline 0.003 -28"><span class='ocrx_word' id='word_1_502' title='bbox 158 3521 333 3605; x_wconf 75' lang='grc' dir='ltr'>ὥσπερ</span> <span class='ocrx_word' id='word_1_503' title='bbox 377 3531 478 3587; x_wconf 79' lang='grc' dir='ltr'><strong>οὐκ</strong></span> <span class='ocrx_word' id='word_1_504' title='bbox 518 3527 603 3586; x_wconf 81' lang='grc' dir='ltr'><strong>ἐπὶ</strong></span> <span class='ocrx_word' id='word_1_505' title='bbox 631 3528 876 3606; x_wconf 67' lang='grc' dir='ltr'>θάνατον,</span> <span class='ocrx_word' id='word_1_506' title='bbox 909 3528 1029 3586; x_wconf 80' lang='grc' dir='ltr'>ἀλλ’</span> <span class='ocrx_word' id='word_1_507' title='bbox 1060 3529 1145 3587; x_wconf 75' lang='grc' dir='ltr'>ἐπὶ</span> <span class='ocrx_word' id='word_1_508' title='bbox 1192 3530 1339 3588; x_wconf 83' lang='grc' dir='ltr'>λῦσιν</span> <span class='ocrx_word' id='word_1_509' title='bbox 1388 3528 1593 3603; x_wconf 86' lang='grc' dir='ltr'>μᾶλλον</span> <span class='ocrx_word' id='word_1_510' title='bbox 1649 3529 1787 3608; x_wconf 84' lang='grc' dir='ltr'>ἀγο-</span> 
     </span>
    </p>
   </div>
   <div class='ocr_carea' id='block_1_71' title="bbox 159 3613 1788 3699">
    <p class='ocr_par' dir='ltr' id='par_1_71' title="bbox 159 3613 1788 3699">
     <span class='ocr_line' id='line_1_72' title="bbox 159 3613 1788 3699; baseline 0.003 -31"><span class='ocrx_word' id='word_1_511' title='bbox 159 3613 290 3688; x_wconf 88' lang='grc' dir='ltr'>μένη</span> <span class='ocrx_word' id='word_1_512' title='bbox 348 3617 577 3675; x_wconf 74' lang='grc' dir='ltr'>θανάτου</span> <span class='ocrx_word' id='word_1_513' title='bbox 635 3619 723 3675; x_wconf 84' lang='grc' dir='ltr'><strong>καὶ</strong></span> <span class='ocrx_word' id='word_1_514' title='bbox 780 3619 958 3675; x_wconf 91' lang='grc' dir='ltr'>πόνων</span> <span class='ocrx_word' id='word_1_515' title='bbox 1001 3617 1316 3697; x_wconf 66' lang='grc' dir='ltr'>ἀπαλλαγὴν</span> <span class='ocrx_word' id='word_1_516' title='bbox 1366 3620 1644 3698; x_wconf 79' lang='grc' dir='ltr'>ἐπορεύετο</span> <span class='ocrx_word' id='word_1_517' title='bbox 1673 3635 1788 3699; x_wconf 84' lang='grc' dir='ltr'>χα-</span> 
     </span>
    </p>
   </div>
   <div class='ocr_carea' id='block_1_72' title="bbox 160 3707 1788 3790">
    <p class='ocr_par' dir='ltr' id='par_1_72' title="bbox 160 3707 1788 3790">
     <span class='ocr_line' id='line_1_73' title="bbox 160 3707 1788 3790; baseline 0.005 -32"><span class='ocrx_word' id='word_1_518' title='bbox 160 3708 334 3779; x_wconf 86' lang='grc' dir='ltr'>ρίεσσα</span> <span class='ocrx_word' id='word_1_519' title='bbox 375 3707 479 3774; x_wconf 81' lang='grc' dir='ltr'>τὴν</span> <span class='ocrx_word' id='word_1_520' title='bbox 511 3707 657 3782; x_wconf 78' lang='grc' dir='ltr'>ὄψιν,</span> <span class='ocrx_word' id='word_1_521' title='bbox 693 3707 884 3786; x_wconf 73' lang='grc' dir='ltr'>φαιδρὰ</span> <span class='ocrx_word' id='word_1_522' title='bbox 913 3722 1030 3772; x_wconf 77' lang='grc' dir='ltr'>τοῖς</span> <span class='ocrx_word' id='word_1_523' title='bbox 1062 3707 1362 3790; x_wconf 74' lang='grc' dir='ltr'>ὀφθαλμοῖς</span> <span class='ocrx_word' id='word_1_524' title='bbox 1410 3710 1500 3766; x_wconf 85' lang='grc' dir='ltr'><strong>καὶ</strong></span> <span class='ocrx_word' id='word_1_525' title='bbox 1549 3710 1647 3776; x_wconf 65' lang='grc' dir='ltr'><strong>τὴν</strong></span> <span class='ocrx_word' id='word_1_526' title='bbox 1687 3712 1788 3775; x_wconf 79' lang='grc' dir='ltr'>τῆς</span> 
     </span>
    </p>
   </div>
   <div class='ocr_carea' id='block_1_73' title="bbox 160 3793 1791 3878">
    <p class='ocr_par' dir='ltr' id='par_1_73' title="bbox 160 3793 1791 3878">
     <span class='ocr_line' id='line_1_74' title="bbox 160 3793 1791 3878; baseline 0.003 -30"><span class='ocrx_word' id='word_1_527' title='bbox 160 3796 342 3873; x_wconf 75' lang='grc' dir='ltr'>ψυχῆς</span> <span class='ocrx_word' id='word_1_528' title='bbox 387 3793 532 3852; x_wconf 77' lang='grc' dir='ltr'>ἔνδον</span> <span class='ocrx_word' id='word_1_529' title='bbox 565 3793 760 3865; x_wconf 79' lang='grc' dir='ltr'>ἡδονὴν</span> <span class='ocrx_word' id='word_1_530' title='bbox 789 3797 1162 3878; x_wconf 75' lang='grc' dir='ltr'>ὁπογράφουσα</span> <span class='ocrx_word' id='word_1_531' title='bbox 1199 3815 1214 3830; x_wconf 95' lang='grc'><strong>⁸</strong></span> <span class='ocrx_word' id='word_1_532' title='bbox 1275 3797 1450 3856; x_wconf 84' lang='grc' dir='ltr'>πολλά</span> <span class='ocrx_word' id='word_1_533' title='bbox 1493 3799 1626 3877; x_wconf 75' lang='grc' dir='ltr'>πρὸς</span> <span class='ocrx_word' id='word_1_534' title='bbox 1667 3799 1791 3862; x_wconf 85' lang='grc' dir='ltr'>τοὺς</span> 
     </span>
    </p>
   </div>
   <div class='ocr_carea' id='block_1_74' title="bbox 160 3884 1788 3967">
    <p class='ocr_par' dir='ltr' id='par_1_74' title="bbox 160 3884 1788 3967">
     <span class='ocr_line' id='line_1_75' title="bbox 160 3884 1788 3967; baseline 0.003 -30"><span class='ocrx_word' id='word_1_535' title='bbox 160 3884 653 3961; x_wconf 79' lang='grc' dir='ltr'>συμπορευομένους</span> <span class='ocrx_word' id='word_1_536' title='bbox 727 3888 860 3964; x_wconf 75' lang='grc' dir='ltr'>αὐτῇ</span> <span class='ocrx_word' id='word_1_537' title='bbox 947 3887 1304 3967; x_wconf 86' lang='grc' dir='ltr'>διαλεγομένη</span> <span class='ocrx_word' id='word_1_538' title='bbox 1383 3891 1469 3945; x_wconf 87' lang='grc' dir='ltr'><strong>καὶ</strong></span> <span class='ocrx_word' id='word_1_539' title='bbox 1539 3889 1788 3945; x_wconf 83' lang='grc' dir='ltr'>πείθουσα</span> 
     </span>
    </p>
   </div>
   <div class='ocr_carea' id='block_1_75' title="bbox 154 3967 1790 4056">
    <p class='ocr_par' dir='ltr' id='par_1_75' title="bbox 154 3967 1790 4056">
     <span class='ocr_line' id='line_1_76' title="bbox 154 3967 1790 4056; baseline 0.003 -30"><span class='ocrx_word' id='word_1_540' title='bbox 154 3967 323 4046; x_wconf 78' lang='grc' dir='ltr'>μηδὲν</span> <span class='ocrx_word' id='word_1_541' title='bbox 376 3974 522 4031; x_wconf 74' lang='grc' dir='ltr'>εἶναι</span> <span class='ocrx_word' id='word_1_542' title='bbox 581 3976 718 4051; x_wconf 73' lang='grc' dir='ltr'>μήτε</span> <span class='ocrx_word' id='word_1_543' title='bbox 767 3977 873 4034; x_wconf 80' lang='grc' dir='ltr'><strong>τῶν</strong></span> <span class='ocrx_word' id='word_1_544' title='bbox 923 3979 1198 4055; x_wconf 86' lang='grc' dir='ltr'>παρόντων</span> <span class='ocrx_word' id='word_1_545' title='bbox 1234 3977 1444 4056; x_wconf 77' lang='grc' dir='ltr'>ἀγαθῶν</span> <span class='ocrx_word' id='word_1_546' title='bbox 1476 3977 1790 4054; x_wconf 87' lang='grc' dir='ltr'>τιμιώτερον</span> 
     </span>
    </p>
   </div>
   <div class='ocr_carea' id='block_1_76' title="bbox 162 4061 1792 4147">
    <p class='ocr_par' dir='ltr' id='par_1_76' title="bbox 162 4061 1792 4147">
     <span class='ocr_line' id='line_1_77' title="bbox 162 4061 1792 4147; baseline 0.002 -30"><span class='ocrx_word' id='word_1_547' title='bbox 162 4061 297 4135; x_wconf 77' lang='grc' dir='ltr'>μήτε</span> <span class='ocrx_word' id='word_1_548' title='bbox 347 4068 458 4119; x_wconf 84' lang='grc' dir='ltr'><strong>τῶν</strong></span> <span class='ocrx_word' id='word_1_549' title='bbox 506 4062 767 4143; x_wconf 70' lang='grc' dir='ltr'>ἀλγεινῶν</span> <span class='ocrx_word' id='word_1_550' title='bbox 796 4067 1142 4147; x_wconf 75' lang='grc' dir='ltr'>ἰσχυρότερον</span> <span class='ocrx_word' id='word_1_551' title='bbox 1197 4072 1295 4135; x_wconf 78' lang='grc' dir='ltr'><strong>τῆς</strong></span> <span class='ocrx_word' id='word_1_552' title='bbox 1328 4069 1402 4132; x_wconf 82' lang='grc' dir='ltr'>εἰς</span> <span class='ocrx_word' id='word_1_553' title='bbox 1436 4068 1528 4123; x_wconf 75' lang='grc' dir='ltr'>τὸν</span> <span class='ocrx_word' id='word_1_554' title='bbox 1568 4067 1792 4145; x_wconf 85' lang='grc' dir='ltr'>Χριστὸν</span> 
     </span>
    </p>
   </div>
   <div class='ocr_carea' id='block_1_77' title="bbox 160 4148 1793 4236">
    <p class='ocr_par' dir='ltr' id='par_1_77' title="bbox 160 4148 1793 4236">
     <span class='ocr_line' id='line_1_78' title="bbox 160 4148 1793 4236; baseline 0.007 -32"><span class='ocrx_word' id='word_1_555' title='bbox 160 4148 400 4229; x_wconf 83' lang='grc' dir='ltr'>ἀγάπης.</span> <span class='ocrx_word' id='word_1_556' title='bbox 463 4153 637 4211; x_wconf 68' lang='grc' dir='ltr'>Ταῦτα</span> <span class='ocrx_word' id='word_1_557' title='bbox 689 4160 814 4213; x_wconf 76' lang='grc' dir='ltr'>εἷπε</span> <span class='ocrx_word' id='word_1_558' title='bbox 869 4159 958 4213; x_wconf 85' lang='grc' dir='ltr'><strong>καὶ</strong></span> <span class='ocrx_word' id='word_1_559' title='bbox 1015 4169 1135 4222; x_wconf 78' lang='grc' dir='ltr'>τοῖς</span> <span class='ocrx_word' id='word_1_560' title='bbox 1193 4156 1366 4236; x_wconf 73' lang='grc' dir='ltr'>ἔργοις</span> <span class='ocrx_word' id='word_1_561' title='bbox 1441 4156 1793 4235; x_wconf 79' lang='grc' dir='ltr'>ἐπεσφράγιζε</span> 
     </span>
    </p>
   </div>
   <div class='ocr_carea' id='block_1_78' title="bbox 160 4238 1792 4325">
    <p class='ocr_par' dir='ltr' id='par_1_78' title="bbox 160 4238 1792 4325">
     <span class='ocr_line' id='line_1_79' title="bbox 160 4238 1792 4325; baseline 0.004 -30"><span class='ocrx_word' id='word_1_562' title='bbox 160 4238 224 4296; x_wconf 77' lang='grc' dir='ltr'>τὰ</span> <span class='ocrx_word' id='word_1_563' title='bbox 283 4239 546 4320; x_wconf 83' lang='grc' dir='ltr'>λεχθέντα</span> <span class='ocrx_word' id='word_1_564' title='bbox 580 4263 595 4279; x_wconf 77' lang='grc' dir='ltr'><strong>ο</strong></span> <span class='ocrx_word' id='word_1_565' title='bbox 648 4245 764 4302; x_wconf 76' lang='grc' dir='ltr'>ἒπεὶ</span> <span class='ocrx_word' id='word_1_566' title='bbox 806 4245 906 4325; x_wconf 78' lang='grc' dir='ltr'>γὰρ</span> <span class='ocrx_word' id='word_1_567' title='bbox 951 4247 1081 4325; x_wconf 81' lang='grc' dir='ltr'>πρὸς</span> <span class='ocrx_word' id='word_1_568' title='bbox 1126 4247 1266 4322; x_wconf 81' lang='grc' dir='ltr'>αὒτῷ</span> <span class='ocrx_word' id='word_1_569' title='bbox 1318 4250 1395 4322; x_wconf 79' lang='grc' dir='ltr'><strong>τῷ</strong></span> <span class='ocrx_word' id='word_1_570' title='bbox 1455 4247 1604 4320; x_wconf 85' lang='grc' dir='ltr'>τόπῳ</span> <span class='ocrx_word' id='word_1_571' title='bbox 1654 4267 1792 4305; x_wconf 85' lang='grc' dir='ltr'>κατ-</span> 
     </span>
    </p>
   </div>
   <div class='ocr_carea' id='block_1_79' title="bbox 163 4327 1794 4414">
    <p class='ocr_par' dir='ltr' id='par_1_79' title="bbox 163 4327 1794 4414">
     <span class='ocr_line' id='line_1_80' title="bbox 163 4327 1794 4414; baseline 0.005 -31"><span class='ocrx_word' id='word_1_572' title='bbox 163 4327 316 4411; x_wconf 77' lang='grc' dir='ltr'>έστη,</span> <span class='ocrx_word' id='word_1_573' title='bbox 347 4329 470 4388; x_wconf 76' lang='grc' dir='ltr'>ἔνθα</span> <span class='ocrx_word' id='word_1_574' title='bbox 499 4330 602 4389; x_wconf 78' lang='grc' dir='ltr'>ἔδει</span> <span class='ocrx_word' id='word_1_575' title='bbox 661 4335 748 4391; x_wconf 83' lang='grc' dir='ltr'><strong>καὶ</strong></span> <span class='ocrx_word' id='word_1_576' title='bbox 799 4335 899 4404; x_wconf 78' lang='grc' dir='ltr'>τὴν</span> <span class='ocrx_word' id='word_1_577' title='bbox 960 4335 1229 4394; x_wconf 89' lang='grc' dir='ltr'>τελείωσιν</span> <span class='ocrx_word' id='word_1_578' title='bbox 1287 4334 1549 4410; x_wconf 83' lang='grc' dir='ltr'>δέξασθαι,</span> <span class='ocrx_word' id='word_1_579' title='bbox 1608 4341 1794 4414; x_wconf 83' lang='grc' dir='ltr'>πρῶτα</span> 
     </span>
    </p>
   </div>
   <div class='ocr_carea' id='block_1_80' title="bbox 127 4417 1795 4507">
    <p class='ocr_par' dir='ltr' id='par_1_80' title="bbox 127 4417 1795 4507">
     <span class='ocr_line' id='line_1_81' title="bbox 127 4417 1795 4507; baseline 0.002 -30"><span class='ocrx_word' id='word_1_580' title='bbox 127 4425 132 4434; x_wconf 88' lang='grc'><em>’</em></span> <span class='ocrx_word' id='word_1_581' title='bbox 166 4417 262 4477; x_wconf 75' lang='grc' dir='ltr'>μὲν</span> <span class='ocrx_word' id='word_1_582' title='bbox 318 4419 515 4490; x_wconf 60' lang='grc' dir='ltr'>ἑαυτὴν</span> <span class='ocrx_word' id='word_1_583' title='bbox 558 4422 850 4482; x_wconf 79' lang='grc' dir='ltr'>ἀντέτεινεν</span> <span class='ocrx_word' id='word_1_584' title='bbox 901 4426 974 4492; x_wconf 84' lang='grc' dir='ltr'>εἷς</span> <span class='ocrx_word' id='word_1_585' title='bbox 1021 4425 1190 4507; x_wconf 74' lang='grc' dir='ltr'>εὐχήν</span> <span class='ocrx_word' id='word_1_586' title='bbox 1224 4443 1242 4461; x_wconf 87' lang='grc'><strong>⁸</strong></span> <span class='ocrx_word' id='word_1_587' title='bbox 1288 4424 1472 4484; x_wconf 67' lang='grc' dir='ltr'>ἔπειτα</span> <span class='ocrx_word' id='word_1_588' title='bbox 1502 4424 1557 4482; x_wconf 77' lang='grc' dir='ltr'>δὲ</span> <span class='ocrx_word' id='word_1_589' title='bbox 1586 4425 1673 4482; x_wconf 84' lang='grc' dir='ltr'><strong>καὶ</strong></span> <span class='ocrx_word' id='word_1_590' title='bbox 1702 4425 1795 4481; x_wconf 77' lang='grc' dir='ltr'>τὸν</span> 
     </span>
    </p>
   </div>
   <div class='ocr_carea' id='block_1_81' title="bbox 1869 3437 3504 3518">
    <p class='ocr_par' dir='ltr' id='par_1_81' title="bbox 1869 3437 3504 3518">
     <span class='ocr_line' id='line_1_82' title="bbox 1869 3437 3504 3518; baseline -0.001 -16"><span class='ocrx_word' id='word_1_591' title='bbox 1869 3441 1958 3502; x_wconf 89' lang='lat' dir='ltr'><strong>sic</strong></span> <span class='ocrx_word' id='word_1_592' title='bbox 1984 3441 2321 3517; x_wconf 85' lang='lat' dir='ltr'><strong>confessus,</strong></span> <span class='ocrx_word' id='word_1_593' title='bbox 2355 3439 2578 3517; x_wconf 79' lang='lat' dir='ltr'><strong>aufugit</strong></span> <span class='ocrx_word' id='word_1_594' title='bbox 2611 3456 2624 3500; x_wconf 92' lang='lat'>:</span> <span class='ocrx_word' id='word_1_595' title='bbox 2659 3437 2918 3518; x_wconf 81' lang='lat' dir='ltr'><strong>gloriosa</strong></span> <span class='ocrx_word' id='word_1_596' title='bbox 2968 3455 3107 3500; x_wconf 91' lang='lat' dir='ltr'><strong>vero</strong></span> <span class='ocrx_word' id='word_1_597' title='bbox 3154 3439 3364 3500; x_wconf 83' lang='lat' dir='ltr'><strong>victrix</strong></span> <span class='ocrx_word' id='word_1_598' title='bbox 3392 3441 3504 3500; x_wconf 86' lang='lat' dir='ltr'><strong>Ju-</strong></span> 
     </span>
    </p>
   </div>
   <div class='ocr_carea' id='block_1_82' title="bbox 1870 3525 3508 3610">
    <p class='ocr_par' dir='ltr' id='par_1_82' title="bbox 1870 3525 3508 3610">
     <span class='ocr_line' id='line_1_83' title="bbox 1870 3525 3508 3610; baseline -0.001 -19"><span class='ocrx_word' id='word_1_599' title='bbox 1870 3529 2054 3610; x_wconf 90' lang='lat' dir='ltr'><strong>liana,</strong></span> <span class='ocrx_word' id='word_1_600' title='bbox 2117 3537 2392 3609; x_wconf 90' lang='lat' dir='ltr'><strong>tanquam</strong></span> <span class='ocrx_word' id='word_1_601' title='bbox 2447 3545 2568 3589; x_wconf 81' lang='lat' dir='ltr'><strong>non</strong></span> <span class='ocrx_word' id='word_1_602' title='bbox 2610 3526 2683 3587; x_wconf 86' lang='lat' dir='ltr'><strong>ad</strong></span> <span class='ocrx_word' id='word_1_603' title='bbox 2716 3533 2968 3586; x_wconf 90' lang='lat' dir='ltr'><strong>mortem</strong></span> <span class='ocrx_word' id='word_1_604' title='bbox 3001 3525 3346 3602; x_wconf 88' lang='lat' dir='ltr'><strong>duceretur,</strong></span> <span class='ocrx_word' id='word_1_605' title='bbox 3399 3526 3508 3589; x_wconf 88' lang='lat' dir='ltr'><strong>sed</strong></span> 
     </span>
    </p>
   </div>
   <div class='ocr_carea' id='block_1_83' title="bbox 1871 3613 3514 3701">
    <p class='ocr_par' dir='ltr' id='par_1_83' title="bbox 1871 3613 3514 3701">
     <span class='ocr_line' id='line_1_84' title="bbox 1871 3613 3514 3701; baseline -0.004 -19"><span class='ocrx_word' id='word_1_606' title='bbox 1871 3619 2070 3701; x_wconf 88' lang='lat' dir='ltr'><strong>potius</strong></span> <span class='ocrx_word' id='word_1_607' title='bbox 2123 3617 2196 3678; x_wconf 91' lang='lat' dir='ltr'><strong>ad</strong></span> <span class='ocrx_word' id='word_1_608' title='bbox 2249 3616 2608 3680; x_wconf 88' lang='lat' dir='ltr'><strong>solutionem</strong></span> <span class='ocrx_word' id='word_1_609' title='bbox 2671 3614 2900 3687; x_wconf 89' lang='lat' dir='ltr'><strong>mortis,</strong></span> <span class='ocrx_word' id='word_1_610' title='bbox 2953 3613 3300 3677; x_wconf 88' lang='lat' dir='ltr'><strong>ambulabat</strong></span> <span class='ocrx_word' id='word_1_611' title='bbox 3329 3615 3514 3678; x_wconf 90' lang='lat' dir='ltr'><strong>alacri</strong></span> 
     </span>
    </p>
   </div>
   <div class='ocr_carea' id='block_1_84' title="bbox 1871 3703 3508 3785">
    <p class='ocr_par' dir='ltr' id='par_1_84' title="bbox 1871 3703 3508 3785">
     <span class='ocr_line' id='line_1_85' title="bbox 1871 3703 3508 3785; baseline -0.004 -13"><span class='ocrx_word' id='word_1_612' title='bbox 1871 3709 2062 3782; x_wconf 86' lang='lat' dir='ltr'><strong>Vultu,</strong></span> <span class='ocrx_word' id='word_1_613' title='bbox 2098 3707 2250 3769; x_wconf 81' lang='lat' dir='ltr'><strong>laetis</strong></span> <span class='ocrx_word' id='word_1_614' title='bbox 2305 3706 2519 3780; x_wconf 87' lang='lat' dir='ltr'><strong>oculis,</strong></span> <span class='ocrx_word' id='word_1_615' title='bbox 2582 3713 2640 3766; x_wconf 89' lang='lat' dir='ltr'><strong>et</strong></span> <span class='ocrx_word' id='word_1_616' title='bbox 2691 3710 2906 3766; x_wconf 80' lang='lat' dir='ltr'><strong>animae</strong></span> <span class='ocrx_word' id='word_1_617' title='bbox 2952 3703 3247 3766; x_wconf 90' lang='lat' dir='ltr'><strong>internam</strong></span> <span class='ocrx_word' id='word_1_618' title='bbox 3304 3705 3508 3785; x_wconf 85' lang='lat' dir='ltr'><strong>expri-</strong></span> 
     </span>
    </p>
   </div>
   <div class='ocr_carea' id='block_1_85' title="bbox 1875 3794 3512 3876">
    <p class='ocr_par' dir='ltr' id='par_1_85' title="bbox 1875 3794 3512 3876">
     <span class='ocr_line' id='line_1_86' title="bbox 1875 3794 3512 3876; baseline -0.003 -15"><span class='ocrx_word' id='word_1_619' title='bbox 1875 3817 2044 3861; x_wconf 89' lang='lat' dir='ltr'><strong>mens</strong></span> <span class='ocrx_word' id='word_1_620' title='bbox 2078 3797 2455 3876; x_wconf 87' lang='lat' dir='ltr'><strong>voluptatem,</strong></span> <span class='ocrx_word' id='word_1_621' title='bbox 2492 3813 2624 3856; x_wconf 90' lang='lat' dir='ltr'><strong>cum</strong></span> <span class='ocrx_word' id='word_1_622' title='bbox 2687 3794 2759 3856; x_wconf 93' lang='lat' dir='ltr'><strong>iis</strong></span> <span class='ocrx_word' id='word_1_623' title='bbox 2814 3794 2919 3874; x_wconf 89' lang='lat' dir='ltr'><strong>qui</strong></span> <span class='ocrx_word' id='word_1_624' title='bbox 2973 3812 3106 3854; x_wconf 91' lang='lat' dir='ltr'><strong>cum</strong></span> <span class='ocrx_word' id='word_1_625' title='bbox 3141 3812 3211 3856; x_wconf 92' lang='lat' dir='ltr'><strong>ea</strong></span> <span class='ocrx_word' id='word_1_626' title='bbox 3237 3794 3512 3857; x_wconf 88' lang='lat' dir='ltr'><strong>ambula-</strong></span> 
     </span>
    </p>
   </div>
   <div class='ocr_carea' id='block_1_86' title="bbox 1873 3883 3511 3962">
    <p class='ocr_par' dir='ltr' id='par_1_86' title="bbox 1873 3883 3511 3962">
     <span class='ocr_line' id='line_1_87' title="bbox 1873 3883 3511 3962; baseline -0.003 -12"><span class='ocrx_word' id='word_1_627' title='bbox 1873 3888 2014 3950; x_wconf 91' lang='lat' dir='ltr'><strong>bant</strong></span> <span class='ocrx_word' id='word_1_628' title='bbox 2047 3886 2297 3948; x_wconf 89' lang='lat' dir='ltr'><strong>multum</strong></span> <span class='ocrx_word' id='word_1_629' title='bbox 2329 3885 2656 3959; x_wconf 88' lang='lat' dir='ltr'><strong>disserens,</strong></span> <span class='ocrx_word' id='word_1_630' title='bbox 2712 3893 2770 3944; x_wconf 92' lang='lat' dir='ltr'><strong>et</strong></span> <span class='ocrx_word' id='word_1_631' title='bbox 2828 3883 3228 3962; x_wconf 86' lang='lat' dir='ltr'><strong>persuadens,</strong></span> <span class='ocrx_word' id='word_1_632' title='bbox 3280 3884 3511 3946; x_wconf 91' lang='lat' dir='ltr'><strong>nullum</strong></span> 
     </span>
    </p>
   </div>
   <div class='ocr_carea' id='block_1_87' title="bbox 1877 3971 3512 4057">
    <p class='ocr_par' dir='ltr' id='par_1_87' title="bbox 1877 3971 3512 4057">
     <span class='ocr_line' id='line_1_88' title="bbox 1877 3971 3512 4057; baseline -0.003 -17"><span class='ocrx_word' id='word_1_633' title='bbox 1877 3995 2008 4041; x_wconf 89' lang='lat' dir='ltr'><strong>esse</strong></span> <span class='ocrx_word' id='word_1_634' title='bbox 2039 3993 2236 4057; x_wconf 88' lang='lat' dir='ltr'><strong>neque</strong></span> <span class='ocrx_word' id='word_1_635' title='bbox 2270 3992 2340 4036; x_wconf 83' lang='lat' dir='ltr'><strong>ex</strong></span> <span class='ocrx_word' id='word_1_636' title='bbox 2371 3973 2541 4034; x_wconf 88' lang='lat' dir='ltr'><strong>bonis</strong></span> <span class='ocrx_word' id='word_1_637' title='bbox 2588 3971 2984 4052; x_wconf 62' lang='lat' dir='ltr'><strong>praesentibus</strong></span> <span class='ocrx_word' id='word_1_638' title='bbox 3018 3973 3362 4052; x_wconf 88' lang='lat' dir='ltr'><strong>pretiosius,</strong></span> <span class='ocrx_word' id='word_1_639' title='bbox 3397 3993 3512 4036; x_wconf 88' lang='lat' dir='ltr'><strong>ne-</strong></span> 
     </span>
    </p>
   </div>
   <div class='ocr_carea' id='block_1_88' title="bbox 1877 4061 3506 4148">
    <p class='ocr_par' dir='ltr' id='par_1_88' title="bbox 1877 4061 3506 4148">
     <span class='ocr_line' id='line_1_89' title="bbox 1877 4061 3506 4148; baseline -0.001 -20"><span class='ocrx_word' id='word_1_640' title='bbox 1877 4085 1992 4148; x_wconf 90' lang='lat' dir='ltr'><strong>que</strong></span> <span class='ocrx_word' id='word_1_641' title='bbox 2023 4085 2092 4128; x_wconf 87' lang='lat' dir='ltr'><strong>ex</strong></span> <span class='ocrx_word' id='word_1_642' title='bbox 2125 4063 2392 4126; x_wconf 85' lang='lat' dir='ltr'><strong>tristibus</strong></span> <span class='ocrx_word' id='word_1_643' title='bbox 2423 4061 2675 4124; x_wconf 89' lang='lat' dir='ltr'><strong>validius</strong></span> <span class='ocrx_word' id='word_1_644' title='bbox 2706 4061 3031 4123; x_wconf 88' lang='lat' dir='ltr'><strong>dilectione</strong></span> <span class='ocrx_word' id='word_1_645' title='bbox 3060 4061 3123 4122; x_wconf 91' lang='lat' dir='ltr'><strong>in</strong></span> <span class='ocrx_word' id='word_1_646' title='bbox 3179 4061 3506 4127; x_wconf 87' lang='lat' dir='ltr'><strong>Christum.</strong></span> 
     </span>
    </p>
   </div>
   <div class='ocr_carea' id='block_1_89' title="bbox 1875 4150 3512 4231">
    <p class='ocr_par' dir='ltr' id='par_1_89' title="bbox 1875 4150 3512 4231">
     <span class='ocr_line' id='line_1_90' title="bbox 1875 4150 3512 4231; baseline -0.002 -12"><span class='ocrx_word' id='word_1_647' title='bbox 1875 4156 2015 4220; x_wconf 68' lang='lat' dir='ltr'><strong>Hmc</strong></span> <span class='ocrx_word' id='word_1_648' title='bbox 2045 4155 2212 4229; x_wconf 85' lang='lat' dir='ltr'><strong>dixit,</strong></span> <span class='ocrx_word' id='word_1_649' title='bbox 2247 4162 2304 4214; x_wconf 90' lang='lat' dir='ltr'><strong>et</strong></span> <span class='ocrx_word' id='word_1_650' title='bbox 2334 4151 2506 4214; x_wconf 85' lang='lat' dir='ltr'><strong>factis</strong></span> <span class='ocrx_word' id='word_1_651' title='bbox 2537 4151 2684 4231; x_wconf 88' lang='lat' dir='ltr'><strong>ipsis</strong></span> <span class='ocrx_word' id='word_1_652' title='bbox 2735 4150 3071 4229; x_wconf 80' lang='lat' dir='ltr'><strong>obsignavit</strong></span> <span class='ocrx_word' id='word_1_653' title='bbox 3101 4169 3231 4230; x_wconf 63' lang='lat' dir='ltr'><strong>qum</strong></span> <span class='ocrx_word' id='word_1_654' title='bbox 3256 4150 3512 4215; x_wconf 84' lang='lat' dir='ltr'><strong>dixerat.</strong></span> 
     </span>
    </p>
   </div>
   <div class='ocr_carea' id='block_1_90' title="bbox 1878 4239 3513 4325">
    <p class='ocr_par' dir='ltr' id='par_1_90' title="bbox 1878 4239 3513 4325">
     <span class='ocr_line' id='line_1_91' title="bbox 1878 4239 3513 4325; baseline -0.005 -16"><span class='ocrx_word' id='word_1_655' title='bbox 1878 4250 2198 4325; x_wconf 89' lang='lat' dir='ltr'><strong>Postquam</strong></span> <span class='ocrx_word' id='word_1_656' title='bbox 2233 4242 2393 4305; x_wconf 90' lang='lat' dir='ltr'><strong>enim</strong></span> <span class='ocrx_word' id='word_1_657' title='bbox 2426 4240 2537 4302; x_wconf 87' lang='lat' dir='ltr'><strong>fuit</strong></span> <span class='ocrx_word' id='word_1_658' title='bbox 2565 4241 2628 4301; x_wconf 92' lang='lat' dir='ltr'><strong>in</strong></span> <span class='ocrx_word' id='word_1_659' title='bbox 2656 4259 2726 4301; x_wconf 91' lang='lat' dir='ltr'><strong>eo</strong></span> <span class='ocrx_word' id='word_1_660' title='bbox 2751 4239 2882 4302; x_wconf 92' lang='lat' dir='ltr'><strong>loco</strong></span> <span class='ocrx_word' id='word_1_661' title='bbox 2911 4239 3012 4302; x_wconf 92' lang='lat' dir='ltr'><strong>ubi</strong></span> <span class='ocrx_word' id='word_1_662' title='bbox 3037 4239 3350 4320; x_wconf 89' lang='lat' dir='ltr'><strong>oportebat</strong></span> <span class='ocrx_word' id='word_1_663' title='bbox 3381 4258 3513 4303; x_wconf 88' lang='lat' dir='ltr'><strong>eam</strong></span> 
     </span>
    </p>
   </div>
   <div class='ocr_carea' id='block_1_91' title="bbox 1877 4329 3515 4416">
    <p class='ocr_par' dir='ltr' id='par_1_91' title="bbox 1877 4329 3515 4416">
     <span class='ocr_line' id='line_1_92' title="bbox 1877 4329 3515 4416; baseline -0.002 -19"><span class='ocrx_word' id='word_1_664' title='bbox 1877 4335 2154 4416; x_wconf 89' lang='lat' dir='ltr'><strong>accipere</strong></span> <span class='ocrx_word' id='word_1_665' title='bbox 2211 4329 2818 4405; x_wconf 89' lang='lat' dir='ltr'><strong>consummationem,</strong></span> <span class='ocrx_word' id='word_1_666' title='bbox 2883 4329 3139 4410; x_wconf 91' lang='lat' dir='ltr'><strong>primum</strong></span> <span class='ocrx_word' id='word_1_667' title='bbox 3172 4329 3416 4407; x_wconf 91' lang='lat' dir='ltr'><strong>quidem</strong></span> <span class='ocrx_word' id='word_1_668' title='bbox 3449 4346 3515 4393; x_wconf 87' lang='lat' dir='ltr'><strong>se</strong></span> 
     </span>
    </p>
   </div>
   <div class='ocr_carea' id='block_1_92' title="bbox 1880 4417 3520 4495">
    <p class='ocr_par' dir='ltr' id='par_1_92' title="bbox 1880 4417 3520 4495">
     <span class='ocr_line' id='line_1_93' title="bbox 1880 4417 3520 4495; baseline -0.004 -7"><span class='ocrx_word' id='word_1_669' title='bbox 1880 4425 2074 4488; x_wconf 82' lang='lat' dir='ltr'><strong>erexit</strong></span> <span class='ocrx_word' id='word_1_670' title='bbox 2101 4422 2176 4487; x_wconf 92' lang='lat' dir='ltr'><strong>ad</strong></span> <span class='ocrx_word' id='word_1_671' title='bbox 2201 4421 2561 4495; x_wconf 84' lang='lat' dir='ltr'><strong>orationem,</strong></span> <span class='ocrx_word' id='word_1_672' title='bbox 2596 4419 2820 4482; x_wconf 89' lang='lat' dir='ltr'><strong>deinde</strong></span> <span class='ocrx_word' id='word_1_673' title='bbox 2870 4426 2930 4480; x_wconf 92' lang='lat' dir='ltr'><strong>et</strong></span> <span class='ocrx_word' id='word_1_674' title='bbox 2958 4418 3179 4481; x_wconf 88' lang='lat' dir='ltr'><strong>collum</strong></span> <span class='ocrx_word' id='word_1_675' title='bbox 3210 4417 3520 4481; x_wconf 85' lang='lat' dir='ltr'><strong>inclinavit</strong></span> 
     </span>
    </p>
   </div>
   <div class='ocr_carea' id='block_1_93' title="bbox 171 4505 1789 4597">
    <p class='ocr_par' dir='ltr' id='par_1_93' title="bbox 171 4505 1789 4594">
     <span class='ocr_line' id='line_1_94' title="bbox 171 4505 1789 4594; baseline 0.007 -34"><span class='ocrx_word' id='word_1_676' title='bbox 171 4506 368 4587; x_wconf 71' lang='grc' dir='ltr'>αὐχένα</span> <span class='ocrx_word' id='word_1_677' title='bbox 426 4513 557 4590; x_wconf 82' lang='grc' dir='ltr'>πρὸς</span> <span class='ocrx_word' id='word_1_678' title='bbox 608 4513 820 4594; x_wconf 76' lang='grc' dir='ltr'>σφαγὴν</span> <span class='ocrx_word' id='word_1_679' title='bbox 861 4512 1059 4591; x_wconf 73' lang='grc' dir='ltr'>ἔκλινε,</span> <span class='ocrx_word' id='word_1_680' title='bbox 1084 4505 1188 4584; x_wconf 75' lang='grc' dir='ltr'>τὴν</span> <span class='ocrx_word' id='word_1_681' title='bbox 1217 4515 1382 4585; x_wconf 63' lang='grc' dir='ltr'>αὐτὴν</span> <span class='ocrx_word' id='word_1_682' title='bbox 1411 4515 1654 4588; x_wconf 84' lang='grc' dir='ltr'>σώζουσα</span> <span class='ocrx_word' id='word_1_683' title='bbox 1695 4519 1789 4582; x_wconf 78' lang='grc' dir='ltr'>τῆς</span> 
     </span>
    </p>
   </div>
   <div class='ocr_carea' id='block_1_94' title="bbox 1912 4505 3519 4597">
    <p class='ocr_par' dir='ltr' id='par_1_94' title="bbox 1912 4505 3519 4597">
     <span class='ocr_line' id='line_1_95' title="bbox 1912 4505 3519 4597; baseline -0.005 -20"><span class='ocrx_word' id='word_1_684' title='bbox 1912 4533 1943 4577; x_wconf 89' lang='grc' dir='ltr'><strong>ιι</strong></span> <span class='ocrx_word' id='word_1_685' title='bbox 1975 4512 2226 4588; x_wconf 55' lang='lat' dir='ltr'><strong>caedem,</strong></span> <span class='ocrx_word' id='word_1_686' title='bbox 2257 4509 2535 4573; x_wconf 87' lang='lat' dir='ltr'><strong>eamdem</strong></span> <span class='ocrx_word' id='word_1_687' title='bbox 2583 4525 2836 4571; x_wconf 86' lang='lat' dir='ltr'><strong>servans</strong></span> <span class='ocrx_word' id='word_1_688' title='bbox 2893 4505 3079 4597; x_wconf 87' lang='lat' dir='ltr'><strong>animi</strong></span> <span class='ocrx_word' id='word_1_689' title='bbox 3133 4506 3423 4583; x_wconf 67' lang='lat' dir='ltr'><strong>laetitiam,</strong></span> <span class='ocrx_word' id='word_1_690' title='bbox 3458 4515 3519 4571; x_wconf 89' lang='lat' dir='ltr'><strong>et</strong></span> 
     </span>
    </p>
   </div>
   <div class='ocr_carea' id='block_1_95' title="bbox 167 4599 1792 4685">
    <p class='ocr_par' dir='ltr' id='par_1_95' title="bbox 167 4599 1792 4685">
     <span class='ocr_line' id='line_1_96' title="bbox 167 4599 1792 4685; baseline -0.006 -15"><span class='ocrx_word' id='word_1_691' title='bbox 167 4599 354 4679; x_wconf 71' lang='grc' dir='ltr'>ψυχῆς</span> <span class='ocrx_word' id='word_1_692' title='bbox 413 4603 736 4682; x_wconf 71' lang='grc' dir='ltr'>εὐφροσύνην</span> <span class='ocrx_word' id='word_1_693' title='bbox 793 4605 880 4663; x_wconf 76' lang='grc' dir='ltr'>καὶ</span> <span class='ocrx_word' id='word_1_694' title='bbox 929 4604 1096 4683; x_wconf 79' lang='grc' dir='ltr'>μηδὲν</span> <span class='ocrx_word' id='word_1_695' title='bbox 1162 4603 1301 4670; x_wconf 79' lang='grc' dir='ltr'>ὅλως</span> <span class='ocrx_word' id='word_1_696' title='bbox 1349 4605 1596 4685; x_wconf 72' lang='grc' dir='ltr'>κατηφὴς</span> <span class='ocrx_word' id='word_1_697' title='bbox 1657 4605 1792 4663; x_wconf 77' lang='grc' dir='ltr'>ὕπο-</span> 
     </span>
    </p>
   </div>
   <div class='ocr_carea' id='block_1_96' title="bbox 165 4689 1792 4776">
    <p class='ocr_par' dir='ltr' id='par_1_96' title="bbox 165 4689 1792 4776">
     <span class='ocr_line' id='line_1_97' title="bbox 165 4689 1792 4776; baseline 0.006 -33"><span class='ocrx_word' id='word_1_698' title='bbox 165 4689 416 4763; x_wconf 77' lang='grc' dir='ltr'>φαίνουσα</span> <span class='ocrx_word' id='word_1_699' title='bbox 473 4694 561 4751; x_wconf 84' lang='grc' dir='ltr'><strong>καὶ</strong></span> <span class='ocrx_word' id='word_1_700' title='bbox 619 4691 756 4753; x_wconf 73' lang='grc' dir='ltr'>οὕτω</span> <span class='ocrx_word' id='word_1_701' title='bbox 804 4694 904 4764; x_wconf 79' lang='grc' dir='ltr'><strong>τὴν</strong></span> <span class='ocrx_word' id='word_1_702' title='bbox 955 4695 1228 4776; x_wconf 76' lang='grc' dir='ltr'>νικοφόρον</span> <span class='ocrx_word' id='word_1_703' title='bbox 1281 4695 1638 4773; x_wconf 75' lang='grc' dir='ltr'>ἀποτέμνεται</span> <span class='ocrx_word' id='word_1_704' title='bbox 1695 4717 1792 4754; x_wconf 85' lang='grc' dir='ltr'>κε-</span> 
     </span>
    </p>
   </div>
   <div class='ocr_carea' id='block_1_97' title="bbox 161 4782 357 4862">
    <p class='ocr_par' dir='ltr' id='par_1_97' title="bbox 161 4782 357 4862">
     <span class='ocr_line' id='line_1_98' title="bbox 161 4782 357 4862; baseline 0.015 -22"><span class='ocrx_word' id='word_1_705' title='bbox 161 4782 357 4862; x_wconf 71' lang='grc' dir='ltr'>φαλήν,</span> 
     </span>
    </p>
   </div>
   <div class='ocr_carea' id='block_1_98' title="bbox 248 4875 1792 4959">
    <p class='ocr_par' dir='ltr' id='par_1_98' title="bbox 248 4875 1792 4959">
     <span class='ocr_line' id='line_1_99' title="bbox 248 4875 1792 4959; baseline 0.002 -28"><span class='ocrx_word' id='word_1_706' title='bbox 248 4875 362 4938; x_wconf 84' lang='grc' dir='ltr'><strong>ῐΕ.’.</strong></span> <span class='ocrx_word' id='word_1_707' title='bbox 397 4877 536 4946; x_wconf 74' lang='grc' dir='ltr'>Γυνὴ</span> <span class='ocrx_word' id='word_1_708' title='bbox 567 4875 622 4934; x_wconf 87' lang='grc' dir='ltr'><strong>δέ</strong></span> <span class='ocrx_word' id='word_1_709' title='bbox 663 4895 743 4944; x_wconf 85' lang='grc' dir='ltr'><strong>τις</strong></span> <span class='ocrx_word' id='word_1_710' title='bbox 772 4877 938 4959; x_wconf 80' lang='grc' dir='ltr'>Σοφία</span> <span class='ocrx_word' id='word_1_711' title='bbox 968 4876 1198 4954; x_wconf 71' lang='grc' dir='ltr'>τοῧνομα</span> <span class='ocrx_word' id='word_1_712' title='bbox 1244 4877 1381 4936; x_wconf 88' lang='grc' dir='ltr'>κατά</span> <span class='ocrx_word' id='word_1_713' title='bbox 1425 4898 1543 4934; x_wconf 88' lang='grc' dir='ltr'>τινα</span> <span class='ocrx_word' id='word_1_714' title='bbox 1602 4899 1792 4935; x_wconf 90' lang='grc' dir='ltr'>συντυ-</span> 
     </span>
    </p>
   </div>
   <div class='ocr_carea' id='block_1_99' title="bbox 170 4963 1796 5049">
    <p class='ocr_par' dir='ltr' id='par_1_99' title="bbox 170 4963 1796 5049">
     <span class='ocr_line' id='line_1_100' title="bbox 170 4963 1796 5049; baseline 0.004 -31"><span class='ocrx_word' id='word_1_715' title='bbox 170 4963 296 5043; x_wconf 87' lang='grc' dir='ltr'>χίαν</span> <span class='ocrx_word' id='word_1_716' title='bbox 327 4966 428 5036; x_wconf 67' lang='grc' dir='ltr'>τήν</span> <span class='ocrx_word' id='word_1_717' title='bbox 460 4967 796 5046; x_wconf 72' lang='grc' dir='ltr'>Νικομήδους</span> <span class='ocrx_word' id='word_1_718' title='bbox 826 4968 946 5049; x_wconf 84' lang='grc' dir='ltr'>τότε</span> <span class='ocrx_word' id='word_1_719' title='bbox 991 4966 1312 5049; x_wconf 85' lang='grc' dir='ltr'>διερχομένη</span> <span class='ocrx_word' id='word_1_720' title='bbox 1363 4968 1453 5025; x_wconf 84' lang='grc' dir='ltr'><strong>καὶ</strong></span> <span class='ocrx_word' id='word_1_721' title='bbox 1509 4968 1640 5047; x_wconf 83' lang='grc' dir='ltr'>πρὸς</span> <span class='ocrx_word' id='word_1_722' title='bbox 1698 4968 1796 5035; x_wconf 81' lang='grc' dir='ltr'><strong>τὴν</strong></span> 
     </span>
    </p>
   </div>
   <div class='ocr_carea' id='block_1_100' title="bbox 175 5048 1795 5139">
    <p class='ocr_par' dir='ltr' id='par_1_100' title="bbox 175 5048 1795 5139">
     <span class='ocr_line' id='line_1_101' title="bbox 175 5048 1795 5139; baseline 0.002 -30"><span class='ocrx_word' id='word_1_723' title='bbox 175 5053 539 5134; x_wconf 82' lang='grc' dir='ltr'>μεγαλόπολιν</span> <span class='ocrx_word' id='word_1_724' title='bbox 594 5057 822 5117; x_wconf 81' lang='grc' dir='ltr'>ἀπιοῦσα</span> <span class='ocrx_word' id='word_1_725' title='bbox 882 5048 1140 5139; x_wconf 68' lang='grc' dir='ltr'>Ῥώμην,</span> <span class='ocrx_word' id='word_1_726' title='bbox 1178 5060 1239 5115; x_wconf 84' lang='grc' dir='ltr'>τὸ</span> <span class='ocrx_word' id='word_1_727' title='bbox 1287 5059 1424 5134; x_wconf 78' lang='grc' dir='ltr'>ἱερὸν</span> <span class='ocrx_word' id='word_1_728' title='bbox 1468 5057 1645 5115; x_wconf 77' lang='grc' dir='ltr'>ἐκεῖνο</span> <span class='ocrx_word' id='word_1_729' title='bbox 1680 5054 1795 5134; x_wconf 87' lang='grc' dir='ltr'>μεθ’</span> 
     </span>
    </p>
   </div>
   <div class='ocr_carea' id='block_1_101' title="bbox 173 5141 1797 5226">
    <p class='ocr_par' dir='ltr' id='par_1_101' title="bbox 173 5141 1797 5226">
     <span class='ocr_line' id='line_1_102' title="bbox 173 5141 1797 5226; baseline 0.002 -27"><span class='ocrx_word' id='word_1_730' title='bbox 173 5141 366 5214; x_wconf 77' lang='grc' dir='ltr'>ἑαυτῆς</span> <span class='ocrx_word' id='word_1_731' title='bbox 410 5143 671 5226; x_wconf 85' lang='grc' dir='ltr'>λαμϐάνει</span> <span class='ocrx_word' id='word_1_732' title='bbox 730 5147 1006 5226; x_wconf 78' lang='grc' dir='ltr'>λείψανον,</span> <span class='ocrx_word' id='word_1_733' title='bbox 1058 5150 1145 5206; x_wconf 81' lang='grc' dir='ltr'><strong>καὶ</strong></span> <span class='ocrx_word' id='word_1_734' title='bbox 1188 5145 1372 5206; x_wconf 62' lang='grc' dir='ltr'>οἴκαδε</span> <span class='ocrx_word' id='word_1_735' title='bbox 1428 5146 1482 5205; x_wconf 76' lang='grc' dir='ltr'>δὲ</span> <span class='ocrx_word' id='word_1_736' title='bbox 1511 5150 1666 5207; x_wconf 77' lang='grc' dir='ltr'>τοῦτο</span> <span class='ocrx_word' id='word_1_737' title='bbox 1697 5167 1797 5204; x_wconf 91' lang='grc' dir='ltr'>κο-</span> 
     </span>
    </p>
   </div>
   <div class='ocr_carea' id='block_1_102' title="bbox 179 5233 1799 5320">
    <p class='ocr_par' dir='ltr' id='par_1_102' title="bbox 179 5233 1799 5320">
     <span class='ocr_line' id='line_1_103' title="bbox 179 5233 1799 5320; baseline 0.002 -31"><span class='ocrx_word' id='word_1_738' title='bbox 179 5233 400 5314; x_wconf 86' lang='grc' dir='ltr'>μίσασα,</span> <span class='ocrx_word' id='word_1_739' title='bbox 459 5239 583 5297; x_wconf 77' lang='grc' dir='ltr'>ναὸν</span> <span class='ocrx_word' id='word_1_740' title='bbox 659 5238 726 5307; x_wconf 75' lang='grc' dir='ltr'>τῆ</span> <span class='ocrx_word' id='word_1_741' title='bbox 771 5239 991 5320; x_wconf 76' lang='grc' dir='ltr'>μάρτυρι</span> <span class='ocrx_word' id='word_1_742' title='bbox 1029 5245 1136 5297; x_wconf 83' lang='grc' dir='ltr'><strong>τῶν</strong></span> <span class='ocrx_word' id='word_1_743' title='bbox 1179 5237 1351 5297; x_wconf 71' lang='grc' dir='ltr'>ἄθλων</span> <span class='ocrx_word' id='word_1_744' title='bbox 1392 5235 1534 5304; x_wconf 78' lang='grc' dir='ltr'>ἄξιον</span> <span class='ocrx_word' id='word_1_745' title='bbox 1588 5237 1799 5316; x_wconf 85' lang='grc' dir='ltr'>ἀνεγεί-</span> 
     </span>
    </p>
   </div>
   <div class='ocr_carea' id='block_1_103' title="bbox 171 5326 1799 5409">
    <p class='ocr_par' dir='ltr' id='par_1_103' title="bbox 171 5326 1799 5409">
     <span class='ocr_line' id='line_1_104' title="bbox 171 5326 1799 5409; baseline 0.002 -28"><span class='ocrx_word' id='word_1_746' title='bbox 171 5345 270 5404; x_wconf 81' lang='grc' dir='ltr'>ρει,</span> <span class='ocrx_word' id='word_1_747' title='bbox 305 5328 437 5385; x_wconf 84' lang='grc' dir='ltr'><strong>Μετ’</strong></span> <span class='ocrx_word' id='word_1_748' title='bbox 471 5332 531 5387; x_wconf 76' lang='grc' dir='ltr'><strong>οὒ</strong></span> <span class='ocrx_word' id='word_1_749' title='bbox 561 5329 696 5387; x_wconf 80' lang='grc' dir='ltr'>πολὺ</span> <span class='ocrx_word' id='word_1_750' title='bbox 745 5329 834 5386; x_wconf 83' lang='grc' dir='ltr'><strong>καὶ</strong></span> <span class='ocrx_word' id='word_1_751' title='bbox 892 5331 920 5386; x_wconf 83' lang='grc' dir='ltr'>ὁ</span> <span class='ocrx_word' id='word_1_752' title='bbox 967 5330 1156 5409; x_wconf 80' lang='grc' dir='ltr'>μιαρὸς</span> <span class='ocrx_word' id='word_1_753' title='bbox 1197 5326 1470 5393; x_wconf 83' lang='grc' dir='ltr'>Ἐλεύσιος</span> <span class='ocrx_word' id='word_1_754' title='bbox 1499 5329 1596 5397; x_wconf 75' lang='grc' dir='ltr'>τῆς</span> <span class='ocrx_word' id='word_1_755' title='bbox 1627 5350 1799 5407; x_wconf 90' lang='grc' dir='ltr'>προσ-</span> 
     </span>
    </p>
   </div>
   <div class='ocr_carea' id='block_1_104' title="bbox 171 5415 1800 5498">
    <p class='ocr_par' dir='ltr' id='par_1_104' title="bbox 171 5415 1800 5498">
     <span class='ocr_line' id='line_1_105' title="bbox 171 5415 1800 5498; baseline -0.004 -18"><span class='ocrx_word' id='word_1_756' title='bbox 171 5415 408 5485; x_wconf 79' lang='grc' dir='ltr'>ηκούσης</span> <span class='ocrx_word' id='word_1_757' title='bbox 454 5419 595 5494; x_wconf 77' lang='grc' dir='ltr'>αὖτῷ</span> <span class='ocrx_word' id='word_1_758' title='bbox 650 5418 801 5487; x_wconf 78' lang='grc' dir='ltr'>δίιιης</span> <span class='ocrx_word' id='word_1_759' title='bbox 859 5418 1224 5498; x_wconf 77' lang='grc' dir='ltr'>παραπολαύέι</span> <span class='ocrx_word' id='word_1_760' title='bbox 1262 5438 1278 5456; x_wconf 79' lang='grc' dir='ltr'><strong><em>ο</em></strong></span> <span class='ocrx_word' id='word_1_761' title='bbox 1340 5417 1568 5477; x_wconf 87' lang='grc' dir='ltr'>πλέοντα</span> <span class='ocrx_word' id='word_1_762' title='bbox 1614 5417 1714 5496; x_wconf 80' lang='grc' dir='ltr'>γὰρ</span> <span class='ocrx_word' id='word_1_763' title='bbox 1744 5417 1800 5474; x_wconf 78' lang='grc' dir='ltr'>ἐν</span> 
     </span>
    </p>
   </div>
   <div class='ocr_carea' id='block_1_105' title="bbox 1881 4596 3520 4679">
    <p class='ocr_par' dir='ltr' id='par_1_105' title="bbox 1881 4596 3520 4679">
     <span class='ocr_line' id='line_1_106' title="bbox 1881 4596 3520 4679; baseline -0.004 -12"><span class='ocrx_word' id='word_1_764' title='bbox 1881 4603 2033 4667; x_wconf 88' lang='lat' dir='ltr'><strong>nihil</strong></span> <span class='ocrx_word' id='word_1_765' title='bbox 2065 4604 2307 4665; x_wconf 89' lang='lat' dir='ltr'><strong>omnino</strong></span> <span class='ocrx_word' id='word_1_766' title='bbox 2339 4598 2510 4662; x_wconf 88' lang='lat' dir='ltr'><strong>triste</strong></span> <span class='ocrx_word' id='word_1_767' title='bbox 2539 4597 2888 4662; x_wconf 87' lang='lat' dir='ltr'><strong>ostendens.</strong></span> <span class='ocrx_word' id='word_1_768' title='bbox 2915 4596 3001 4660; x_wconf 88' lang='lat' dir='ltr'><strong>Ita</strong></span> <span class='ocrx_word' id='word_1_769' title='bbox 3020 4596 3267 4661; x_wconf 85' lang='lat' dir='ltr'><strong>victoria</strong></span> <span class='ocrx_word' id='word_1_770' title='bbox 3296 4597 3520 4679; x_wconf 82' lang='lat' dir='ltr'><strong>insigni</strong></span> 
     </span>
    </p>
   </div>
   <div class='ocr_carea' id='block_1_106' title="bbox 1880 4695 2538 4776">
    <p class='ocr_par' dir='ltr' id='par_1_106' title="bbox 1880 4695 2538 4776">
     <span class='ocr_line' id='line_1_107' title="bbox 1880 4695 2538 4776; baseline -0.009 -17"><span class='ocrx_word' id='word_1_771' title='bbox 1880 4695 1937 4760; x_wconf 92' lang='lat' dir='ltr'><strong>ei</strong></span> <span class='ocrx_word' id='word_1_772' title='bbox 1970 4701 2146 4776; x_wconf 90' lang='lat' dir='ltr'><strong>caput</strong></span> <span class='ocrx_word' id='word_1_773' title='bbox 2175 4698 2538 4774; x_wconf 89' lang='lat' dir='ltr'><strong>amputatur.</strong></span> 
     </span>
    </p>
   </div>
   <div class='ocr_carea' id='block_1_107' title="bbox 1959 4863 3526 4950">
    <p class='ocr_par' dir='ltr' id='par_1_107' title="bbox 1959 4863 3526 4950">
     <span class='ocr_line' id='line_1_108' title="bbox 1959 4863 3526 4950; baseline -0.004 -12"><span class='ocrx_word' id='word_1_774' title='bbox 1959 4871 2310 4938; x_wconf 87' lang='lat' dir='ltr'><strong>XV.Mulier</strong></span> <span class='ocrx_word' id='word_1_775' title='bbox 2323 4877 2521 4932; x_wconf 90' lang='lat' dir='ltr'><strong>autem</strong></span> <span class='ocrx_word' id='word_1_776' title='bbox 2546 4864 3095 4950; x_wconf 67' lang='lat' dir='ltr'><strong>quaedam,nomine</strong></span> <span class='ocrx_word' id='word_1_777' title='bbox 3116 4863 3526 4948; x_wconf 85' lang='lat' dir='ltr'><strong>Sophia,forte</strong></span> 
     </span>
    </p>
   </div>
   <div class='ocr_carea' id='block_1_108' title="bbox 1879 4953 3520 5037">
    <p class='ocr_par' dir='ltr' id='par_1_108' title="bbox 1879 4953 3520 5037">
     <span class='ocr_line' id='line_1_109' title="bbox 1879 4953 3520 5037; baseline -0.005 -8"><span class='ocrx_word' id='word_1_778' title='bbox 1879 4966 2116 5029; x_wconf 87' lang='lat' dir='ltr'><strong>fortuna</strong></span> <span class='ocrx_word' id='word_1_779' title='bbox 2135 4969 2277 5023; x_wconf 91' lang='lat' dir='ltr'><strong>tunc</strong></span> <span class='ocrx_word' id='word_1_780' title='bbox 2300 4958 2602 5022; x_wconf 90' lang='lat' dir='ltr'><strong>transiens</strong></span> <span class='ocrx_word' id='word_1_781' title='bbox 2623 4953 3132 5032; x_wconf 91' lang='lat' dir='ltr'><strong>Nicomediam,et</strong></span> <span class='ocrx_word' id='word_1_782' title='bbox 3153 4956 3227 5018; x_wconf 89' lang='lat' dir='ltr'><strong>ad</strong></span> <span class='ocrx_word' id='word_1_783' title='bbox 3247 4975 3520 5037; x_wconf 83' lang='lat' dir='ltr'><strong>magnam</strong></span> 
     </span>
    </p>
   </div>
   <div class='ocr_carea' id='block_1_109' title="bbox 1880 5044 3523 5134">
    <p class='ocr_par' dir='ltr' id='par_1_109' title="bbox 1880 5044 3523 5134">
     <span class='ocr_line' id='line_1_110' title="bbox 1880 5044 3523 5134; baseline -0.005 -15"><span class='ocrx_word' id='word_1_784' title='bbox 1880 5054 2090 5118; x_wconf 91' lang='lat' dir='ltr'><strong>urbem</strong></span> <span class='ocrx_word' id='word_1_785' title='bbox 2113 5051 2510 5134; x_wconf 83' lang='lat' dir='ltr'><strong>proficiscens</strong></span> <span class='ocrx_word' id='word_1_786' title='bbox 2529 5044 2947 5120; x_wconf 84' lang='lat' dir='ltr'><strong>Romam,illas</strong></span> <span class='ocrx_word' id='word_1_787' title='bbox 2969 5062 3167 5108; x_wconf 88' lang='lat' dir='ltr'><strong>sacras</strong></span> <span class='ocrx_word' id='word_1_788' title='bbox 3188 5063 3392 5109; x_wconf 89' lang='lat' dir='ltr'><strong>secum</strong></span> <span class='ocrx_word' id='word_1_789' title='bbox 3423 5067 3523 5111; x_wconf 83' lang='lat' dir='ltr'><strong>ac-</strong></span> 
     </span>
    </p>
   </div>
   <div class='ocr_carea' id='block_1_110' title="bbox 1882 5136 3525 5226">
    <p class='ocr_par' dir='ltr' id='par_1_110' title="bbox 1882 5136 3525 5226">
     <span class='ocr_line' id='line_1_111' title="bbox 1882 5136 3525 5226; baseline -0.004 -19"><span class='ocrx_word' id='word_1_790' title='bbox 1882 5143 2027 5226; x_wconf 87' lang='lat' dir='ltr'><strong>cipit</strong></span> <span class='ocrx_word' id='word_1_791' title='bbox 2057 5139 2382 5222; x_wconf 89' lang='lat' dir='ltr'><strong>reliquias:</strong></span> <span class='ocrx_word' id='word_1_792' title='bbox 2441 5154 2662 5214; x_wconf 91' lang='lat' dir='ltr'><strong>easque</strong></span> <span class='ocrx_word' id='word_1_793' title='bbox 2707 5136 2949 5226; x_wconf 89' lang='lat' dir='ltr'><strong>domum</strong></span> <span class='ocrx_word' id='word_1_794' title='bbox 3005 5141 3269 5226; x_wconf 82' lang='lat' dir='ltr'><strong>portans,</strong></span> <span class='ocrx_word' id='word_1_795' title='bbox 3304 5138 3525 5200; x_wconf 88' lang='lat' dir='ltr'><strong>excitat</strong></span> 
     </span>
    </p>
   </div>
   <div class='ocr_carea' id='block_1_111' title="bbox 1883 5224 3521 5313">
    <p class='ocr_par' dir='ltr' id='par_1_111' title="bbox 1883 5224 3521 5313">
     <span class='ocr_line' id='line_1_112' title="bbox 1883 5224 3521 5313; baseline -0.005 -16"><span class='ocrx_word' id='word_1_796' title='bbox 1883 5224 2126 5313; x_wconf 83' lang='lat' dir='ltr'><strong>martyri</strong></span> <span class='ocrx_word' id='word_1_797' title='bbox 2147 5228 2435 5310; x_wconf 90' lang='lat' dir='ltr'><strong>templum</strong></span> <span class='ocrx_word' id='word_1_798' title='bbox 2455 5226 2702 5306; x_wconf 77' lang='lat' dir='ltr'><strong>dignum</strong></span> <span class='ocrx_word' id='word_1_799' title='bbox 2723 5224 3521 5313; x_wconf 12' lang='lat' dir='ltr'><strong>ejuskcertaminibusPaulo</strong></span> 
     </span>
    </p>
   </div>
   <div class='ocr_carea' id='block_1_112' title="bbox 1885 5311 3525 5406">
    <p class='ocr_par' dir='ltr' id='par_1_112' title="bbox 1885 5311 3525 5406">
     <span class='ocr_line' id='line_1_113' title="bbox 1885 5311 3525 5406; baseline -0.005 -20"><span class='ocrx_word' id='word_1_800' title='bbox 1885 5311 2478 5406; x_wconf 35' lang='lat' dir='ltr'><strong>post&#39;exsecrandus</strong></span> <span class='ocrx_word' id='word_1_801' title='bbox 2535 5331 2773 5406; x_wconf 85' lang='lat' dir='ltr'><strong>quoque</strong></span> <span class='ocrx_word' id='word_1_802' title='bbox 2829 5311 3104 5406; x_wconf 81' lang='lat' dir='ltr'><strong>Eleusius</strong></span> <span class='ocrx_word' id='word_1_803' title='bbox 3137 5315 3379 5406; x_wconf 80' lang='lat' dir='ltr'><strong>meritas</strong></span> <span class='ocrx_word' id='word_1_804' title='bbox 3410 5317 3525 5378; x_wconf 91' lang='lat' dir='ltr'><strong>luit</strong></span> 
     </span>
    </p>
   </div>
   <div class='ocr_carea' id='block_1_113' title="bbox 1887 5403 3524 5497">
    <p class='ocr_par' dir='ltr' id='par_1_113' title="bbox 1887 5403 3524 5497">
     <span class='ocr_line' id='line_1_114' title="bbox 1887 5403 3524 5497; baseline -0.006 -21"><span class='ocrx_word' id='word_1_805' title='bbox 1887 5403 2271 5497; x_wconf 76' lang='lat' dir='ltr'><strong>pmnas.Nam</strong></span> <span class='ocrx_word' id='word_1_806' title='bbox 2303 5426 2436 5471; x_wconf 92' lang='lat' dir='ltr'><strong>cum</strong></span> <span class='ocrx_word' id='word_1_807' title='bbox 2469 5405 2530 5467; x_wconf 91' lang='lat' dir='ltr'><strong>in</strong></span> <span class='ocrx_word' id='word_1_808' title='bbox 2579 5403 2732 5497; x_wconf 80' lang='lat' dir='ltr'><strong>mari</strong></span> <span class='ocrx_word' id='word_1_809' title='bbox 2785 5403 3163 5497; x_wconf 77' lang='lat' dir='ltr'><strong>navigantem</strong></span> <span class='ocrx_word' id='word_1_810' title='bbox 3197 5404 3336 5466; x_wconf 67' lang='lat' dir='ltr'><strong>saevi</strong></span> <span class='ocrx_word' id='word_1_811' title='bbox 3387 5407 3524 5488; x_wconf 87' lang='lat' dir='ltr'><strong>qui-</strong></span> 
     </span>
    </p>
   </div>
   <div class='ocr_carea' id='block_1_114' title="bbox 171 5493 1789 5589">
    <p class='ocr_par' dir='ltr' id='par_1_114' title="bbox 171 5493 1789 5589">
     <span class='ocr_line' id='line_1_115' title="bbox 171 5493 1789 5589; baseline 0.003 -30"><span class='ocrx_word' id='word_1_812' title='bbox 171 5503 412 5585; x_wconf 78' lang='grc' dir='ltr'>θαλάσσῃ</span> <span class='ocrx_word' id='word_1_813' title='bbox 455 5493 641 5586; x_wconf 75' lang='grc' dir='ltr'>ἄνεμὸί</span> <span class='ocrx_word' id='word_1_814' title='bbox 683 5531 823 5574; x_wconf 88' lang='grc' dir='ltr'>τινες</span> <span class='ocrx_word' id='word_1_815' title='bbox 867 5493 1040 5589; x_wconf 77' lang='grc' dir='ltr'>ἄγριοι</span> <span class='ocrx_word' id='word_1_816' title='bbox 1094 5505 1494 5586; x_wconf 79' lang='grc' dir='ltr'>παραλαϐόντες</span> <span class='ocrx_word' id='word_1_817' title='bbox 1542 5493 1637 5564; x_wconf 29' lang='grc' dir='ltr'>καὶ.</span> <span class='ocrx_word' id='word_1_818' title='bbox 1688 5493 1789 5588; x_wconf 61' lang='grc' dir='ltr'>χαι</span> 
     </span>
    </p>
   </div>
   <div class='ocr_carea' id='block_1_115' title="bbox 1912 5493 3525 5589">
    <p class='ocr_par' dir='ltr' id='par_1_115' title="bbox 1912 5493 3525 5589">
     <span class='ocr_line' id='line_1_116' title="bbox 1912 5493 3525 5589; baseline -0.006 -23"><span class='ocrx_word' id='word_1_819' title='bbox 1912 5505 2025 5568; x_wconf 91' lang='lat' dir='ltr'><strong>lam</strong></span> <span class='ocrx_word' id='word_1_820' title='bbox 2052 5499 2224 5589; x_wconf 83' lang='lat' dir='ltr'><strong>venti</strong></span> <span class='ocrx_word' id='word_1_821' title='bbox 2245 5493 2880 5589; x_wconf 74' lang='lat' dir='ltr'><strong>deprehendissent,e_t</strong></span> <span class='ocrx_word' id='word_1_822' title='bbox 2911 5493 3216 5573; x_wconf 83' lang='lat' dir='ltr'><strong>ingentem</strong></span> <span class='ocrx_word' id='word_1_823' title='bbox 3259 5502 3525 5577; x_wconf 85' lang='lat' dir='ltr'><strong>tempes-</strong></span> 
     </span>
    </p>
   </div>
   <div class='ocr_carea' id='block_1_116' title="bbox 170 5580 1789 5680">
    <p class='ocr_par' dir='ltr' id='par_1_116' title="bbox 170 5590 1789 5680">
     <span class='ocr_line' id='line_1_117' title="bbox 170 5590 1789 5680; baseline 0.004 -30"><span class='ocrx_word' id='word_1_824' title='bbox 170 5590 334 5654; x_wconf 79' lang='grc' dir='ltr'>λεπίιν</span> <span class='ocrx_word' id='word_1_825' title='bbox 362 5595 504 5675; x_wconf 68' lang='grc' dir='ltr'>αὐτῷ</span> <span class='ocrx_word' id='word_1_826' title='bbox 533 5595 819 5658; x_wconf 83' lang='grc' dir='ltr'>κλυδώνιον</span> <span class='ocrx_word' id='word_1_827' title='bbox 864 5601 1305 5680; x_wconf 75' lang='grc' dir='ltr'>περιστήσαντες,</span> <span class='ocrx_word' id='word_1_828' title='bbox 1361 5597 1460 5666; x_wconf 72' lang='grc' dir='ltr'>τὴν</span> <span class='ocrx_word' id='word_1_829' title='bbox 1519 5597 1618 5676; x_wconf 81' lang='grc' dir='ltr'><strong>μὶν</strong></span> <span class='ocrx_word' id='word_1_830' title='bbox 1683 5606 1789 5657; x_wconf 73' lang='grc' dir='ltr'><strong>ναῦ¹</strong></span> 
     </span>
    </p>
   </div>
   <div class='ocr_carea' id='block_1_117' title="bbox 1912 5580 3527 5680">
    <p class='ocr_par' dir='ltr' id='par_1_117' title="bbox 1912 5580 3527 5668">
     <span class='ocr_line' id='line_1_118' title="bbox 1912 5580 3527 5668; baseline 0.001 -18"><span class='ocrx_word' id='word_1_831' title='bbox 1912 5601 2076 5657; x_wconf 88' lang='lat' dir='ltr'><strong>atem</strong></span> <span class='ocrx_word' id='word_1_832' title='bbox 2099 5586 2479 5668; x_wconf 88' lang='lat' dir='ltr'><strong>excitassent,</strong></span> <span class='ocrx_word' id='word_1_833' title='bbox 2499 5583 2690 5668; x_wconf 89' lang='lat' dir='ltr'><strong>ipsam</strong></span> <span class='ocrx_word' id='word_1_834' title='bbox 2719 5580 2961 5666; x_wconf 87' lang='lat' dir='ltr'><strong>quidem</strong></span> <span class='ocrx_word' id='word_1_835' title='bbox 2993 5600 3204 5648; x_wconf 88' lang='lat' dir='ltr'><strong>navem</strong></span> <span class='ocrx_word' id='word_1_836' title='bbox 3235 5591 3359 5649; x_wconf 88' lang='lat' dir='ltr'><strong>una</strong></span> <span class='ocrx_word' id='word_1_837' title='bbox 3389 5603 3527 5651; x_wconf 90' lang='lat' dir='ltr'><strong>cum</strong></span> 
     </span>
    </p>
   </div>
   <div class='ocr_carea' id='block_1_118' title="bbox 487 5701 3206 5797">
    <p class='ocr_par' dir='ltr' id='par_1_118' title="bbox 487 5701 3206 5797">
     <span class='ocr_line' id='line_1_119' title="bbox 487 5701 3206 5797; baseline -0.001 -1"><span class='ocrx_word' id='word_1_838' title='bbox 487 5733 751 5797; x_wconf 54' lang='lat' dir='ltr'><strong>Parnm.</strong></span> <span class='ocrx_word' id='word_1_839' title='bbox 797 5727 908 5793; x_wconf 78' lang='lat' dir='ltr'><strong>Gn.</strong></span> <span class='ocrx_word' id='word_1_840' title='bbox 956 5721 1161 5789; x_wconf 84' lang='lat' dir='ltr'>CXIV.</span> <span class='ocrx_word' id='word_1_841' title='bbox 3128 5701 3206 5768; x_wconf 79' lang='grc'>46</span> 
     </span>
    </p>
   </div>
  </div>
