3932 6140
156 263 338 334 1453

1231 271 1419 339 VITA
1465 273 1567 338 SS.
1617 270 1898 338 LEONIS
1937 268 2035 335 ET
2077 269 2515 336 PAREGORII.

3399 251 3551 325 1454

145 409 552 482 Χριστιανοῒς
609 403 938 488 ἀνθίστησιν,
999 404 1136 466 ἀλλᾶ
1195 410 1260 468 τὰ
1343 412 1677 486 πνευματικᾶ
1733 416 1824 478 τῆς

1919 415 2050 471 tura
2077 409 2532 487 Christiani,sed
2559 407 2850 491 spiritalia
2882 401 3414 489 nequitiae.Christi
3435 419 3543 463 au-

139 494 449 572 ποντ,ρίας
496 513 515 532 ο
561 497 594 565 ἡ
639 494 692 552 δὲ
761 504 857 554 τοῦ
916 498 1146 576 Χριστρῦ
1188 499 1412 576 βοήθεια
1457 501 1834 581 ἰσχυροτέρους

137 584 298 640 κατὰ
370 593 484 645 τοῦ
544 583 790 643 διαϐόλου
847 588 968 652 τοὺς
1016 589 1202 648 ἑαυτοῦ
1271 590 1493 656 οἰκείους
1550 591 1830 654 δείκνυσιν,

135 679 482 732 Πιστοῦται
536 674 592 732 δέ
649 677 710 732 τὸ
753 676 981 754 ῥημένον
1023 681 1217 742 ἱκανῶς
1277 679 1340 737 ἐκ
1398 685 1494 748 τῆς
1545 687 1650 738 τῶν
1702 703 1830 758 γεν-

133 764 324 819 ναίων
377 763 681 844 μαρτύρων
729 764 954 832 Λέοντος
1011 769 1098 825 καὶ
1128 771 1460 848 Παρηγόρίου
1501 772 1777 846 ὑπομονῆς
1811 786 1827 803 ⁸

135 854 241 909 τοῦ
324 855 449 932 γὰρ
525 857 782 933 μακαρίού
860 861 1190 937 Παρηγορίου
1251 858 1720 937 προτελειωθέντες
1778 861 1832 916 εν

137 943 429 1020 ὅπομονῇ
499 944 552 1002 έν
600 947 768 1022 Κυρίῳ
810 947 898 1004 καὶ
955 955 1051 1018 τῆς
1103 954 1210 1004 τῶν
1246 947 1462 1006 πολλῶν
1494 949 1672 1006 πόνων
1699 950 1831 1005 ἀνα-

133 1031 380 1100 παύλης
453 1035 560 1103 τὴν
617 1034 892 1111 βασιλείαν
947 1043 1054 1092 τῶν
1111 1038 1366 1115 οὗρανίων
1429 1039 1745 1117 εὑραμένου,
1808 1040 1836 1094 ὃ

134 1122 448 1200 μακάριος
516 1123 662 1180 Λέων
718 1125 810 1180 τὸν
884 1123 984 1199 μὲν
1055 1125 1239 1203 ἀγῶνα
1307 1134 1402 1184 τοῦ
1462 1127 1833 1191 τελειωθέντος

140 1209 540 1292 ἐμακάριζεν,
573 1215 727 1278 αὖτὸς
757 1212 813 1269 δὲ
843 1213 898 1270 ἒν
943 1214 1086 1292 λύπῃ
1127 1216 1434 1296 κατείχετο,
1467 1217 1548 1273 ὅτι
1592 1217 1670 1291 μὴ
1726 1219 1835 1273 τῶν

139 1303 344 1359 αὐτῶν
382 1305 702 1383 τετύχηκεν
744 1303 988 1383 ἀγώνων,
1045 1309 1229 1373 κοινῆς
1263 1307 1617 1385 προκειμένης
1648 1307 1832 1371 αὐτοῖς

137 1396 250 1459 τῆς
287 1391 462 1454 ὁδοῦ.

233 1481 332 1545 Β’,
394 1481 538 1540 Κατ’
595 1482 799 1548 ἐκείνας
844 1482 899 1540 δὲ
952 1485 1044 1548 τὰς
1081 1484 1285 1564 ἡμέρας
1335 1483 1527 1554 συνέϐη
1581 1487 1672 1543 τὸν
1700 1486 1828 1544 ἀνθ-

139 1571 373 1629 ύπατον
417 1571 720 1629 Λολλιανδν
748 1575 850 1630 ὑπὸ
883 1580 988 1630 τῶν
1031 1573 1294 1650 βασιλέων
1352 1574 1693 1654 κληρωθέντα
1721 1599 1830 1632 παι

143 1660 504 1738 ραγενέσθαι
534 1660 636 1726 ἕως
682 1666 854 1721 αὐτῶν
897 1660 1320 1740 φυλαττωμένης
1367 1669 1467 1730 τῆς
1517 1664 1694 1744 ἀρχῆς
1729 1666 1829 1721 ὑπὸ

136 1758 243 1807 τοῦ
309 1750 626 1828 ἐπιτρόπου
669 1756 769 1817 τῆς
814 1751 1021 1815 πόλεως
1078 1761 1172 1811 τοῦ
1229 1751 1282 1808 ἐν
1321 1755 1603 1830 Πατάροις.
1669 1753 1828 1811 Ἐπιο

138 1839 332 1896 τελῶν
403 1841 504 1895 οὖν
563 1842 591 1896 ὁ
635 1839 944 1916 παμμίαρος
980 1841 1262 1919 ὶπίτροπος
1321 1843 1510 1920 ἑορτὴν
1540 1843 1830 1923 Σεράπιδος

1921 507 2038 559 tem
2059 498 2342 561 auxilium
2367 518 2507 561 suos
2529 499 2709 562 efﬁcit
2730 499 3006 562 fortiores
3035 496 3320 558 adversus
3343 491 3542 555 diabo-

1917 587 2228 651 lum.Satis
2247 607 2383 651 vero
2405 588 2689 670 probatur
2715 590 2773 651 id
2799 587 2956 670 quod
2974 587 3199 649 dictum
3219 591 3306 646 est
3330 601 3398 645 ex
3437 599 3544 661 ge-

1914 696 2196 740 nerosum
2243 689 2561 760 martyrum
2590 679 2805 740 Leonis
2826 687 2886 740 et
2936 673 3238 752 Paregorii
3273 673 3542 736 toleran-

1916 769 2180 831 tia.Nam
2208 787 2344 832 cum
2375 771 2442 832 B.
2468 769 2824 848 Paregorius
2845 767 3057 828 fuisset
3081 766 3244 844 prius
3275 780 3552 826 consum-

1917 867 2108 920 matus
2140 860 2200 918 in
2231 859 2544 921 tolerantia
2573 861 2632 920 in
2653 859 3000 932 Domino,et
3023 855 3343 917 multorum
3378 851 3548 913 labo-

1916 966 2049 1009 rum
2082 947 2352 1027 requiem
2387 949 2714 1011 invenisset
2734 965 2982 1026 regnum
3015 941 3546 1016 ccelorum,beatus

1919 1044 2140 1116 martyr
2160 1036 2378 1098 Christi
2399 1039 2542 1117 Leo,
2568 1038 2696 1116 ejus
2727 1037 2969 1116 quidem
2997 1034 3099 1114 qui
3125 1032 3235 1094 fuit
3257 1048 3546 1093 consum-

1919 1133 2445 1199 matus,certamen
2465 1126 2701 1188 beatum
2732 1143 2865 1186 esse
2886 1123 3176 1185 ducebat:
3203 1123 3332 1201 ipse
3349 1127 3547 1181 autem

1917 1214 2292 1277 afﬁciebatur
2323 1235 2535 1294 magno
2559 1215 2766 1277 dolore
2789 1213 2945 1295 quod
2970 1231 3087 1274 non
3113 1211 3316 1273 fuisset
3339 1227 3548 1271 conse-

1915 1311 2086 1366 cutus
2117 1305 2274 1367 idem
2329 1315 2655 1382 certamen,
2717 1322 2851 1367 cum
2903 1309 3067 1366 esset
3093 1298 3428 1364 communis
3457 1305 3550 1361 vta

1915 1393 2003 1455 eis
2032 1395 2355 1474 proposita.

1993 1482 2065 1546 ll.
2099 1483 2226 1546 Illis
2257 1502 2392 1546 vero
2425 1484 2637 1547 diebus
2667 1482 2914 1561 contigit
2950 1480 3365 1560 proconsulem
3409 1479 3542 1541 Lol-

1915 1572 2145 1634 lianum
2180 1573 2435 1639 electum
2477 1573 2552 1636 ab
2607 1573 3087 1653 imperatoribus,
3119 1571 3326 1633 venire
3359 1587 3548 1649 usque

1911 1662 1985 1723 ad
2021 1681 2150 1738 eos,
2183 1682 2316 1725 cum
2351 1663 2538 1725 rectio
2601 1671 2762 1724 esset
2792 1681 2862 1723 eo
2894 1670 3165 1741 tempore
3196 1677 3382 1741 penes
3415 1678 3550 1739 pro-

1914 1761 2252 1815 curatorem
2286 1752 2472 1828 urbis,
2508 1752 2612 1834 qui
2643 1760 2772 1813 erat
2801 1751 3053 1815 Pataris.
3081 1749 3404 1813 Celebrans
3431 1766 3544 1810 au-

1916 1849 2038 1903 tem
2073 1844 2404 1905 sceleratus
2458 1852 2818 1924 procurator
2867 1841 3024 1903 diem
3056 1841 3271 1902 festum
3301 1839 3547 1918 Serapi-

138 1929 243 1986 καὶ
303 1927 550 1986 σύνοδον
597 1927 803 1986 ἀσεϐῶν
849 1936 1176 2008 συγκροτῶν,
1231 1933 1368 1988 κατὰ
1415 1937 1522 1988 τῶν
1572 1939 1824 2011 Χριστια-

1919 1931 2032 2006 dis,
2070 1939 2128 1992 et
2157 1950 2526 2010 congregans
2555 1931 2874 1992 concilium
2930 1930 3276 2010 impiorum,
3307 1929 3548 1990 consul-

141 2026 255 2075 νῶν
329 2017 658 2074 ἐϐουλεύετο
710 2020 796 2075 καὶ
849 2020 1054 2084 πάντας
1111 2021 1516 2099 κατηνάγκαζεν
1571 2024 1659 2078 επὶ
1733 2025 1830 2091 τὴν

141 2106 591 2181 εἰδωλομανίαν,
666 2106 888 2164 Πολλῶν
945 2106 1000 2164 δὲ
1074 2110 1476 2190 συντρεχόντων
1540 2126 1627 2168 καὶ
1683 2110 1831 2192 φόϐῳ

142 2197 494 2273 ἀνθρωπίνῳ
552 2196 951 2277 συνεχομένων,
1033 2197 1240 2278 ἤχθετο
1297 2200 1395 2274 μὲν
1456 2201 1484 2256 ὃ
1565 2223 1828 2275 μακαριος

144 2286 312 2344 Λέων
365 2283 496 2344 οὔδε
543 2285 742 2366 μέχρις
775 2287 945 2355 ἀκοῆς
978 2287 1147 2366 φέρων
1182 2289 1283 2355 τὴν
1342 2294 1450 2344 τῶν
1504 2291 1830 2367 παρανόμων

145 2375 386 2450 τόλμαν
430 2391 446 2407 ⁶
512 2375 1038 2453 προσδιαλεγόμενος
1068 2375 1123 2433 δὲ
1155 2379 1290 2452 πρὸς
1322 2377 1531 2458 ἑαυτὸν,
1565 2378 1706 2456 ἓξῄει
1733 2381 1829 2437 ἐπὶ

146 2467 248 2522 τὸν
297 2464 512 2536 τόπον,
571 2464 694 2522 ἔνθα
748 2467 810 2522 τὸ
867 2464 1119 2541 λείψανον
1184 2465 1354 2524 ἔκειτο
1417 2475 1512 2524 τοῦ
1569 2470 1828 2546 μακαρία)

150 2555 458 2633 μάρτυρος
517 2555 850 2632 Παρηγορίου
883 2573 899 2590 ·
976 2556 1261 2632 γενόμενος
1324 2554 1378 2612 δὲ
1439 2557 1558 2614 κατ’
1621 2558 1828 2616 ἐκεῖνον

149 2646 251 2700 τὸν
319 2645 527 2716 τόπον,
561 2643 615 2700 ἐν
657 2646 702 2718 ᾧ
744 2645 845 2712 τὴν
887 2644 1054 2713 ἀσεϐῆ
1111 2647 1406 2724 πανήγυριν
1455 2646 1737 2704 ἐπετέλουν
1781 2650 1828 2705 οἱ

149 2733 372 2800 ταύτης
428 2731 592 2812 ἄξιοι,
645 2733 870 2798 ἕκαστος
924 2741 1028 2790 τῶν
1059 2735 1306 2813 ὁρώντων
1337 2735 1442 2792 ἀπό
1474 2758 1531 2792 τε
1569 2741 1668 2804 τῆς
1697 2737 1824 2805 ἡλι-

151 2823 285 2885 κίας
325 2822 503 2890 αὐτῆς
535 2828 621 2880 καὶ
651 2823 758 2879 ἀπὸ
786 2829 885 2890 τῆς
944 2825 1062 2901 περὶ
1121 2827 1183 2882 τὸ
1223 2825 1508 2902 πρόσωπον
1549 2828 1826 2884 καταστά-

155 2933 306 2976 σεως
358 2913 458 2970 καὶ
497 2917 597 2979 τῆς
651 2912 894 2993 ἐσθῆτος,
927 2916 1017 2970 καὶ
1045 2914 1152 2970 ἀπὸ
1181 2921 1275 2971 τοῦ
1308 2916 1385 2989 μὴ
1417 2915 1825 2974 συνδιατίθεσθαι

153 3015 288 3064 τοῖς
349 3000 643 3080 δρωμένων
703 3004 874 3060 αὐτῶν
931 3017 1153 3084 κακοῖς,
1208 3008 1521 3082 Χριστιανὸν
1578 3005 1825 3082 ὑπελάμ-

156 3090 331 3148 ϐανεν
403 3091 553 3148 εἶναι
599 3093 686 3148 καὶ
728 3090 942 3160 ἀληθῶς
993 3092 1166 3157 αἰδοῦς
1225 3093 1367 3160 ἄξιον
1402 3112 1418 3128 ⁸
1461 3095 1526 3162 ἧν
1555 3096 1653 3173 γὰρ
1685 3100 1826 3169 ιαῦτῳ

152 3181 565 3260 μεμετρημένα
612 3182 675 3238 τὰ
715 3182 888 3238 πάντα
923 3202 937 3217 ⁶
1003 3185 1090 3238 καὶ
1139 3184 1240 3261 γὰρ
1273 3183 1562 3251 ἀσκητικὸς
1591 3186 1682 3240 τὸν
1711 3185 1822 3260 βίον

151 3269 250 3341 ἦν,
322 3271 390 3327 ἐκ
448 3270 708 3347 νεωτέρου
762 3275 933 3344 τούτῳ
979 3274 1400 3350 προσεσχηκὼς,
1447 3275 1502 3328 ἓν
1545 3274 1821 3352 ἐγκρατείᾳ
1859 3339 1879 3357 Ἰ

149 3361 244 3415 καὶ
280 3359 340 3415 ἐν
375 3362 562 3437 ἁγνείᾳ
593 3363 681 3417 καὶ
713 3361 1025 3441 σωφροσύνῃ
1063 3377 1076 3392 ⁸
1114 3364 1173 3417 τὸ
1204 3361 1258 3417 δὲ
1309 3361 1504 3437 ἔνδυμα
1551 3363 1711 3442 εἶχεν
1763 3346 1880 3418 tua

155 3451 383 3528 τριχῶν
448 3450 773 3528 ὑφασμένον,
833 3453 1018 3515 αὒτοϊς
1063 3450 1238 3527 ἔργοις
1295 3451 1649 3527 ἂποστρλικον
1706 3453 1820 3529 βίον

157 3540 512 3613 μιμούμενος
576 3542 662 3597 καὶ
749 3541 1001 3612 ζηλωτὰς
1062 3549 1154 3598 τοῦ
1227 3541 1378 3619 ἁγίου
1431 3541 1678 3598 Ἰωάννου
1729 3548 1821 3597 τοῦ

159 3627 490 3706 Προδρόμου
519 3632 607 3686 καὶ
637 3632 940 3687 Βαπτιστοῦ
965 3629 1278 3708 γενόμενος.

249 3717 338 3780 Γ’.
395 3719 830 3798 Παραγενόμενος
862 3719 951 3775 οὖν
1016 3720 1101 3776 ἐπὶ
1147 3722 1238 3776 τὸν
1276 3721 1622 3798 προκείμενον
1679 3724 1820 3794 αὖτῴ

160 3807 340 3864 τόπον
408 3810 496 3864 καὶ
551 3809 647 3872 τὰς
703 3807 944 3875 συνήθεις
1002 3807 1231 3874 ἀποδοὺς
1291 3811 1480 3888 εὒχὰς,
1527 3808 1818 3877 ἐπανῆλθεν

163 3896 266 3953 ἐπὶ
332 3898 438 3964 τὴν
497 3898 687 3976 οἰκίαν,
748 3900 837 3954 καὶ
898 3896 1044 3954 ἔνδον
1087 3896 1333 3954 εἰσελθὼν
1387 3901 1650 3955 καὶκατὰ.
1719 3899 1816 3965 τὴν

164 3988 467 4057 συνήθειαν
511 3986 815 4060 εὐξάμενος,
879 3991 967 4044 καὶ
1030 3987 1186 4066 ἄρτου
1239 3985 1575 4062 μεταλαϐὼν,
1636 3987 1816 4063 ἔμενεν

161 4074 254 4154 ἔφ’
315 4077 518 4154 ἑαυτῷ,
585 4074 732 4133 οὒδὲν
789 4074 969 4155 ἕτερον
1012 4076 1047 4144 ἢ
1081 4078 1146 4132 τὰ
1175 4091 1397 4155 γενναῖα
1433 4080 1818 4154 κατορθωματα

162 4171 260 4221 τοῦ
315 4163 600 4230 θεοσεϐοῦς
646 4166 983 4242 Παρηγορίου
1042 4166 1306 4240 μελετῶν.
1372 4167 1468 4224 Καὶ
1512 4167 1566 4223 ἐν
1608 4167 1813 4230 τούτοις

166 4267 295 4318 τοῖς
345 4254 640 4331 λογισμοῖς
674 4253 770 4328 ὢν,
804 4256 877 4318 εἷς
907 4253 1069 4310 ὕπνον
1101 4277 1232 4332 προς
1263 4255 1441 4332 ὀλίγον
1474 4255 1809 4334 κατηνέχθη,

164 4340 263 4398 ἵνα
320 4343 426 4409 τήν
486 4350 590 4399 τῶν
663 4342 932 4416 ἐσομένων
984 4348 1126 4417 αὐτῷ
1184 4345 1516 4423 πραγμάτων
1558 4345 1812 4411 θεάσηται

166 4429 362 4498 δόξαν,
409 4432 618 4501 ’Ὠσπερ
673 4433 772 4511 γὰρ
831 4435 858 4490 ὁ
919 4433 1260 4513 πατριάρχης
1321 4435 1518 4514 Ἰωσὴφ
1576 4435 1688 4491 εἶδε
1748 4435 1814 4490 τὰ

170 4520 448 4595 μέλλοντα
493 4522 632 4598 παρὰ
666 4525 756 4578 τοῦ
785 4529 914 4582 Θεοῦ
949 4522 1239 4601 ἐπάγεσθαι
1273 4522 1358 4580 ἐπ’
1418 4525 1599 4604 αὐτὸν,
1645 4523 1813 4588 οὕτως

171 4612 262 4666 καὶ
298 4612 326 4668 ί,
384 4612 644 4688 μακάριος
707 4612 855 4667 Λέων
904 4612 1154 4668 ἐθεάσατο
1203 4609 1286 4667 διὰ
1318 4613 1620 4688 Πνεύματος
1665 4611 1816 4690 ἁγίου

1915 2019 2073 2081 tabat
2101 2021 2386 2083 adversus
2417 2021 2812 2094 Christianos,
2873 2027 2932 2080 et
2959 2017 3207 2096 cogebat
3235 2034 3444 2078 omnes
3473 2015 3548 2078 ad

1913 2111 2142 2173 cultum
2175 2111 2447 2173 insanum
2476 2111 2797 2173 idolorum.
2833 2109 2977 2172 Cum
3012 2108 3180 2170 multi
3226 2125 3366 2168 vero
3397 2125 3546 2168 con—

1913 2209 2248 2276 currerent,
2284 2209 2344 2262 et
2376 2209 2534 2262 metu
2567 2201 2833 2261 humano
2866 2205 3238 2276 tenerentur,
3271 2212 3424 2275 aegre
3459 2202 3547 2256 tu-

1913 2290 1980 2351 lit
2010 2290 2250 2370 quidem
2284 2289 2350 2353 B.
2389 2289 2528 2364 Leo,
2565 2307 2641 2350 ne
2703 2288 2913 2350 audire
2941 2287 3183 2368 quidem
3237 2284 3546 2347 sustinens

1912 2378 2230 2460 impiorum
2263 2379 2602 2441 audaciam.
2659 2377 2834 2456 Apud
2881 2396 2946 2438 se
2986 2383 3182 2438 autem
3215 2373 3543 2454 disserens,

1912 2486 2188 2548 egressus
2221 2477 2310 2531 est
2341 2470 2412 2530 ad
2469 2469 2664 2530 locum
2721 2468 2782 2527 in
2815 2485 2931 2547 quo
2953 2463 3238 2545 jacebant
3269 2462 3540 2544 reliquias

1912 2558 1980 2620 B.
2016 2559 2291 2639 martyris
2317 2557 2646 2636 Paregorii.
2681 2556 2825 2619 Cum
2876 2565 3074 2617 autem
3117 2554 3325 2615 fuisset
3349 2553 3410 2614 in
3443 2552 3545 2614 illo

1912 2647 2065 2724 loco,
2101 2648 2160 2707 in
2192 2667 2310 2726 quo
2361 2647 2724 2727 peragebant
2766 2645 2982 2706 festum
3014 2642 3450 2706 exsecrandum
3489 2649 3547 2703 et

1911 2737 2187 2816 impium,
2219 2735 2324 2817 qui
2353 2755 2423 2798 eo
2455 2735 2620 2814 digni
2670 2743 2861 2807 erant,
2897 2731 3307 2813 unusquisque
3338 2749 3543 2792 eorum

1909 2825 2011 2906 qui
2043 2825 2345 2900 videbant,
2383 2833 2497 2886 tam
2536 2843 2606 2886 ex
2640 2825 2761 2904 ipsa
2796 2831 3044 2895 statura,
3081 2839 3255 2901 quam
3290 2839 3357 2881 ex
3383 2819 3545 2881 vultu

1910 2923 1968 2976 et
2003 2927 2191 2985 veSte,
2224 2922 2282 2976 et
2313 2933 2382 2975 ex
2441 2933 2510 2975 eo
2562 2913 2720 2994 quod
2775 2931 2891 2972 non
2924 2911 3316 2971 assentiretur
3348 2909 3545 2990 malis,

1909 3022 2042 3084 quae
2069 3002 2145 3065 ab
2176 3003 2325 3084 ipsis
2356 2998 2988 3076 fiebant,existimabat
3011 3017 3148 3060 eum
3181 3016 3314 3060 esse
3335 2996 3540 3062 Chris-

1914 3093 2136 3155 tianum
2169 3102 2228 3155 et
2258 3093 2432 3173 plane
2465 3091 2863 3153 reverendum
2896 3109 2912 3163 ;
2945 3096 3114 3149 erant
3139 3087 3296 3148 enim
3327 3089 3380 3148 ei
3413 3105 3544 3147 mo-

1911 3183 2112 3242 derata
2134 3179 2766 3256 omnia,monasticam
2801 3177 2960 3239 enim
2993 3177 3162 3237 vitam
3193 3183 3546 3238 exercuerat

1906 3272 2278 3350 ajuventute
2322 3287 2335 3330 :
2374 3277 2430 3330 et
2459 3269 2595 3329 ideo
2642 3267 2882 3328 deditus
2912 3265 3106 3326 fuerat
3133 3263 3538 3338 continentiae,

1907 3360 2158 3421 castitati
2191 3366 2249 3419 et
2281 3357 3153 3438 temperantizeJndumentum
3187 3362 3382 3414 autem
3408 3354 3540 3433 ejus

1905 3468 1976 3510 ex
2007 3448 2147 3528 pilis
2175 3456 2543 3520 contextum,
2579 3454 2637 3506 et
2671 3444 2846 3526 plane
2878 3461 2942 3504 re
2991 3443 3122 3522 ipsa
3148 3442 3326 3503 vitam
3359 3460 3542 3503 temu-

1903 3538 2136 3600 labatur
2190 3536 2601 3617 apostolicam,
2687 3543 2746 3596 et
2824 3533 3016 3595 fuerat
3071 3533 3416 3594 immutator
3471 3532 3535 3594 S.

1901 3628 2148 3691 Joannis
2177 3625 2597 3690 Praecursoris.

1975 3720 2222 3778 lll.Cum
2246 3735 2386 3790 ergo
2405 3717 2747 3776 accessisset
2771 3714 2842 3774 ad
2863 3715 3052 3772 locum
3076 3715 3126 3770 ei
3155 3716 3535 3784 propositum.

1903 3815 1960 3871 et
1997 3824 2209 3888 preces
2228 3804 2486 3866 fudisset
2509 3800 3102 3876 consuetas,domum
3128 3808 3216 3862 est
3235 3818 3532 3864 reversus:

1904 3908 1961 3962 et
1991 3915 2124 3958 cum
2159 3896 2364 3957 fuisset
2390 3895 2719 3973 ingressus,
2750 3901 2808 3952 et
2837 3891 2911 3952 de
2945 3909 3108 3952 more
3141 3899 3438 3968 precatus,
3475 3899 3534 3951 et

1904 4003 2118 4069 panem
2150 3986 2524 4064 sumpsisset,
2568 3980 2848 4042 manebat
2881 3981 3034 4061 apud
3059 3998 3156 4069 se,
3192 3979 3340 4040 nihil
3373 3979 3534 4040 aliud

1904 4068 2203 4138 meditans
2235 4091 2412 4153 quam
2448 4071 2730 4151 praeclara
2759 4070 2910 4131 facta
2943 4069 3020 4149 pii
3051 4068 3531 4148 Paregorii.t]um

1899 4168 2026 4229 haec
2055 4174 2253 4226 autem
2287 4162 2442 4242 apud
2503 4180 2567 4222 se
2598 4161 2796 4222 animo
2829 4160 3099 4238 agitaret,
3135 4158 3440 4238 paululum
3472 4157 3534 4218 in

1898 4272 2174 4318 somnum
2207 4263 2298 4315 est
2327 4252 2654 4329 resolutus,
2688 4259 2750 4310 ut
2800 4267 3001 4310 rerum
3057 4247 3172 4310 sibi
3201 4249 3532 4308 futurarum

1897 4345 2145 4424 gloriam
2175 4337 2823 4422 aspiceret.Quomodo
2855 4337 3014 4397 enim
3061 4336 3398 4416 patriarcha
3427 4336 3533 4396 ,Ιο-

1898 4435 2044 4514 seph
2080 4431 2388 4511 vidit,qua3
2417 4448 2450 4490 a
2479 4428 2598 4490 Deo
2632 4436 2834 4489 essent
2858 4425 2970 4488 sibi
3003 4425 3316 4487 inferenda
3345 4426 3366 4468 ¹
3405 4444 3419 4484 :
3457 4424 3536 4485 ita

1900 4524 2077 4586 etiam
2109 4521 2178 4583 B.
2212 4521 2329 4582 Leo
2362 4517 2505 4578 vidit
2538 4535 2643 4597 per
2694 4516 2981 4596 Spiritum
3032 4523 3300 4577 sanctum
3332 4532 3534 4576 rerum

1899 4613 2013 4675 sibi
2043 4614 2376 4672 futurarum
2409 4616 2710 4670 eventum.
2753 4605 2928 4667 Visus
2973 4613 3064 4666 est
3125 4623 3268 4682 ergo
3301 4603 3532 4675 videre,

173 4701 273 4768 τὴν
335 4707 444 4756 τῶν
502 4700 774 4776 ἐσομένων
831 4702 972 4773 αὖτῴ
1026 4701 1356 4778 πραγμάτων
1401 4699 1638 4761 ἔκϐασιν.
1669 4700 1815 4759 Ἐδό-

1919 4722 2034 4765 :um
2053 4708 2210 4763 esset
2233 4699 2561 4760 vehemens
2585 4704 2986 4777 tempestas.et
3007 4701 3302 4756 torrentes
3323 4711 3532 4771 magno

172 4812 257 4847 κει
306 4791 479 4848 τοίνυν
523 4792 646 4865 δρᾷδ
693 4795 963 4869 χειμῶνος
995 4787 1145 4854 ὄντος
1179 4789 1403 4870 σφοδροῦ
1442 4793 1528 4847 καὶ
1572 4790 1808 4870 χειμάρα

173 4882 282 4957 ῥων
359 4878 651 4956 κατάρρυαν
739 4878 1037 4958 εἰληφότων
1137 4879 1367 4954 πολλὴν,
1457 4882 1594 4936 γατὰ
1651 4881 1814 4954 μέσου

1898 4796 2112 4865 impetu
2135 4793 2476 4856 defluerent,
2499 4790 2876 4860 Paregorium
2905 4796 2959 4843 et
3001 4801 3062 4843 se
3083 4795 3234 4844 stare
3259 4785 3315 4840 in
3345 4786 3534 4842 medio

1899 4885 2252 4941 torrentezet
2275 4875 2410 4936 licet
2429 4883 2587 4935 esset
2603 4875 2892 4934 fluentum
2906 4869 3079 4932 valde
3095 4868 3528 4949 periculosum,

175 4969 396 5027 ἑστάναι
456 4977 546 5026 τοῦ
601 4967 895 5047 χειμάρρου
939 4969 1030 5024 τὸν
1094 4969 1424 5048 Παρηγόριον
1485 4971 1573 5026 καὶ
1629 4970 1814 5025 ἑαυτὸν

1919 4988 1963 5029 ιθ
1989 4965 2284 5047 projicere
2307 4971 2364 5024 et
2387 4980 2706 5024 accurrere
2733 4960 2805 5022 ad
2837 4960 3239 5048 B.martyrem
3272 4957 3532 5036 Parego-

175 5061 350 5117 καίτοι
437 5058 766 5116 ἐπικινδύνου
844 5057 1041 5136 σφόδρα
1129 5059 1279 5122 ὄντος
1359 5066 1452 5115 τοῦ
1526 5059 1808 5136 ῥεύματος,

1919 5045 2182 5134 'ium,qui
2207 5051 2654 5131 ingrediebatur
2676 5051 2794 5112 iter
2816 5050 2888 5111 ad
2923 5047 3291 5128 martyrium.
3327 5045 3534 5136 Itaque

173 5148 469 5226 ἐπιρίπτειν
559 5148 646 5203 καὶ
732 5146 1040 5226 ἐπιτρέχειν
1119 5153 1196 5221 τῷ
1267 5135 1534 5221 μακαρίῳγ
1587 5135 1808 5226 μάρτυρι

1919 5155 2204 5224 ιοειῳιωιι
2240 5139 2531 5203 visionem
2565 5138 3243 5219 aspexisset,excitatus,
3278 5135 3436 5215 apud
3467 5154 3534 5196 se

175 5237 513 5314 Παρηγορίῳ,
575 5236 675 5302 τὴν
733 5234 818 5291 ἐπὶ
869 5238 928 5290 τὸ
991 5237 1274 5312 μαρτύριον
1357 5233 1476 5292 ὁδὸν
1549 5235 1805 5298 ὁδεύοντι.

1919 5242 2138 5296 eventus
2151 5229 2376 5293 faciens
2400 5227 3346 5309 conjecturam,conjecitea,quze
3363 5233 3535 5285 erant

174 5315 233 5382 Ὀ
264 5313 524 5400 μὲνοῦν
585 5325 722 5400 μετᾶ
765 5326 865 5392 τὴν
922 5333 1014 5384 τοῦ
1074 5327 1344 5409 ὁράματος
1397 5326 1518 5382 θέαν
1549 5327 1802 5410 ἐγερθεὶς,

1919 5331 2196 5395 ςνοηῑυτθ.
2231 5318 2506 5402 Seipsum
2538 5325 2734 5380 autem
2782 5317 3020 5381 beatum
3081 5313 3526 5400 pronuntiabat,

255 5579 274 5626 ¹
313 5583 460 5647 Gen.
493 5597 712 5659 xxxvii.
