3932 6140
419 266 572 333 1455
1679 273 1962 337 MENSIS
2009 274 2095 336 FE

2161 274 2518 338 RUARIUS.
3629 273 3771 345 1456

417 405 577 488 quod
606 405 910 489 aliquanto
971 415 1238 491 tempore
1293 415 1564 473 versatus
1625 418 1782 474 esset
1813 429 1948 476 cum
1983 412 2095 476 ΒΛ

2161 413 2229 468 ιαὶ
2263 413 2432 488 ἑαυτῷ
2476 414 2766 494 συγκρίνων
2795 413 2894 484 τὴν
2925 412 3164 498 ἔκϐασιν,
3201 416 3424 483 οὗκὲξω
3468 425 3577 476 τῶν
3637 417 3769 475 ἀπο-

416 499 761 577 Paregorio.
2138 501 2455 578 ϐησομένων
2510 505 2814 580 ἀπείκαζεν,
2873 506 3056 565 ἑαυτὸν
3105 505 3157 563 δὲ
3201 505 3537 586 ἐμακάριζεν,
3590 507 3672 566 ὅτι
3715 510 3767 565 ἃν

2140 594 2272 671 πρὸς
2301 593 2484 671 ὀλίγον
2513 602 2589 668 τῷ
2621 599 2862 674 μακαρίῳ
2894 598 3211 676 Παρηγορίῳ
3242 598 3574 678 συνέτριψεν,

499 675 598 738 IV.
629 678 926 760 Deinceps
957 697 1098 758 ergo
1129 679 1201 741 ad
1233 697 1366 742 eum
1401 679 1748 756 accedebat,
1778 689 2054 764 tanquam

2227 681 2312 742 A'.
2360 682 2448 749 Ἐξ
2507 685 2668 751 αὒτῆς
2741 687 2852 758 οὖν,
2900 685 3078 764 ὥσπερ
3122 686 3251 764 πρός
3297 709 3415 744 τινα
3460 689 3767 744 πιστότατον

421 765 495 827 ad
531 767 947 829 ﬁdelissimum
987 769 1246 850 aliquem
1274 769 1505 830 socium
1541 771 1916 846 certaminis,
1950 772 2057 834 sed

2161 775 2541 850 ωναγωνιστὴν
2583 775 2927 855 παρεγένετο,
2961 777 3053 831 οὐκ
3082 774 3158 830 ἔτι
3219 775 3548 849 λεληθότως,
3601 776 3687 832 6ιᾶ
3726 777 3770 832 EE

424 856 814 935 permedium
837 858 1055 933 forum,
1090 867 1147 920 et
1169 877 1274 940 per
1298 860 1549 941 id,quod
1583 861 1896 924 dicebatur
1916 862 2057 923 Tri-

2161 861 2313 928 ιέσης
2387 863 2585 941 ἀγορᾶς
2657 866 2743 919 καὶ
2814 862 2898 920 διὰ
2969 871 3060 920 τοῦ
3119 863 3416 942 λεγομένου
3471 867 3770 944 Τροιχείον.

424 946 678 1009 ειιίυυπιε
706 956 918 1010 etcum
945 949 1209 1011 venisset
1232 951 1301 1010 ad
1333 950 1558 1024 locum,
1595 950 1754 1015 videt
1784 953 2060 1014 lucernas

2161 953 2356 1028 ]ρο’ίὼν
2413 953 2585 1009 τοίνυν
2646 954 2740 1032 ὁρᾷ
2802 952 3032 1032 λύχνους
3076 955 3164 1010 καὶ
3207 954 3494 1032 κηριόλους
3545 959 3667 1031 περὶ
3722 959 3770 1011 τὸ

426 1043 486 1096 et
507 1037 777 1100 cereolos
807 1057 1094 1100 accensos
1126 1039 1288 1101 circa
1319 1039 1640 1102 delubrum
1691 1058 1706 1102 :
1765 1050 1822 1102 et
1853 1059 2058 1103 eorum

2161 1038 2418 1098 εἶδωλεῐον
2464 1043 2890 1118 ἀνακαιομένους
2925 1045 3013 1098 καὶ
3060 1057 3178 1106 τοῖς
3220 1045 3318 1118 μὲν
3347 1044 3550 1120 ἅψασιν
3584 1044 3772 1114 συνήλ-

426 1126 805 1208 quidem,qui
827 1127 1248 1203 accenderant,
1279 1131 1563 1192 misertus
1587 1139 1788 1211 est,ut
1811 1131 1912 1210 qui
1949 1131 2061 1191 de-

2161 1152 2309 1208 (ησεν
2355 1133 2426 1196 ὡς
2480 1133 2854 1207 ἧπατημένοις
2890 1148 2904 1164 ⁸
2941 1133 3288 1190 ἀτοπώτατον
3321 1133 3376 1190 δὲ
3423 1140 3569 1191 εἶναι
3627 1135 3771 1212 λογι-

413 1215 582 1294 Δοθρῑί
609 1225 834 1278 essent:
869 1237 1008 1279 cum
1055 1219 1302 1299 propius
1332 1238 1476 1282 vero
1510 1220 1883 1294 accessisset,
1915 1238 2062 1282 con-

2161 1220 2376 1294 ιάμενος
2439 1222 2538 1288 τὴν
2614 1225 2787 1279 αὒτῶν
2843 1223 3087 1301 ἀνομίαν,
3164 1222 3394 1290 πλησίον
3473 1226 3767 1302 γινόμενος,

427 1304 560 1364 trivi
585 1305 860 1368 lucernas
887 1309 1010 1369 suis
1041 1309 1338 1384 manibus,
1365 1317 1421 1371 et
1447 1327 1658 1371 cereos
1696 1307 2066 1370 conculcavit

2161 1309 2266 1373 τούς
2323 1331 2379 1365 τε
2437 1309 2667 1390 λύχνους
2726 1324 2848 1374 ταῖς
2906 1309 3055 1376 ἰδίαις
3113 1314 3268 1391 χερσὶ
3345 1313 3627 1392 συνέτριψε
3696 1317 3773 1369 καὶ

426 1393 707 1473 pedibus,
743 1396 831 1457 eis
861 1396 1070 1458 dicens
1105 1419 1117 1456 :
1155 1397 1213 1459 Si
1264 1399 1413 1461 deos
1461 1398 1810 1459 existimatis
1843 1398 2065 1459 habere

2161 1398 2264 1460 τοὺς
2328 1398 2608 1477 κηριόλους
2661 1413 2776 1465 τοῖς
2806 1401 2938 1458 ποσί
2982 1403 3367 1475 συνεπάτησεν,
3403 1405 3624 1482 φάσκων
3655 1405 3771 1482 πρός

427 1481 852 1565 vires,seipsos
877 1486 1225 1549 defendant.
1259 1487 1460 1567 Mystaa
1482 1498 1680 1549 autem
1714 1487 2060 1567 iniquitatis,

2161 1488 2332 1550 ιιῖρτούς
2369 1505 2383 1520 ⁸
2449 1491 2504 1545 Εἰ
2565 1491 2813 1563 νομίζητε
2844 1492 2966 1553 τοὺς
2995 1491 3141 1554 θεοὺς
3175 1493 3322 1566 ὑμῶν
3354 1491 3426 1571 ἐχ
3429 1514 3506 1548 ειν
3537 1492 3768 1573 δόναμιν,

429 1583 572 1671 coetu
595 1587 948 1671 congregato
974 1578 1308 1649 impiorum,
1343 1579 1972 1671 clamabant_adversus
2002 1580 2057 1636 S.
2087 1623 2095 1671 1

2161 1577 2363 1640 ἑαυτοὺς
2409 1577 2863 1645 ἐκδικησάτωσαν.
2918 1579 2981 1635 Ἦ
3025 1577 3080 1634 δὲ
3135 1580 3321 1657 πρᾶξις
3367 1588 3462 1637 τοῦ
3524 1583 3768 1659 μακαρία.)

429 1660 715 1748 Leonem,
753 1670 811 1723 et
831 1662 930 1742 qui
955 1672 1256 1724 averteret
1277 1681 1432 1737 eam,
1457 1681 1588 1743 qure
1607 1681 1640 1722 a
1670 1663 1905 1725 fortuna
1937 1669 2064 1724 erat
2088 1660 2095 1671 ”

2161 1664 2373 1731 λέοντος
2433 1665 2548 1733 ὁδὸς
2601 1669 2668 1733 ἦν
2730 1675 2823 1724 τοῦ
2899 1667 3197 1732 ἀποϐάντος
3255 1671 3398 1742 αὑτῷ
3461 1675 3764 1748 μαρτυρίῳ·

431 1747 630 1810 oblata
651 1749 710 1810 in
735 1751 1728 1829 civitatem,benevolentiam.Cum
1764 1770 1902 1814 vero
1928 1770 2065 1814 cre-

2161 1746 2570 1824 ιτροσευξάμενος
2631 1751 2719 1804 οὖν
2761 1753 2838 1822 τῷ
2885 1751 3075 1826 Κυρίῳ,
3139 1749 3330 1828 εἴχετο
3359 1756 3460 1816 τῆς
3494 1746 3772 1828 προκειμέ-

430 1837 614 1900 visset
647 1841 957 1912 tumultus,
986 1850 1046 1904 et
1072 1841 1228 1904 fama
1245 1851 1407 1904 esset
1435 1860 1540 1921 per
1565 1850 1744 1902 totam
1769 1841 2064 1902 civitatem

2161 1857 2247 1901 νης
2277 1833 2422 1894 ὁδοῦ.
2458 1837 2518 1892 Οἱ
2547 1833 2602 1890 δέ
2649 1841 2748 1903 τῆς
2792 1836 3010 1910 ἀνομίας
3065 1837 3256 1911 μύσται
3302 1839 3550 1911 σύστημα
3584 1838 3772 1896 ἀσεϐῶν

433 1928 565 2006 ejus
596 1929 752 2009 quod
788 1929 1006 1992 factum
1038 1930 1252 2006 fuerat,
1290 1940 1349 1992 et
1382 1931 1758 2012 pervenisset
1789 1931 1862 1992 ad
1895 1948 2068 1994 aures

2161 1925 2606 2002 συγκροτήσαντες
2683 1925 2954 1982 κατεϐόων
3024 1935 3117 1985 τοῦ
3187 1926 3337 2004 ἀγίου
3393 1928 3648 2008 Λέοντος,
3712 1932 3774 1989 ὡς

429 2024 826 2090 procuratoris
850 2025 946 2095 qui
977 2029 1120 2082 tunc
1150 2025 1599 2083 administrabat
1626 2025 2066 2097 rempublicam,

2161 2013 2549 2094 ἀποστέφοντος
2606 2014 2701 2082 τήν
2769 2015 2911 2089 παρὰ
2973 2020 3072 2082 τῆς
3120 2016 3293 2094 τύχης
3340 2017 3415 2079 εἰς
3475 2018 3580 2084 τὴν
3637 2017 3776 2072 πόλιν

435 2121 543 2164 sua
571 2123 713 2167 usus
744 2094 1083 2188 iniquitate,
1112 2108 1287 2188 jubet
1333 2109 1557 2172 milites
1587 2094 1908 2172 observare
1939 2109 2071 2188 ejus

2161 2101 2386 2166 εὔνοιαν,
2424 2094 2516 2166 Ὠς
2549 2102 2604 2159 δέ
2633 2105 2660 2159 6
2690 2101 2906 2182 θόρυϐος
2940 2102 3156 2169 ἐπηύξει
3198 2102 3294 2159 καί
3339 2105 3677 2184 περιηχεῖτο
3715 2108 3776 2167 εἷς

430 2193 791 2271 reditum,et
821 2197 1008 2260 virum
1030 2199 1576 2279 comprehendere.
1630 2202 1701 2259 Et
1731 2197 1792 2261 S.
1828 2199 2068 2279 quidem

2161 2198 2333 2249 πᾶσαν
2385 2193 2480 2260 τὴν
2526 2191 2708 2267 πόλιν,
2740 2194 2800 2247 τὸ
2831 2194 3050 2270 γεγονὸς
3079 2192 3238 2259 ἦλθεν
3276 2193 3364 2248 καὶ
3395 2195 3468 2259 εἰς
3506 2196 3598 2256 τὰς
3631 2196 3775 2258 ἀκοὰς

432 2281 552 2346 Leo
584 2293 675 2347 est
702 2304 1003 2366 reversus,
1038 2307 1143 2370 per
1163 2307 1228 2351 se
1266 2289 1655 2352 considerans
1675 2288 1734 2350 id
1758 2288 1915 2369 quod
1947 2295 2075 2351 erat

2161 2289 2249 2339 τοῦ
2304 2284 2426 2338 τότε
2479 2282 2575 2349 τὴν
2635 2281 2810 2360 ἀρχὴν
2893 2281 3398 2361 παραφυλάσσοντος
3471 2282 3773 2361 ἐπιτρόπου,

386 2375 393 2380 ’
438 2383 1010 2446 eventurum,oculos
1033 2385 1241 2440 utentis
1263 2383 1332 2440 ad
1358 2384 1538 2440 Deum
1562 2381 2069 2440 extollenthlilites

2161 2376 2242 2430 καὶ
2298 2374 2464 2444 οἰκείᾳ
2505 2371 2855 2451 χρησάμενος
2898 2371 3199 2446 παρανομίᾳ
3257 2371 3581 2449 προστάττει
3625 2393 3774 2449 στρα-

435 2481 576 2526 vero
596 2483 729 2527 cum
751 2485 934 2547 prope
959 2468 1451 2540 accessissent,et
1474 2487 1608 2530 eum
1635 2466 2068 2548 apprehendis-

2161 2462 2345 2528 τιώτας
2401 2465 2777 2540 παρατηρῆσαι
2822 2463 2918 2527 τὴν
2963 2459 3146 2516 τούτο)
3207 2459 3464 2516 ἐπάνοδον
3527 2463 3618 2517 καὶ
3660 2460 3772 2517 συλ-

431 2562 567 2616 sent
597 2573 715 2616 non
745 2540 1129 2618 resistentem
1155 2575 1350 2638 neque
1372 2540 2066 2632 tumultuantem,addu-

2161 2550 2338 2609 λαϐεῖν
2393 2552 2486 2608 τὸν
2543 2547 2728 2626 ἄνδρα.
2763 2540 2821 2607 Ὀ
2867 2549 2963 2624 μὲν
3008 2552 3095 2604 οὖν
3147 2549 3371 2626 ἐπανῄει
3433 2550 3551 2606 καθ’
3607 2551 3772 2606 ἑαυτὸν

427 2652 737 2706 cuntenm
793 2646 865 2706 ad
918 2637 1388 2727 procuratorem.
1446 2647 1556 2710 Ille
1605 2664 1746 2708 vero
1783 2655 2066 2724 tanquam

2161 2647 2370 2698 σκοπῶν
2428 2641 2487 2698 τὸ
2518 2637 2950 2714 ἀποϐησόμενον,
2986 2639 3106 2702 τοὺς
3149 2639 3448 2717 ὀφθαλμοὺς
3507 2641 3613 2706 τῆς
3668 2638 3773 2695 δια-

429 2732 708 2796 immanis
734 2735 1007 2816 quzedam
1041 2737 1186 2811 fera,
1223 2754 1438 2799 vorans
1467 2736 2074 2816 sanguinem,pleuus

2161 2731 2293 2791 νοίας
2353 2729 2637 2786 ἀνατείνων
2709 2730 2838 2806 πρὸς
2881 2730 2972 2784 τὸν
3023 2729 3176 2790 Θεόν,
3238 2731 3299 2786 Οἱ
3357 2727 3411 2785 δὲ
3468 2735 3771 2806 στρατιῶται

433 2821 659 2898 furore,
696 2815 1044 2888 movebatur
1073 2827 1364 2890 adversus
1397 2815 1742 2906 martyrem.

2161 2821 2381 2888 πλησίον
2437 2820 2712 2897 γενόμενοι
2760 2817 2851 2874 καί
2909 2815 3285 2893 ἐπιλαϐόμενοι
3346 2819 3442 2875 οὐκ
3494 2818 3771 2892 ἀντιπράτ-

437 2935 598 2970 τοντα
628 2913 746 2971 οὒδέ
777 2917 1156 2993 θορυκούμενον
1213 2923 1291 2990 τῷ
1343 2905 1613 2995 ἐπιτρόπῳ
1667 2917 2055 2994 προσάγουσιν.
2107 2913 2168 2972 Ὀ
2215 2911 2294 2991 δὲ,
2328 2911 2425 2967 οἶά
2450 2931 2528 2972 τις
2557 2913 2655 2985 θὴρ
2691 2905 2996 2985 αἱμοϐόρος,
3028 2905 3244 2985 πλήρης
3274 2908 3542 2988 ὑπάρχων
3577 2910 3772 2983 μανίας,

441 3003 578 3060 κατᾶ
608 3009 699 3060 τοῦ
728 3005 986 3082 μάρτυρος
1017 3005 1270 3086 ἐκινεῖτο,
1307 3006 1654 3082 λογιζόμενος
1715 3007 1928 3080 μήποτε
1958 3003 2320 3086 συγχωρήσας
2351 2999 2447 3069 τήν
2484 2997 2672 3077 πρᾶξιν
2711 3016 2722 3030 ⁶
2758 2995 3008 3075 πρόξενος
3042 2995 3264 3074 γένηται
3295 2996 3594 3075 πιῤῥησίις
3625 3005 3774 3074 Χρισ-

454 3104 659 3156 τιανοτς
689 3098 787 3160 τῆς
819 3095 890 3160 εἷς
918 3094 983 3150 τὰ
1013 3100 1120 3150 τῶν
1154 3085 1432 3164 Ἐλλήνων
1461 3093 1664 3151 εἴδωλα
1693 3094 2058 3159 καταλύσεως.

513 3249 908 3333 V.Postquam
933 3265 1134 3316 autem
1157 3254 1301 3317 vidit
1320 3273 1500 3336 prope
1523 3273 1659 3318 esse
1687 3253 1758 3317 B.
1783 3254 2068 3337 Leonem,
2093 3263 2133 3314 C

434 3342 632 3405 statim
657 3344 709 3405 ei
733 3343 957 3423 objecit
977 3343 1312 3418 audaciam,
1346 3363 1462 3424 qua
1486 3363 1632 3406 usus
1657 3345 1849 3406 fuerat
1865 3345 2070 3406 adver-

433 3449 535 3493 sus
562 3432 861 3506 lucernas,
894 3433 1103 3494 dicens
1137 3454 1150 3495 :
1187 3433 1325 3494 Mihi
1377 3433 1628 3513 videris,
1661 3453 1695 3495 ο
1735 3452 1944 3507 senex,
1980 3436 2072 3497 vel

435 3522 710 3600 ignorare
761 3523 916 3584 vires
975 3523 1224 3585 deorum
1273 3523 1636 3597 caelestium,
1672 3525 1829 3600 quod
1862 3541 2070 3584 eorum

439 3619 678 3673 evel-tas
707 3612 1058 3690 religionem
1095 3635 1108 3672 :
1171 3623 1274 3674 aut
1332 3612 1626 3688 insanire,
1661 3620 1722 3672 ut
1755 3618 1855 3693 qui
1890 3614 2072 3675 facias

437 3708 655 3777 praeter
679 3701 736 3764 id
773 3702 931 3782 quod
955 3702 1191 3764 videtur
1221 3702 1612 3764 divinissimis
1636 3701 2072 3782 nostrisimpe-

432 3789 756 3854 ratoribus:
773 3810 922 3871 quos
936 3793 1236 3855 secundos
1252 3800 1594 3855 servatores
1616 3800 1675 3852 et
1689 3791 1835 3852 deos
1851 3791 2074 3872 optime

436 3881 726 3943 facientes
749 3900 858 3942 nos
876 3899 1185 3945 vocamus.
1213 3883 1304 3945 Ad
1329 3883 1455 3944 haec
1478 3882 1626 3943 dixit
1664 3883 1784 3944 Leo
1817 3881 2074 3942 sanctis-

436 3971 624 4031 simus
652 3987 667 4031 :
691 3970 902 4032 Multos
924 3972 1203 4033 caelestes
1225 3971 1372 4033 deos
1397 3970 1663 4044 dixisti,o
1696 3978 2069 4050 procurator.

436 4059 672 4122 Veritas
695 4070 894 4121 autem
927 4079 1044 4122 non
1078 4062 1158 4121 ita
1183 4061 1401 4137 habet;
1443 4066 1530 4122 est
1551 4062 1708 4121 enim
1745 4078 1898 4120 unus
1918 4057 2076 4120 Deus

436 4149 768 4213 cmlestium
802 4159 860 4210 et
889 4151 1295 4224 terrestrium,
1330 4152 1622 4212 Dominus
1653 4157 1860 4210 noster
1905 4151 2078 4211 Jesus

437 4239 731 4319 Christus,
765 4239 949 4301 Filius
997 4239 1106 4301 Dei
1161 4241 1297 4313 vivi,
1335 4240 1437 4320 qui
1472 4258 1589 4300 non
1624 4239 1804 4300 habet
1835 4256 1985 4318 opus
2015 4245 2079 4298 ut

440 4331 530 4393 sic
553 4329 782 4391 colatur
803 4327 874 4389 ab
901 4329 1543 4409 hominibus.Spiritus
1565 4328 1726 4389 enim
1759 4327 2074 4403 contritus,

439 4432 495 4481 et
518 4423 706 4479 anima
732 4436 858 4491 qua
881 4422 1176 4478 consuevit
1200 4422 1501 4478 humiliter
1523 4420 1594 4476 de
1620 4434 1681 4476 se
1702 4421 2079 4488 sentire,sunt

437 4507 592 4584 apud
608 4505 791 4568 Deum
813 4506 872 4566 in
887 4524 1096 4584 magna
1117 4506 2074 4567 existimationeLucernaaautem

441 4595 674 4658 etcerei
694 4595 793 4675 qui
817 4596 976 4657 circa
999 4595 1109 4656 sim
1124 4597 1324 4657 ulacra
1343 4594 1921 4667 accenduntur,sunt
1945 4595 2076 4655 vani

2162 4594 2330 4673 ριόλοι
2394 4594 2440 4647 οἱ
2503 4592 2622 4668 περὶ
2682 4589 2747 4644 τὰ
2801 4586 3001 4643 εἴδωλα
3061 4587 3325 4662 μάταιοι·

436 4694 499 4748 et
526 4690 734 4746 inanes
765 4685 1044 4764 quoniam
1070 4685 1296 4744 sentire
1326 4703 1444 4744 non
1471 4694 1716 4761 possunt
1736 4684 1884 4761 lapis
1910 4692 1970 4744 et
1996 4703 2078 4744 zes

441 4782 502 4836 et
536 4773 784 4850 lignum,
815 4791 946 4853 quae
1001 4773 1073 4832 ab
1107 4773 1419 4834 hominum
1453 4779 1580 4833 arte
1613 4779 1749 4831 sunt
1777 4779 2078 4832 exstructa

441 4871 502 4925 et
529 4861 835 4924 fabricata.
871 4862 931 4924 Si
966 4879 1129 4936 vero,
1167 4881 1200 4922 ο
1233 4869 1604 4941 procurator,
1640 4879 1773 4922 eum
1806 4861 1905 4940 qui
1939 4877 2076 4922 vero

441 4951 1236 5031 estDeusintelligeres,uon
1265 4952 1415 5012 hanc
1440 4951 1746 5012 materiam
1768 4949 1930 5012 nullo
1944 4967 2075 5010 sen-

439 5059 506 5103 sn
533 5041 838 5123 praeditam
880 5042 1244 5102 honorasses
1276 5040 1509 5102 honore
1539 5040 1867 5102 suflituum.
1895 5039 2077 5101 Cessa

439 5149 582 5208 ergo
605 5131 666 5192 in
689 5131 784 5192 his
806 5130 1024 5191 frustra
1046 5130 1414 5203 laborare,et
1442 5129 1817 5190 laudalleum
1844 5129 2080 5189 univer-

438 5230 734 5292 sorum,et
764 5220 897 5298 ejus
929 5219 1141 5281 Filium
1171 5217 1898 5297 unigenitum,Dominum
1932 5236 2077 5279 nos-

441 5316 594 5370 trum
627 5310 826 5370 Jesum
859 5307 1185 5381 Christum,
1220 5310 1593 5369 Servatorem
1622 5307 1828 5367 mundi
1853 5315 1914 5368 et
1943 5306 2081 5387 Opi-

441 5397 614 5457 ﬁcem
639 5396 968 5456 animarum
996 5403 1332 5458 nostrarum
1350 5397 1456 5460 .Ad
1483 5397 1607 5456 haec
1633 5395 1780 5456 dixit
1799 5413 2081 5474 procura-

441 5491 535 5544 tor
567 5502 581 5544 :
607 5484 732 5544 Non
753 5485 1120 5563 respondisti
1147 5486 1202 5545 in
1233 5486 1549 5563 praesentia
1575 5485 1645 5545 ad
1665 5485 1920 5546 crimina
1951 5503 2082 5564 quas

441 5569 548 5629 tibi
602 5571 990 5650 objiciuntur,
1025 5572 1132 5634 sed
1188 5575 1303 5635 alia
1363 5573 1562 5636 dixisti
1597 5592 1700 5654 pro
1731 5574 1887 5636 aliis.
1925 5573 2073 5637 Nam

2241 3254 2328 3314 E'.
2378 3251 2528 3310 Ἐπεὶ
2560 3249 2614 3305 δὲ
2646 3246 2886 3315 πλησίον
2921 3247 3206 3326 γενόμενον
3240 3247 3384 3304 εἶδεν
3413 3247 3502 3304 τὸν
3537 3246 3777 3323 μακάριον

2156 3346 2384 3422 Λέοντα,
2430 3339 2616 3403 εὐθέως
2665 3338 2854 3414 ἐνῆγεν
2899 3338 2997 3404 τὴν
3056 3339 3178 3414 περὶ
3210 3338 3334 3401 τοὺς
3363 3336 3595 3416 λύχνους
3629 3335 3779 3391 ab:th

2154 3432 2448 3512 γενομένην
2476 3428 2705 3506 τόλμαν,
2753 3427 2924 3505 λέγων
2961 3446 2976 3461 ⁶
3039 3427 3192 3500 Ἐμοὶ
3237 3425 3447 3499 δοκεῖς,
3500 3424 3774 3504 πρεσϐύτα,

2153 3525 2189 3593 ἢ
2219 3524 2319 3590 τὴν
2375 3528 2480 3579 τῶν
2533 3518 2855 3595 ἐπουρανίων
2917 3520 3048 3573 θεῶν
3082 3515 3300 3594 ἀγνοεῖν
3331 3515 3577 3591 δύναμιν,
3614 3514 3776 3588 ὅτιπερ

2155 3616 2249 3676 τὰς
2282 3617 2452 3671 ὰῦτῶν
2489 3607 2772 3687 θρησκείας
2806 3606 3117 3681 ἀνατρέπεις
3148 3625 3163 3643 ⁶
3201 3606 3236 3674 ἢ
3269 3606 3572 3680 μεμηνέναι
3621 3605 3775 3681 πρατ·

2156 3725 2263 3759 των
2305 3702 2368 3757 τὰ
2419 3700 2556 3776 παρὰ
2601 3698 2663 3752 τὸ
2709 3694 2894 3752 δοκοῦν
2937 3708 3056 3760 τοῖς
3114 3696 3409 3758 θειοτάτοις
3443 3697 3602 3768 ἡμῶν
3633 3696 3774 3770 βασι·

2157 3791 2357 3865 λεῦσιν,
2418 3791 2507 3852 οὒς
2571 3784 2839 3861 δευτέρους
2916 3785 3160 3862 σωτῆρας
3248 3787 3334 3840 καὶ
3397 3785 3546 3848 θεοὺς
3607 3783 3775 3860 ἄριστα

2157 3888 2438 3945 ποιοῦντας
2495 3875 2866 3949 ἄποκαλοῦμεν
2911 3877 3098 3948 ἡμεῖς,
3166 3875 3300 3951 [Ιρος
3345 3881 3510 3931 ταῦτα
3543 3876 3571 3930 6
3615 3872 3769 3947 ἀγιὼ-

2433 3968 2443 3985 1
2566 3965 2589 3986 ν
2706 3982 2719 3994 ,
2937 3966 2991 3999 κ,
3075 3968 3089 3986 τ
3135 3964 3188 4000 κ,
3247 3963 3268 3982 ιι
3486 3964 3496 3983 ρ
3725 3962 3774 3998 ς,

2155 3992 2315 4032 τατος
2374 3975 2521 4024 Λεων
2568 3989 2668 4044 εφη
2761 3962 2991 4028 Πολλου,
3035 3986 3190 4028 auro,
3249 3985 3588 4038 επουρανιους
3644 3966 3772 4021 θεον,

2158 4059 2384 4136 εἴρηκας
2421 4075 2434 4087 ·
2474 4056 2592 4135 ἔχει
2638 4053 2692 4110 δὲ
2726 4055 2829 4133 οὔχ
2861 4053 3051 4127 οὕτως,
3085 4053 3129 4108 ὦ
3159 4052 3432 4130 ἐπίτροπε,
3468 4054 3499 4120 ἡ
3546 4051 3768 4121 ἀλήθεια·

2159 4149 2244 4209 εἷς
2303 4148 2402 4225 γὰρ
2447 4148 2474 4201 6
2504 4151 2609 4200 τῶν
2651 4142 2971 4219 ἐπουρανίων
3021 4146 3107 4198 καὶ
3151 4142 3402 4218 ἐπιγείων
3436 4144 3588 4214 Θεὸς,
3622 4143 3648 4195 6
3680 4138 3770 4196 Κύ-

2161 4259 2269 4314 ριος
2328 4239 2483 4310 ἡμῶν
2545 4232 2749 4300 ἰησοῦς
2793 4233 3017 4308 Χριστὸς
3064 4234 3090 4286 6
3138 4232 3256 4293 Υἱὸς
3297 4252 3390 4286 του
3423 4230 3576 4302 Θεοῦ,
3607 4227 3768 4285 τοιαύ-

2159 4347 2257 4393 της
2317 4323 2594 4402 θεραπείας
2666 4322 2809 4399 παρᾶ
2882 4327 2987 4377 τῶν
3042 4320 3331 4396 ἀνθρώπων
3389 4320 3448 4374 οὗ
3520 4321 3766 4398 χρῄζων

2159 4417 2367 4489 πνεῦμα
2425 4414 2525 4492 γὰρ
2584 4410 3023 4485 συντετριμμένον
3079 4410 3224 4484 παρὰ
3269 4413 3386 4482 Θεῴ
3432 4407 3646 4483 δόκιμον
3697 4405 3768 4460 καῗ

2161 4505 2316 4582 ψυχὴ
2372 4513 2810 4578 ταπεινοφρονεϊν
2869 4498 3139 4572 εἰθισμένη
3175 4518 3192 4536 ο
3239 4498 3429 4578 λύχνοι
3460 4497 3513 4554 δὲ
3545 4499 3630 4553 καὶ
3688 4500 3767 4558 κήν

3375 4589 3489 4643 ἐπεὶ
3547 4583 3672 4661 μηδὲ
3708 4584 3766 4645 εἷς

2160 4684 2411 4748 αἴσθησιν
2463 4681 2636 4736 ἐλθεῖν
2690 4678 2960 4755 δύνανται,
3003 4679 3091 4734 ὅτε
3149 4677 3318 4752 λίθος,
3367 4679 3452 4733 καὶ
3482 4679 3509 4731 6
3560 4673 3762 4754 χαλκὸς,

2159 4775 2247 4829 καὶ
2302 4773 2363 4827 τὸ
2424 4769 2595 4842 ξύλον,
2631 4767 2690 4824 ἐκ
2721 4767 2922 4846 τέχνης
2953 4767 3241 4840 ἀνθρώπων
3271 4766 3762 4836 κατασκευαζόμενα·

2160 4865 2203 4918 εἰ
2247 4860 2301 4916 δὲ
2335 4860 2528 4938 ὲνόεις,
2559 4861 2602 4912 ὧ
2634 4858 2914 4933 ἐπίτροπε,
2950 4858 3039 4912 τον
3077 4854 3244 4920 ὅντως
3279 4857 3408 4911 Θεὸν
3461 4855 3554 4910 οὒκ
3609 4855 3664 4908 ἃν
3713 4854 3768 4922 τῇ

2158 4952 2260 5026 ὕλῃ
2321 4950 2489 5023 ταύτῃ
2546 4948 2830 5023 προσῆψας
2891 4949 3054 5019 τιμὴν
3132 4945 3479 5018 θυμιαμάτων
3535 4942 3766 5003 ἀναισθη-

2159 5043 2328 5096 τοῦσι.
2394 5044 2596 5093 Παῦσαι
2661 5037 2750 5093 οὖν
2815 5040 2912 5100 τῆς
2965 5035 3218 5100 τοιαύτης
3274 5033 3644 5107 ματαιοποιίας
3696 5027 3767 5081 καὶ

2162 5128 2342 5200 δόξαζε
2395 5128 2485 5183 τὸν
2548 5126 2634 5182 ἐπὶ
2677 5126 2889 5183 πάντων
2936 5125 3066 5180 Θεὸν
3097 5125 3306 5179 καὶτὸν
3341 5125 3461 5178 Υίὸν
3512 5119 3660 5178 αὒτοῦ
3696 5116 3768 5171 τὸν

2163 5221 2454 5294 μονογενῆ,
2508 5217 2598 5271 τὸν
2664 5216 2847 5292 Κύριον
2918 5214 3072 5286 ὴμῶν
3130 5211 3344 5278 ’[ησοῦν
3397 5212 3639 5288 Χριστὸν,
3695 5205 3769 5259 τον

2163 5307 2388 5384 Σωτῆρα
2459 5313 2550 5362 τοῦ
2609 5307 2810 5378 κόσμου
2881 5305 2969 5359 καὶ
3047 5303 3386 5377 Δημιουργὸν
3443 5306 3549 5355 τῶν
3605 5298 3768 5373 ψυχῶν

2162 5399 2315 5469 ἡμῶν
2352 5415 2366 5429 ο
2413 5397 2544 5472 πρὸς
2575 5396 2739 5449 ταῦτα
2772 5396 2798 5448 6
2829 5392 3110 5468 ἐπίτροπος
3145 5391 3242 5469 ἔφη
3281 5407 3294 5419 ·
3354 5391 3461 5446 Οὔκ
3510 5385 3766 5460 ἀπολογίιν

2160 5486 2290 5556 ὑπὲρ
2320 5485 2394 5539 ὧν
2426 5482 2631 5560 ἐγκαλῇ
2691 5484 2820 5558 πρὸς
2877 5483 2938 5536 τὸ
2993 5483 3158 5557 παρὸν
3209 5479 3459 5556 εἴρηκας,
3498 5474 3612 5531 ἀλλ’
3641 5475 3767 5545 ἕτεραι

2162 5575 2270 5631 ἀνθ’
2348 5573 2541 5650 ἑτέρων
2576 5588 2588 5602 ⁶
2682 5570 3068 5649 ἐγκαλούμενος
3151 5570 3250 5648 γὰρ
3305 5569 3424 5647 περὶ
3480 5573 3580 5624 τῶν
3633 5567 3761 5630 θεῶν,
