3932 6140
395 267 552 344 1459
1657 279 1939 350 MENSIS

2154 281 2488 352 lUARlUS.
3606 283 3759 357 1460

386 412 1092 506 suspiriumnotamenim
1117 421 1366 506 mentem
1393 431 1558 506 suam
1593 428 1648 478 et
1667 418 1955 479 desideriu

2154 445 2195 480 ιν
2225 423 2390 482 πόθον
2418 425 2553 501 πρὸς
2581 423 2676 483 τὸν
2732 421 2946 504 Κύριον.
3001 424 3176 486 Εἶπεν
3207 428 3298 486 οὖν
3329 427 3360 486 ὁ
3404 424 3703 506 ἰπίτροπος
3739 450 3754 466 ⁸

392 501 777 564 convertebat
801 501 870 563 ad
898 501 1499 566 Dominum.Dicebnt
1523 513 1718 567 autem
1745 523 1955 584 procur

2160 514 2280 591 ικρὰ
2335 514 2502 572 ταῦτα
2554 517 2621 573 τὰ
2679 501 3018 595 γεγενημένα
3064 539 3146 574 σοι
3191 520 3322 598 πρὸς
3359 520 3426 576 τὰ
3483 501 3756 594 μέλλοντα

385 604 522 659 tor:
555 597 738 658 Parva
777 604 938 669 sunt,
975 614 1010 656 o
1041 597 1184 670 Leo,
1221 597 1368 672 haec,
1404 598 1622 678 quibus
1653 599 1900 662 allectus
1932 619 1955 661 ε

2154 605 2493 682 ισανιστήρια
2528 622 2544 637 ⁸
2605 605 2851 673 πείσθητι
2901 609 2989 664 οὖν
3047 630 3139 682 μοι
3187 597 3276 665 καὶ
3323 609 3419 670 τὰς
3453 609 3754 684 νομιζομέ-

387 686 764 777 tor_menta,si
786 684 1248 777 considerantur
1269 705 1402 747 cum
1437 687 1673 777 futuris.
1698 687 1782 751 De
1807 697 1951 751 caete

2154 716 2198 756 ις
2252 696 2432 777 θυσίας
2494 694 2821 772 προσένεγκε
2893 709 3014 761 τοῖς
3065 699 3236 762 θεοις,
3293 689 3354 756 ’0
3388 698 3544 777 ἅγιος
3600 700 3754 755 Λέων

384 773 533 866 mihi
556 782 816 866 pa_re,_e_t
843 773 962 866 diis
1012 775 1184 866 oﬂ'er,
1209 784 1512 866 quaesunt
1539 776 1673 855 lege
1702 777 1955 839 constitu

2154 787 2263 839 ῖπεν
2291 799 2307 814 ⁸
2345 774 2403 842 Ὀ
2434 785 2638 865 φθάσας
2684 785 2846 842 εἷπον
2889 785 3185 860 πολλάκις,
3245 790 3422 845 εἰπεῖν
3440 773 3514 844 ὀῦ
3545 810 3754 866 παραι-

384 863 698 953 sacriticia.
730 863 888 927 Dixit
917 863 981 928 S.
1011 864 1128 927 Leo
1156 882 1168 926 :
1196 863 1243 928 Ο
1266 864 1652 946 judex,quod
1677 885 1836 946 saepe
1856 873 1955 947 prii

2154 872 2362 952 ςσομαι,
2407 871 2488 931 ὅτι
2531 873 2652 930 οὕτε
2683 875 2832 940 θεοὺς
2865 873 3014 950 οἴδα,
3085 876 3204 934 οὔτε
3245 879 3398 935 θύσαι
3459 877 3748 953 τολμήσω,

382 952 656 1028 dixi,non
676 953 966 1016 recusabo
990 973 1197 1016 rursus
1222 955 1426 1016 dicere
1460 973 1474 1017 :
1505 954 1713 1032 Neque
1741 956 1850 1018 hos
1884 975 1955 1018 no

2154 959 2250 1025 δὼς
2303 963 2370 1018 τὰ
2423 963 2831 1044 χρησιμώτάτα
2885 972 2996 1022 τῶν
3052 966 3218 1043 ἁγίων
3275 974 3497 1047 Γραφῶν
3530 952 3752 1046 sapa};

382 1041 551 1117 deos,
599 1061 798 1122 neque
828 1062 1088 1124 unquam
1133 1044 1193 1104 in
1225 1044 1492 1106 animum
1525 1044 1808 1106 inducam
1841 1054 1906 1107 ut
1933 1047 2018 1108 eis
2100 1049 2368 1129 γὲλματα.

379 1132 733 1206 sacriﬁcem,
767 1141 831 1193 ut
860 1132 962 1225 qui
990 1135 1171 1225 sciam
1205 1141 1500 1225 praecepta
1529 1152 1836 1196 sacrarum
1867 1135 2338 1218 Scripturarum.
2361 1137 2456 1204 Dii
2480 1140 2667 1220 enim,
2704 1142 2806 1225 qui
2836 1143 3050 1207 calum
3080 1150 3138 1207 et
3175 1151 3393 1208 terram
3427 1165 3552 1210 non
3577 1147 3748 1212 fece-

381 1228 543 1297 runt,
581 1230 828 1302 pereant
858 1241 892 1283 a
920 1223 1072 1283 facie
1102 1231 1278 1284 terrae
1306 1224 1360 1286 ὃ.

460 1311 712 1374 Vlll.Ad
733 1313 859 1405 haec
876 1312 1024 1405 dixit
1043 1321 1402 1405 procurator
1436 1329 1450 1376 :
1478 1312 1605 1376 Hoc
1629 1313 1955 1405 solnm_die

2184 1309 2275 1383 E'.
2323 1323 2460 1400 Πρὸς
2488 1329 2655 1380 ταῦτα
2711 1323 2739 1380 ὅ
2799 1323 3096 1405 ἐπίτροπος
3136 1327 3297 1383 εἶπεν
3331 1346 3348 1364 ⁸
3388 1337 3550 1388 Τοῦτο
3577 1330 3755 1404 μόνον

379 1398 569 1497 Magni
597 1410 735 1497 sunt
766 1401 871 1478 dii,
903 1411 960 1463 et
989 1401 1344 1497 liber-aberis
1379 1421 1424 1497 aq
1458 1404 1797 1497 tormentis.
1831 1403 1955 1497 Pan

2154 1410 2242 1484 πὲ,
2277 1410 2359 1466 ὅτι
2389 1411 2618 1490 μεγάλοι
2650 1416 2696 1470 οἱ
2727 1416 2857 1490 θεοὶ,
2923 1417 3012 1473 καὶ
3053 1414 3398 1475 ἀπαλλάττου
3433 1433 3448 1448 ⁸
3494 1417 3753 1497 φείδομαι

385 1492 544 1583 enim
579 1491 708 1568 libi,
745 1500 901 1554 tuam
929 1493 1266 1583 respiciens
1295 1493 1667 1568 canitiem,et
1695 1494 1873 1556 alium
1908 1495 1955 1556 h:

2154 1499 2204 1575 ίρ
2247 1521 2342 1555 σου
2393 1509 2492 1576 τδιν
2548 1523 2606 1558 τε
2658 1502 2850 1560 πολιὰν
2883 1502 3034 1568 εἰδὼς
3078 1507 3168 1562 καὶ
3198 1507 3297 1574 τὴν
3327 1509 3632 1583 προσοῦσαν
3661 1528 3751 1562 σοι

385 1577 572 1674 bitum
591 1583 886 1661 corporis.
927 1581 1084 1644 Dixit
1104 1580 1289 1644 S.Leo
1319 1583 1630 1674 :llocipse
1653 1603 1894 1665 quoque
1924 1588 1955 1648 d

2154 1589 2201 1658 εν
2259 1611 2316 1645 τε
2376 1589 2548 1658 ἄλλην
2596 1595 2691 1648 τοῦ
2737 1595 2991 1670 σώματος
3019 1595 3373 1658 κατάστασιν.
3407 1598 3544 1674 Πρὸς
3578 1599 3753 1653 ταῦτα

381 1672 603 1760 aerim,
629 1690 733 1733 eos
753 1689 958 1734 revera
985 1691 1120 1735 esse
1143 1691 1388 1750 magnos
1409 1682 1467 1735 et
1491 1673 1742 1735 idoneos
1764 1674 1837 1736 ad
1870 1693 1955 1755 pe:

2169 1679 2322 1758 ἅγιος
2373 1680 2519 1737 Λέων
2577 1683 2737 1739 εἶπεν
2769 1699 2785 1714 ⁸
2835 1693 3002 1742 Τουτο
3053 1684 3115 1739 ἂν
3166 1685 3379 1760 εἴποιμι
3436 1688 3522 1742 καὶ
3554 1688 3748 1760 αὒτὸς,

380 1759 608 1822 dendas
624 1761 853 1856 animas
872 1781 1004 1856 qua:
1020 1761 1166 1843 ipsis
1179 1763 1623 1856 credunt.Dixit
1638 1763 1724 1825 ira
1748 1765 1955 1844 perciti

2154 1793 2170 1834 ;
2224 1768 2438 1838 άληθῶς
2497 1771 2725 1849 μεγάλοι
2772 1773 2860 1830 καὶ
2900 1774 3078 1830 ἱκανοί
3108 1775 3290 1856 ψυχὰς
3322 1759 3582 1832 άπολέσαι
3615 1759 3750 1838 ταῖς

377 1861 728 1928 procurator
758 1870 773 1912 :
805 1851 999 1916 Jubeo
1033 1862 1091 1914 te
1149 1853 1304 1916 trabi
1338 1872 1444 1934 per
1476 1862 1692 1934 petras,
1731 1863 1948 1935 tanqna

2159 1862 2466 1922 στευούσαις
2527 1865 2737 1924 αὖτοϊς,
2829 1863 3098 1936 Θυμωθεὶς
3157 1864 3249 1919 οὗν
3336 1867 3364 1922 ὁ
3451 1865 3751 1941 ἐπίτροπος

376 1941 578 2031 furore
602 1950 1036 2022 correptum,et
1057 1943 1141 2004 sic
1165 1944 1316 2004 mori
1339 1942 1751 2005 acerbe.Dixit
1773 1946 1834 2002 Β.
1863 1946 1955 2006 ιθε

2158 1971 2254 2006 πεν
2287 1965 2302 1980 ⁸
2366 1947 2719 2028 Ἐλευσθῇναί
2763 1974 2821 2008 σε
2882 1953 3202 2030 προστάττω
3233 1954 3368 2010 κατὰ
3413 1957 3624 2031 πετρῶν
3673 1957 3752 2016 ὡς

375 2029 584 2105 Quivis
619 2032 825 2092 mortis
857 2033 1071 2094 modus
1117 2040 1210 2094 est
1261 2033 1406 2093 mihi
1431 2031 1737 2112 jucundus
1771 2042 1955 2112 propti

2154 2039 2379 2113 εμηνότα
2429 2041 2517 2096 καὶ
2549 2039 2717 2104 οὕτως
2748 2029 3017 2104 τεθνάναι,
3055 2043 3154 2099 Καὶ
3186 2044 3214 2098 δ
3252 2029 3525 2120 μακάριος
3561 2041 3748 2102 Λέων.

373 2139 626 2200 regnum
651 2123 1068 2184 coeleste.Eam
1096 2123 1253 2183 enim
1277 2139 1418 2183 voco
1441 2121 1618 2183 vitam
1653 2131 1711 2183 et
1731 2122 2006 2199 salutem,

372 2220 848 2292 qum,postquam
875 2211 1016 2273 hinc
1040 2209 1553 2284 excessero,dabit
1581 2210 1725 2271 mibi
1751 2219 1811 2272 ut
1835 2211 2009 2272 habi-

370 2305 491 2360 tem
524 2318 656 2361 cum
707 2302 932 2362 sanctis
989 2299 1365 2381 martyribus.
1419 2299 1576 2362 Dixit
1609 2309 2001 2379 procurator:

373 2388 606 2464 Patre,o
625 2390 970 2470 Leo,edicto
990 2391 1068 2452 im
1079 2398 1516 2470 peratorum,et
1535 2389 1656 2464 die,
1683 2390 1778 2452 Dii
1797 2408 2007 2452 serva-

367 2485 554 2553 tores,
587 2482 869 2560 quoniam
903 2497 965 2542 es
997 2479 1220 2556 alioqui
1255 2481 1375 2542 cito
1407 2480 1624 2542 acerbe
1655 2481 2000 2543 moriturus.

367 2566 529 2630 Dixit
557 2577 753 2630 autem
805 2567 870 2632 S.
904 2571 1020 2632 Leo
1051 2587 1065 2632 :
1124 2568 1172 2632 Ο
1197 2569 1403 2650 judex,
1441 2569 1588 2631 mihi
1621 2570 1843 2631 videris
1873 2589 2006 2632 esse

365 2657 540 2720 valde
585 2657 946 2734 imbecillus,
981 2659 1080 2739 qui
1126 2660 1321 2722 solum
1349 2659 1586 2720 assidue
1611 2659 1756 2720 mihi
1796 2659 2005 2721 verbis

367 2747 864 2828 mineris,praeter
895 2748 1073 2810 verba
1096 2758 1294 2810 autem
1329 2749 1478 2810 nihil
1512 2748 1869 2811 facias.Cum
1895 2768 2003 2812 ve-

363 2852 432 2897 ro
460 2846 705 2918 propter
735 2839 859 2899 haec
910 2838 1271 2901 seditionem
1327 2845 1605 2917 agitasset
1658 2839 2002 2912 multitudo,

364 2926 536 2988 valde
569 2928 952 3007 perturbatus
977 2937 1349 3007 procurator,
1375 2929 1552 3006 jussit
1585 2937 1854 2989 Sanctum
1875 2930 2005 3011 qui-

364 3015 500 3076 dem
535 3017 666 3096 capi
698 3017 977 3097 pedibus,
1034 3017 1184 3078 trahi
1223 3027 1420 3078 autem
1457 3017 1518 3079 in
1551 3025 1906 3092 torrentem,
1940 3019 1998 3078 in

362 3121 434 3166 eo
462 3105 728 3166 ultimum
763 3107 1037 3167 daturum
1069 3106 1460 3187 supplicium.

443 3194 693 3258 lX.Cum
722 3196 922 3277 itaque
944 3199 1300 3258 sententiam
1324 3196 1766 3276 pronuntiasset
1789 3212 2000 3276 procu-

357 3292 542 3359 rator,
579 3285 774 3346 statim
804 3285 958 3347 servi
994 3286 1218 3366 peccati
1255 3293 1312 3347 et
1337 3287 1588 3347 ministri
1613 3284 1995 3347 tenebrarum

2095 2126 2285 2204 Ἐμοί,
2345 2130 2528 2208 φησὶν,
2610 2128 2738 2196 ἡδὺς
2807 2137 2911 2192 πᾶς
2963 2131 3194 2187 θανάτου
3253 2132 3452 2209 τρόπος
3496 2130 3581 2187 διὰ
3646 2133 3751 2201 τὴν

2093 2213 2401 2294 ἐπουρανίων
2456 2214 2730 2292 βασιλείαν
2768 2232 2785 2248 ⁸
2845 2216 3050 2285 ταύτην
3094 2219 3195 2297 γὰρ
3234 2219 3379 2290 ζωὴν
3421 2220 3515 2274 καί
3543 2241 3740 2286 σωτη-

2091 2307 2207 2383 ρίαν
2262 2303 2435 2378 καλῶ,
2468 2305 2589 2372 ἥτις
2643 2307 2740 2374 τὴν
2786 2309 3100 2374 συνοίκησιν
3130 2312 3231 2375 τὴν
3264 2309 3399 2382 μετᾶ
3428 2313 3534 2364 τῶν
3565 2310 3748 2386 ἁγίων

2092 2394 2230 2470 μετὰ
2286 2395 2386 2461 τὴν
2445 2394 2767 2473 ἀπαλλαγὴν
2797 2397 2896 2464 τὴν
2930 2397 3167 2454 ἐντεῦθεν
3202 2396 3478 2475 δωρεῖται,
3516 2389 3572 2455 (Ο
3608 2398 3746 2454 ἐπί-

2089 2506 2286 2557 τροπος
2345 2483 2503 2542 εἶπεν
2533 2502 2550 2520 ⁸
2603 2485 2857 2552 Πείσθητι
2901 2487 2978 2560 τῷ
3009 2487 3383 2564 προστάγματι
3430 2489 3518 2542 καὶ
3574 2485 3738 2566 λέγε,

2089 2574 2169 2629 ὅτι
2213 2578 2450 2651 σωτῆρες
2483 2577 2530 2630 οἱ
2572 2577 2704 2644 θεοι,
2763 2575 2798 2642 ἢ
2852 2574 2962 2632 ἴσθι
2993 2575 3121 2651 παρ’
3153 2577 3286 2632 αὐτὰ
3316 2576 3740 2651 τεθνηξόμενος,

2092 2655 2149 2721 Ὀ
2182 2663 2335 2740 ἅγιος
2368 2663 2516 2719 Λέων
2547 2664 2708 2720 εἶπεν
2741 2679 2755 2694 ⁸
2792 2662 2934 2720 Πολύ
2964 2686 3054 2738 μοι
3088 2663 3266 2730 δοκεῖς
3296 2667 3562 2737 ἀσθενεῖν,
3599 2689 3743 2724 συν-

2089 2755 2235 2832 εχῶς
2267 2775 2359 2827 μοι
2395 2752 2578 2831 λόγοις
2610 2752 2871 2829 ἀπειλῶν,
2907 2752 3046 2828 μηδὲ
3103 2753 3159 2810 δὲ
3217 2754 3384 2832 πέρας
3413 2761 3520 2810 τῶν
3549 2753 3738 2832 λόγων

2087 2839 2567 2921 διαπραττόμενος.
2592 2844 2989 2908 Στασιάσαντος
3021 2841 3075 2898 δὲ
3106 2843 3191 2899 ἐπὶ
3220 2845 3424 2909 τούτοις
3454 2851 3549 2900 τοῦ
3576 2847 3732 2914 πλή-

2086 2934 2228 3005 θους,
2275 2933 2562 3011 ταραχθεὶς
2631 2933 2657 2988 δ
2724 2933 3034 3012 ἐπίτροπος,
3101 2931 3392 3010 ἐπέτρεψεν
3447 2931 3734 3007 λαμϐάνε-

2085 3025 2202 3077 σθαι
2274 3021 2373 3095 μὲν
2428 3027 2535 3076 τῶν
2585 3020 2763 3077 ποδῶν
2806 3022 2899 3077 τὸν
2941 3022 3121 3100 ἅγιον,
3157 3021 3404 3079 ἕλκεσθαι
3433 3021 3486 3077 δὲ
3517 3025 3604 3079 ἱπῖ
3639 3025 3734 3080 τὸν

2081 3109 2432 3189 χειμάρρουν,
2468 3109 2522 3166 ἐν
2551 3111 2728 3183 τούτῳ
2757 3107 2996 3167 δώσοντα
3026 3112 3125 3178 τὴν
3158 3113 3438 3190 τιμωρίαν.

2164 3200 2256 3262 Θ’.
2319 3200 2481 3265 Εὗθὺς
2541 3199 2630 3255 οὖν
2693 3199 3110 3280 ἀποφηναμένου
3167 3210 3263 3260 τοῦ
3304 3201 3622 3279 ἐπιτρόπου,
3675 3205 3728 3258 οἱ

2081 3294 2178 3356 τῆς
2235 3289 2494 3365 ἁμαρτίας
2555 3287 2790 3346 διακόνοι
2836 3290 3025 3346 εἷλκον
3068 3291 3160 3345 τὸν
3203 3290 3471 3367 μακάριον
3522 3291 3730 3348 Λέοντα

357 3373 594 3435 beatum
615 3374 873 3435 Leonem
903 3383 1211 3437 traxerunt
1235 3375 1294 3435 in
1321 3385 1648 3436 torrentem
1671 3375 1955 3436 inhuman

2154 3379 2217 3434 τὰ
2259 3379 2354 3434 τοῦ
2398 3379 2694 3458 χειμάρῥου
2751 3379 2915 3452 ὠμῶς
2942 3379 3030 3434 καὶ
3061 3377 3312 3442 ἆνιλεῶς,
3347 3381 3730 3456 Πεπληρωμέ-

362 3463 959 3526 etcrudeliter.Tunc
979 3465 1177 3526 sciens
1201 3483 1334 3526 esse
1357 3463 1670 3544 impletum
1695 3483 1867 3526 suum
1894 3463 1999 3525 de-

361 3553 674 3628 siderium,
713 3554 784 3614 ad
818 3553 1000 3614 Deum
1025 3554 1321 3615 extollens
1351 3554 1678 3630 oculos,sic
1708 3553 1888 3632 coepit
1911 3553 1997 3614 di—

359 3660 496 3703 cere
535 3659 548 3703 :
576 3641 827 3704 Domine
850 3641 994 3704 Jesu
1019 3642 1272 3719 Christe,
1310 3662 1418 3721 ago
1445 3643 1548 3703 tibi
1583 3643 1804 3721 gratias
1837 3661 1996 3704 nunc

359 3737 419 3792 et
450 3730 508 3790 in
541 3731 781 3805 smcula,
821 3731 977 3810 quod
1025 3749 1117 3792 me
1157 3750 1275 3791 non
1299 3730 1402 3791 diu
1433 3731 1811 3811 superaveris
1841 3749 1873 3791 a
1904 3731 1996 3792 fa-

358 3820 519 3880 mulo
543 3827 640 3880 tuo
665 3818 1124 3897 Paregorio,sed
1159 3819 1304 3881 mihi
1324 3820 1588 3881 velocem
1617 3820 1994 3882 occasionem

355 3907 596 3970 dederis
627 3927 761 3969 eum
804 3909 1120 3989 sequendi.
1174 3912 1364 3972 Laetor
1397 3928 1537 3987 ergo
1573 3909 1645 3970 iis
1677 3928 1808 3990 quae
1838 3910 1996 3972 facta

353 4005 512 4062 sunt:
541 4009 756 4077 nempe
779 3997 935 4078 quod
965 4017 1070 4078 pro
1100 3999 1249 4060 meis
1271 3999 1579 4079 prioribus
1604 3999 1865 4080 peccatis
1891 4019 1993 4060 no-

352 4105 486 4147 vum
504 4087 782 4149 viaticum
807 4088 1038 4168 accipio
1059 4088 1404 4168 martyrium
1422 4089 1675 4169 ,etquod
1698 4089 1756 4148 in
1779 4108 1991 4150 manus

352 4178 702 4254 angelorum
730 4185 968 4239 tuorum
993 4196 1188 4238 meum
1216 4177 1384 4238 trado
1409 4178 1709 4256 spiritum,
1732 4179 1789 4239 in
1813 4188 1990 4241 ceter-

353 4285 493 4326 num
548 4266 701 4328 liber
731 4266 1174 4327 conservandus
1225 4285 1258 4327 a
1283 4267 1514 4346 judicio
1550 4269 1986 4347 improborum.

353 4353 545 4433 Atque
583 4373 689 4434 pro
725 4354 798 4413 iis
829 4354 1073 4430 quidem
1108 4372 1239 4433 quae
1263 4355 1322 4413 in
1351 4372 1444 4414 me
1468 4355 1771 4428 ﬁunt,esto
1799 4356 1868 4415 iis
1889 4355 1990 4435 qui

351 4444 480 4503 ausi
504 4453 639 4504 sunt
666 4443 983 4524 propitius:
1013 4443 1102 4504 eis
1126 4451 1322 4503 autem
1351 4443 1714 4515 concede,ut
1735 4452 1790 4505 te
1811 4465 1992 4522 agno-

349 4541 511 4590 scant
530 4535 706 4589 Deum
733 4536 1159 4590 universorum:
1187 4537 1458 4604 quoniam
1485 4548 1599 4590 non
1630 4537 1714 4591 vis
1736 4533 1986 4604 aliquem

352 4619 570 4698 perire,
597 4619 699 4678 sed
736 4637 945 4679 omnes
976 4636 1110 4679 esse
1141 4618 1334 4678 salvos
1365 4627 1423 4679 et
1451 4618 1656 4680 venire
1688 4619 1758 4679 ad
1792 4621 1986 4700 paeni-

350 4709 622 4772 tentiam.
660 4709 812 4782 Quin
862 4709 1039 4770 etiam
1090 4708 1337 4769 cuilibet
1368 4709 1466 4788 qui
1499 4710 1735 4770 invocat
1767 4728 1982 4771 nomen

351 4817 574 4874 meum,
610 4798 905 4872 condona,
944 4797 1220 4874 Domine,
1256 4817 1362 4859 sua
1396 4807 1732 4879 peccata,et
1755 4800 1985 4861 colloca

349 4907 510 4964 eum,
547 4888 644 4949 ubi
680 4889 874 4950 videat
905 4888 1099 4949 lucem
1151 4890 1347 4949 vultus
1381 4891 1486 4964 tui,
1514 4890 1794 4970 quoniam
1833 4899 1891 4950 tu
1919 4909 1984 4951 es

345 4977 502 5040 Deus
533 4978 696 5040 solus
738 4980 968 5059 patiens
999 4985 1057 5038 et
1099 4977 1298 5038 multae
1331 4977 1785 5052 misericordiae,
1821 4988 1880 5040 et
1924 4992 1983 5042 te

345 5068 520 5130 decet
549 5068 736 5147 gloria
767 5068 824 5128 iu
853 5066 1074 5129 saecula
1103 5067 1478 5129 saeculorum.
1507 5069 1700 5130 Amen
1737 5069 1844 5148 (l).

423 5157 495 5222 X.
531 5157 844 5240 Postquam
877 5159 1060 5219 Amen
1089 5156 1298 5219 stricta
1329 5175 1474 5218 voce
1507 5158 1976 5237 pronuntiasset,

343 5247 619 5330 Spiritum
643 5247 878 5310 tandem
895 5246 1207 5328 expulsum
1227 5246 1480 5310 Domino
1494 5256 1660 5328 grato
1675 5248 1874 5310 animo
1891 5267 1981 5312 re.

420 5409 454 5460 ὅ
478 5409 599 5475 Jer.
634 5428 692 5491 ι,
732 5410 830 5474 ll.

2083 3491 2171 3523 νου
2215 3468 2301 3525 οὖν
2347 3471 2509 3526 αὐτου
2552 3477 2646 3526 τεῦ
2705 3467 2930 3540 σκόπου,
3001 3468 3278 3532 ἀνατείνας
3342 3469 3463 3533 τοὺς
3518 3469 3730 3547 ὀφθαλ-

2081 3558 2214 3630 μοὺς
2267 3558 2396 3633 πρὸς
2454 3558 2547 3612 τὸν
2579 3558 2735 3633 Θεὸν,
2768 3555 2962 3630 ἤρξατο
2994 3556 3172 3634 λέγειν
3208 3577 3223 3590 ⁸
3266 3559 3583 3637 Εὖχαριστῶ
3614 3582 3727 3634 σοι,

2081 3647 2254 3725 Πάτερ
2283 3656 2374 3705 τοῦ
2420 3647 2668 3722 Χριστοῦ,
2703 3646 2760 3707 ὃς
2795 3644 2880 3701 ἐπὶ
2911 3643 3047 3701 πολὺ
3106 3648 3166 3703 οὗ
3223 3645 3568 3726 διεχώρησας
3629 3649 3730 3722 ἒμέ

2081 3757 2137 3791 τε
2169 3737 2257 3791 καὶ
2300 3737 2394 3790 τὸν
2439 3734 2653 3798 οἰκέτην
2699 3734 2790 3790 τὸν
2844 3734 2937 3790 σόν
2965 3735 3327 3815 Παρηγόριον,
3361 3733 3480 3791 ἀλλ’
3517 3735 3728 3816 Eri-Au-

2081 3826 2170 3889 νσίς
2218 3848 2308 3900 μοι
2365 3822 2747 3900 δωρησάμενος
2807 3824 3072 3903 πρόφασιν
3131 3824 3493 3892 ἆιολουθῆσαι
3549 3830 3723 3888 αὐτῶ,

2079 3917 2258 3992 Χαίρω
2282 3915 2454 3970 τοίνυν
2483 3914 2571 3969 επὶ
2618 3927 2735 3976 τοῖς
2780 3914 3117 3993 γενομένοις,
3163 3913 3245 3970 ὅτι
3289 3915 3402 3970 ἀντὶ
3431 3917 3539 3972 τῶν
3583 3938 3726 3993 προ-

2077 4007 2240 4082 τέρων
2284 4026 2387 4077 μου
2446 4003 2851 4080 ἁμαρτημάτων
2909 4002 3115 4083 ἐφόδιον
3190 4004 3374 4059 ἱκανὸν
3433 4004 3724 4080 κομίζομαι

2076 4093 2134 4150 τὸ
2195 4093 2478 4170 μαρτύριον
2527 4092 2624 4147 καῖ
2669 4091 2750 4148 ὅτι
2783 4093 2858 4154 εἰς
2890 4106 3086 4171 χεῖρας
3118 4092 3365 4171 ἀγγέλων
3413 4116 3507 4152 σου
3536 4116 3722 4169 παρα-

2075 4184 2255 4258 τίθημι
2301 4184 2361 4238 τὸ
2418 4181 2628 4255 πνεῦμά
2674 4204 2796 4256 μου,
2862 4180 3134 4258 ἐλεύθερος
3188 4184 3263 4246 εἰς
3298 4184 3390 4238 τὸν
3420 4185 3586 4239 αἰῶνα
3618 4190 3722 4250 τῆς

2074 4275 2182 4329 τῶτ
2240 4272 2455 4327 ἀτόπων
2513 4271 2738 4348 κρίσεως
2815 4269 3323 4350 φυλαχθησόμενος,
3388 4273 3556 4350 ’Υπὲρ
3631 4278 3723 4330 οὖν

2072 4365 2176 4418 τῶν
2221 4359 2340 4418 κατ’
2386 4361 2481 4436 ἐμὲ
2527 4359 2814 4438 δρωμένων
2847 4368 3003 4438 γενοῦ
3034 4360 3133 4435 μὲν
3163 4360 3314 4426 ἵλεος
3347 4376 3464 4428 τοῖς
3492 4361 3720 4436 τολμῶ-

2073 4473 2155 4506 σιν
2189 4468 2204 4483 ⁸
2267 4451 2488 4529 χάρισαι
2541 4449 2596 4505 δὲ
2646 4451 2832 4514 αὒτοῒς
2893 4451 3182 4526 ἐπιγνῶναί
3225 4473 3282 4506 σε
3315 4454 3404 4507 τὸν
3436 4450 3542 4506 τῶν
3575 4451 3721 4510 ὅλων

2073 4540 2204 4597 Θεόν
2238 4556 2252 4570 ⁸
2287 4541 2348 4594 σὺ
2379 4539 2480 4617 γὰρ
2512 4539 2568 4595 εἴ
2616 4537 2829 4605 ἀληθῶς
2889 4542 2916 4594 ὁ
2961 4539 3039 4616 μὴ
3070 4537 3394 4615 βουλόμενος
3431 4543 3524 4596 τὸν
3553 4544 3722 4599 Div:-

2068 4652 2158 4686 τον
2197 4630 2292 4684 τοῦ
2347 4626 2688 4705 ἆμαρτωλοῦ,
2737 4630 2810 4689 ὡς
2853 4627 2952 4696 τήν
3009 4631 3296 4703 μετάνοιαν
3326 4645 3342 4661 ⁸
3409 4631 3437 4685 ὃ
3483 4633 3571 4687 καὶ
3623 4638 3714 4688 τοῦ

2008 4719 2263 4789 ﬁnitioni;
2313 4719 2468 4790 ἡμῶν
2519 4716 2718 4773 ἄπονον
2762 4717 2864 4784 τὴν
2907 4719 3188 4791 ὒπομοιῆν
3232 4719 3628 4797 χαρισάμενος,
3664 4721 3718 4777 ἐν

2068 4813 2280 4886 Χριστῷ
2312 4805 2494 4871 Ἰησοῦ
2524 4811 2600 4878 τῷ
2636 4806 2807 4884 Κυρίῳ
2837 4808 3016 4884 ἡμῶν,
3049 4805 3170 4881 μεθ’
3200 4807 3260 4864 οὗ
3317 4814 3394 4881 τῷ
3453 4811 3624 4885 Πατρὶ
3681 4812 3717 4880 ἦ

2067 4893 2186 4962 δόξα
2217 4897 2303 4952 καὶ
2336 4898 2397 4950 τὸ
2430 4895 2623 4974 κράτος
2655 4896 2727 4960 εἰς
2753 4896 2870 4961 τοὺς
2904 4896 3125 4960 αἰῶνας.
3159 4895 3358 4972 Ἀμήν,

2145 5150 2208 5220 Ῑ’.
2241 5163 2336 5224 Ὦς
2370 5159 2424 5217 δὲ
2467 5164 2551 5235 τὸ,
2599 5163 2800 5239 Ἀμὴν,
2847 5162 2982 5239 μετὰ
3026 5162 3235 5230 πολλῆς
3284 5166 3578 5242 προθυμίας
3616 5188 3710 5222 χε-

2065 5251 2276 5329 κραγὼς
2307 5251 2642 5328 ἀνέπεμψεν,
2682 5250 2801 5329 μετ’
2839 5252 3184 5332 εὔχαρισιίας
3242 5255 3302 5311 τὸ
3365 5261 3577 5333 πνεῦμα
3637 5263 3714 5331 τῷ

427 5569 512 5661 (fl)
546 5569 865 5661 sequentia
913 5588 1100 5652 usque
1153 5570 1224 5634 ad
1257 5570 1436 5633 ﬁnem
1488 5571 1770 5638 omiserat
1819 5574 2116 5661 interpres
2162 5572 2318 5658 apud
2349 5569 2615 5637 Surium.
2651 5571 3064 5658 Supplevimus
3095 5593 3164 5639 ex
3207 5573 3708 5660 interpretatione

341 5655 544 5715 nostra
571 5649 737 5716 Eutr.
770 5653 948 5716 Pam.
