3932 6140
157 263 311 333 1461

1197 254 1385 330 VITA
1431 257 1534 328 SS.
1581 261 1860 332 LEONIS
1904 251 2003 327 ET
2047 253 2486 328 PAREGORII.

3379 250 3531 325 1462

148 404 333 482 Κυρίῳ
381 400 732 484 παρέδωκε-θ’
781 401 826 460 οἱ
872 400 928 460 δὲ
971 407 1072 472 τῆς
1123 403 1350 480 ἀνομίας
1406 402 1666 480 ὑπηρέται

1981 396 2234 462 sit.Tum
2269 392 2598 476 iniquitatis
2615 383 2784 484 servi
2817 383 3009 455 sancti
3040 391 3327 484 reliquias
3349 392 3407 454 in
3429 409 3531 454 ru-

145 513 300 557 τινος
365 493 791 569 ἀνακομίσαντες
836 491 1048 568 ὑψηλοῦ
1106 492 1249 551 λίθου
1306 495 1366 549 τὸ
1410 490 1659 568 λείψανον
1716 499 1809 550 τοῦ

145 582 332 660 ἁγίου,
403 583 574 649 03m»,-
632 583 818 664 ἀφιᾶσι
877 585 1014 642 κατὰ
1069 583 1166 652 τῆς
1249 583 1522 663 φάραγγος
1558 601 1572 617 °
1635 583 1696 639 τὸ
1753 579 1808 636 δὲ

145 676 315 747 σῶμα
359 674 690 752 κατενεχθὲν
731 671 963 748 οὐδαμοῦ
1006 671 1332 752 διεσπάσθη,
1375 671 1498 730 ἀλλ’
1559 671 1593 740 ἢ
1641 669 1807 736 οὕτως

141 760 376 838 ἠρέμως
436 761 749 842 κατηνέχθη
787 781 801 796 ο
863 761 1036 828 ἔδοξεν
1107 761 1162 842 δὲ
1213 761 1274 818 ἐκ
1329 766 1428 829 τῆς
1466 761 1805 841 τραχύτητος

142 848 400 926 ξέσματα
487 841 782 928 λαμϐάνειν
857 849 1036 930 δλίγα,
1125 841 1182 910 εΟ
1264 851 1360 927 μὲν
1433 847 1804 929 γενναιότατος

140 939 299 994 Λέων
357 939 537 1014 τούτῳ
578 944 654 1014 τῷ
692 940 877 1019 τρόπῳ
923 942 1018 996 τοῦ
1063 936 1309 996 διαϐόλου
1369 941 1666 1016 κρατήσας,
1701 939 1808 996 τῶν

135 1027 392 1094 ὶπαξίων
438 1030 708 1110 στεφάνων
766 1028 1012 1097 ἠξίωται.
1088 1025 1313 1096 Ἐπειδὴ
1372 1027 1428 1084 δὲ
1485 1027 1684 1086 δίκαιον
1742 1028 1808 1096 ἧν

137 1120 245 1184 τὴν
307 1124 428 1175 τῶν
480 1119 860 1198 γεγενημένων
891 1116 1288 1198 μεγαλουργίαν
1318 1117 1392 1180 είς
1423 1115 1556 1174 ἰδίαν
1600 1115 1806 1198 φυλάτ-

141 1209 334 1263 τεσθαι
398 1205 550 1273 δόξαν
609 1209 699 1264 καὶ
752 1208 852 1274 τὴν
905 1213 1013 1264 τῶν
1073 1206 1390 1285 εὐεργεσιῶν
1465 1207 1688 1282 μνήμην
1732 1207 1807 1270 εἰς

142 1294 422 1390 ἔλεγχοη
450 1303 558 1352 τῶν
602 1295 1002 1375 γεγενημένων,
1040 1294 1205 1376 μέχρι
1239 1305 1330 1354 τοῦ
1373 1302 1460 1353 νῦν
1511 1293 1735 1365 σώζεται
1779 1296 1808 1352 ὃ

143 1384 348 1448 τόπος.
402 1383 570 1443 Ὅπου
630 1386 730 1464 γὰρ
787 1387 850 1442 τὸ
909 1391 1064 1461 σῶμα
1123 1383 1440 1464 κατηνέχθη
1498 1387 1593 1441 τού
1634 1385 1805 1462 ἁγίου,

145 1472 492 1549 κρημνώδης
534 1495 615 1540 τις
657 1475 746 1530 καὶ
802 1471 997 1538 ἄϐατος
1055 1472 1312 1553 πρότερον
1373 1472 1471 1546 ὢν,
1506 1475 1580 1537 ὡς
1630 1475 1716 1531 καὶ
1749 1473 1809 1530 ἐκ

145 1563 332 1636 μόνης
366 1568 469 1631 τῆς
500 1563 620 1628 θέας
664 1560 900 1618 κίνδυνον
932 1563 1203 1637 ἀπειλεῖν,
1255 1571 1342 1622 νῦν
1403 1561 1674 1628 ἀκίνδυνος
1719 1564 1810 1620 καὶ

145 1651 418 1730 ἀσφαλὴς
475 1651 572 1709 ἀπ’
627 1652 828 1712 ἐκείνου
885 1651 1130 1731 γέγονεν,
1192 1650 1460 1718 Πολλάκις
1536 1652 1636 1730 γὰρ
1717 1654 1806 1709 καὶ

1893 508 2028 570 pem
2061 486 2330 550 sublatas
2356 501 2428 546 ex
2461 485 2576 545 alto
2611 481 2672 543 in
2703 482 3035 544 convallem
3070 479 3534 562 dejecerunt,ita

1893 587 2090 642 tamen
2123 585 2190 640 ut
2215 594 2432 656 corpus
2463 572 2680 636 leviter
2710 571 2867 635 inter
2897 572 3238 634 cadendum
3268 572 3530 646 allisum,

1889 677 2105 730 ctetero
2126 665 2379 728 illaesum
2403 662 2838 726 videretur.Sic
2862 661 3098 736 Leo,vir
3118 660 3532 724 nobilissimus

1891 757 2127 818 diabolo
2160 761 2464 836 superato,
2493 753 2734 814 coronis
2765 769 2910 832 quas
2942 751 3168 832 optime
3205 758 3528 826 meruerat,

1892 855 1982 909 est
2011 842 2434 916 ornatus.Quia
2457 849 2656 903 autem
2678 840 2830 902 illud
2853 840 3262 920 factum,quod
3288 839 3363 901 ad
3389 857 3532 920 per-

1893 944 2134 1015 petuam
2168 933 2256 996 rei
2282 931 2629 994 memoriam
2684 938 3039 1004 servaretur,
3071 930 3318 1007 dignum
3348 937 3531 1005 esset,

1892 1025 2060 1086 locus
2092 1024 2580 1103 iste,pr:eruptus
2605 1028 2662 1082 et
2691 1020 3032 1082 inaccessus
3055 1028 3374 1100 antequam
3403 1037 3536 1081 san-

1891 1115 1965 1176 cti
1988 1131 2206 1191 corpus
2231 1109 2874 1190 tetigisset,hodienum
2897 1107 3049 1171 lenis
3071 1116 3130 1172 et
3152 1109 3388 1189 pervius
3407 1126 3534 1172 cer-

1892 1204 2256 1282 nitur.Szepe
2281 1201 2443 1263 enim
2464 1207 2682 1281 smpius
2700 1199 2811 1262 viri
2835 1199 3534 1280 mulieresqnejumenta

1892 1311 2131 1375 quoque
2157 1291 2215 1352 in
2242 1293 2417 1352 istum
2443 1292 2789 1368 voraginem
2815 1290 2945 1351 sine
2969 1289 3176 1350 dolore
3198 1296 3298 1350 aut
3318 1286 3531 1350 vulne-

1891 1401 1959 1444 re
1984 1382 2228 1461 delapsa
2274 1380 2651 1460 referuntur;
2695 1379 2814 1440 imo
2839 1377 2976 1459 equi
3001 1378 3299 1459 quondam
3325 1375 3530 1440 currui

1885 1472 2088 1552 juncti
2107 1489 2238 1532 cum
2265 1487 2404 1531 casu
2429 1468 2584 1529 fatali
2608 1467 2821 1530 eodem
2846 1468 3074 1548 delapsi
3100 1475 3322 1542 essent,
3352 1467 3527 1528 inco-

1890 1562 2082 1623 lumes
2113 1578 2180 1621 ac
2204 1559 2346 1621 salvi
2383 1559 2524 1619 inde
2555 1564 2894 1622 evaserunt.
2933 1561 3244 1619 Postremo
3276 1557 3526 1618 fratrum

1889 1649 2300 1729 benignissimi
2321 1647 2510 1709 sancti
2530 1647 2803 1727 martyris
2822 1665 3039 1728 corpus
3060 1646 3386 1725 diligenter
3401 1665 3527 1709 sus-

143 1738 347 1818 ἅνδρες
409 1741 499 1798 καὶ
557 1754 810 1818 γυναῖκες
865 1741 953 1798 καὶ
1011 1739 1164 1820 ἕτερά
1226 1763 1342 1798 τινα
1383 1745 1493 1811 ζῶα
1551 1742 1696 1821 ἄατος

1979 1745 2244 1819 erunt,et
2263 1737 2486 1798 vultum
2511 1735 2679 1818 quasi
2704 1737 3000 1798 ridentem
3035 1735 3306 1799 videntes
3333 1735 3529 1797 mirati

141 1850 323 1886 σαντα
382 1830 478 1898 τῆς
536 1827 655 1886 ὁδοῦ
708 1829 826 1886 κατ’

137 1919 232 1974 καὶ
299 1917 426 1976 οὐδὲ
469 1919 600 1998 πρὸς
644 1921 707 1976 τὸ
751 1919 1091 1998 βραχύτατον
1122 1917 1350 1995 ᾔσθοντο
1379 1921 1568 1997 πόνου,
1626 1921 1713 1976 καὶ
1741 1922 1804 1976 τὸ

141 2005 208 2074 δὴ
265 2009 531 2088 μέγιστον
578 2006 772 2088 ὄχημα
836 2029 968 2065 ποτε
1014 2009 1106 2064 σὺν
1149 2021 1268 2072 τοῖς
1313 2007 1526 2066 ἕλκουσι
1583 2011 1801 2080 κτήνεσι

139 2098 509 2178 κατενεχθὲν,
563 2097 760 2164 παντός
835 2097 1154 2176 ἆπείραστον
1225 2097 1460 2156 κίνδυνου
1538 2098 1802 2175 διαμεμέ-

145 2208 324 2255 νηκεν
381 2188 470 2244 καὶ
522 2189 551 2244 ὁ
635 2188 734 2263 μὲν
788 2187 956 2252 τόπος
1013 2188 1214 2256 ταύτην
1284 2187 1647 2266 ἆπεκληρώθη
1700 2188 1800 2256 τὴν

144 2276 488 2356 εὐεργεσίαν.
535 2279 595 2336 Οἱ
651 2274 706 2332 δὲ
767 2273 1148 2333 εὐλαϐέστατοι
1206 2283 1314 2334 τῶν
1365 2275 1606 2354 ἀδελφῶν
1667 2278 1804 2353 μετὰ

143 2364 399 2433 σπουδῆς
450 2365 763 2442 ἀνελόμενοι
804 2365 867 2422 τὸ
913 2365 1068 2442 σῶμα
1111 2372 1203 2423 τοῦ
1258 2366 1558 2443 ἁγιωτάτου
1609 2366 1806 2443 μοίρτυ·

149 2477 271 2535 ρος,
330 2453 622 2533 ἐθαύμαζον
669 2461 783 2520 πῶς
825 2456 886 2512 τὸ
930 2455 1027 2531 μὲν
1084 2455 1372 2534 πρόσωπον
1432 2456 1498 2524 ἧν
1558 2453 1798 2536 φαιδρὸν,

885 1828 1092 1897 ἐκεῖνον
1141 1827 1344 1909 ἦδὲχθη
1402 1832 1494 1887 τὸν
1537 1832 1798 1912 κρημνὸν,
1828 1825 1853 1827 7
1885 1827 2371 1904 sunt;reliquum
2398 1845 2430 1886 n

1975 1836 2048 1904 at;
2070 1827 2371 1904 reliquum
2398 1844 2652 1906 namque
2675 1844 2894 1905 corpus
2915 1825 3096 1887 rubro
3117 1828 3317 1887 colore
3342 1825 3528 1888 sutl‘e-

1889 1927 2047 1980 ctum
2077 1926 2356 1999 tanquam
2379 1935 2412 1976 e
2430 1915 2759 1977 certamine
2777 1915 2926 1976 duro
2953 1914 3246 1996 prodiisse
3278 1914 3526 1976 videba-

1888 2005 2335 2086 tur.Poslquam
2359 2004 2581 2066 deinde
2605 2021 2823 2084 corpus
2844 2023 2994 2085 aqua
3027 2004 3280 2066 lavatum
3301 2003 3527 2066 decen-

1887 2105 1978 2160 ter
2000 2096 2442 2170 inhumassent,
2476 2094 2702 2156 reversi
2724 2102 2885 2167 sunt,
2918 2094 3105 2157 Deum
3140 2113 3273 2156 cum
3297 2093 3524 2173 gratia-

1888 2205 2022 2248 rum
2053 2183 2394 2247 actionibus
2416 2182 2817 2262 gloriticantes
2841 2192 2900 2244 et
2923 2183 3330 2265 supplicantes
3351 2190 3416 2245 ut
3437 2182 3527 2262 ip-

1887 2275 1969 2338 sis
1997 2291 2235 2356 quoque
2257 2289 2388 2334 sors
2411 2279 2467 2333 et
2491 2271 2774 2334 dormitio
2800 2271 3018 2334 similis
3039 2272 3424 2352 tribueretur,
3463 2273 3528 2334 in

1888 2365 2134 2426 nomine
2157 2361 2346 2425 Patris
2366 2369 2423 2423 et
2444 2361 2579 2423 Filii
2604 2368 2660 2422 et
2684 2359 2945 2442 Spiritus
2968 2363 3181 2438 sancti,
3216 2362 3312 2424 cui
3339 2360 3528 2442 gloria

1890 2465 1952 2518 et
1982 2460 2244 2536 potestas
2265 2453 2324 2513 in
2357 2450 2578 2513 saecula
2602 2451 2992 2514 saeculorum.
3032 2453 3248 2518 Amen.

154 2547 233 2610 ὡς
268 2543 458 2603 δοκεῖν
496 2541 703 2621 μιιδιᾷν
735 2559 755 2581 ⁸
812 2546 874 2601 τὸ
933 2542 988 2600 δὲ
1047 2543 1176 2602 ὅλον
1216 2551 1372 2620 σῶμα
1433 2544 1643 2624 ἐρυθρὸν
1700 2545 1799 2619 μὲν
1853 2547 1926 2610 ὡς
1979 2545 2086 2602 ἀπὸ
2141 2542 2346 2622 ἀγῶνος
2403 2540 2575 2619 ἠρέμα
2630 2541 2997 2618 κεκονιμένον.
3060 2543 3358 2607 Λούσαντες
3436 2541 3524 2601 οὗν

158 2632 320 2691 ὕδατι
381 2635 469 2690 καὶ
528 2631 645 2709 μετ’
706 2632 1016 2709 ἰπιμελείας
1085 2632 1459 2714 καταθέμενοι,
1535 2633 1776 2710 ἆπῂεσαν
1855 2637 2295 2714 εὐχαριστοῦντες
2354 2631 2441 2687 καὶ
2496 2627 2802 2701 δοξάζοντες
2855 2633 2947 2690 τὸν
3003 2633 3156 2705 Θεὸν,
3230 2634 3321 2689 τὸν
3381 2630 3524 2689 οὕτω

152 2722 414 2802 γενναίαν
449 2722 726 2800 ὑπομονὴν
759 2729 838 2798 τῷ
895 2721 1163 2800 μακαρίτῃ
1206 2722 1582 2804 χαρισαμένῳ,
1645 2722 1936 2802 εὐχόμενοι
1992 2722 2193 2802 κλήρου
2249 2721 2338 2778 καὶ
2393 2723 2563 2794 μονῆς
2622 2725 2721 2787 τῆς
2781 2720 2943 2790 αὐτῆς
2987 2719 3401 2796 καταξιωθῆναι,
3465 2723 3524 2780 ἓν

160 2813 398 2887 ὀνόματι
456 2811 685 2894 Πατρὸς,
741 2810 836 2872 καῖ
896 2814 1020 2870 Υἱοῦ

156 2899 375 2980 Ἀμήν,

1026 2859 1045 2893 ,
1101 2813 1190 2871 καὶ
1247 2811 1396 2892 ἁγίου
1457 2813 1786 2890 Πνεῦματος,
1835 2815 1881 2888 ᾧ
1927 2809 2111 2882 ἡδόξα
2140 2811 2230 2869 καὶ
2270 2811 2332 2868 τὸ
2361 2809 2552 2889 κράτος
2585 2809 2658 2876 εἰς
2688 2809 2810 2876 τοὺς
2869 2812 3061 2878 αἰῶνας
3125 2818 3233 2870 τῶν
3293 2811 3524 2878 αἰώνων,
