4158 6472
742 434 1025 448 ,,...-.-.
1054 433 1229 442 -μη
1306 428 2045 441 ..η-...ημ-.-μν-μ-
2089 429 2249 438 ___
3348 434 3373 438 μ

125 428 3383 492 W_mm

136 485 492 497 ._——--_-.--—

348 644 1860 834 PATROLOGUE

1508 648 1860 821 lIfE-
1994 641 3150 823 EDITORUM

52 988 95 1114 ἶ
1334 992 2143 1105 ΡΒιΈΡΑΤΙΟ.

74 1458 89 1469 ,
192 1401 271 1457 De
310 1403 428 1457 vita
466 1414 523 1456 et
576 1400 800 1471 scriptis
837 1398 1125 1471 Symeonis
1165 1396 1566 1467 Metaphrasta',
1621 1392 1867 1462 Magistri
1905 1404 1958 1446 ct
1997 1390 2334 1463 Logothetae,
2396 1393 2465 1444 ita
2514 1392 2704 1445 scribit
2751 1390 2859 1446 Leo
2904 1392 3135 1446 Albitius
3207 1395 3257 1447 in
3298 1410 3394 1448 sua

52 1480 91 1555 ξ’
130 1491 380 1544 Diatn'ba
415 1491 481 1544 de
518 1490 838 1559 Symeonum
878 1487 1111 1555 scriptis,
1152 1500 1315 1555 quam
1350 1482 1490 1537 infra
1558 1497 1748 1551 magna
1780 1496 1844 1534 ex
1890 1490 2039 1551 parte
2080 1481 2326 1541 edemus,
2366 1490 2423 1533 ιιι
2466 1496 2565 1532 nos
2608 1481 2676 1533 ab
2710 1496 2877 1536 onere
2933 1481 3242 1536 eltteidandi
3296 1484 3398 1539 do-

54 1580 101 1595 “
126 1580 358 1635 ctissimi
390 1579 494 1632 viri
522 1588 673 1649 gesta
697 1577 997 1647 dispenset.

200 1667 276 1722 De
310 1678 476 1722 elate
511 1682 618 1735 qua
670 1666 909 1737 Symeon
933 1664 1117 1718 floruit
1166 1664 1260 1717 diu
1291 1673 1346 1717 et
1374 1663 1573 1717 acriter
1599 1660 1949 1730 disputarunt
1987 1658 2087 1713 vici
2133 1658 2314 1727 periti,
2356 1658 2496 1710 inter
2547 1673 2685 1727 quos
2731 1656 2998 1718 Oudinus,
3035 1660 3178 1710 nulla
3215 1661 3397 1714 halita

127 1757 340 1810 ratione
359 1756 819 1809 documentorum
838 1754 905 1807 ab
926 1753 1121 1806 Allatio
1149 1752 1503 1822 prolatorum,
1520 1748 1927 1818 Metaphrasten
1968 1746 2168 1800 saeculo
2191 1760 2267 1799 xu
2299 1745 2499 1800 vixisse
2512 1745 2811 1799 contendit.
2838 1747 2902 1798 At
2927 1743 3160 1799 Joannes
3184 1747 3397 1801 Bollane

126 1846 247 1902 dus.
282 1845 337 1896 in
370 1842 732 1896 celeberrima
759 1850 816 1894 et
845 1840 1212 1894 eruditissima
1240 1838 1563 1892 Praefatione
1591 1852 1752 1906 quam
1771 1834 2034 1907 pragmisit
2070 1832 2211 1886 Actis
2253 1832 2587 1897 Sanctorum,
2613 1835 2722 1901 jam
2759 1833 2967 1903 pridem
2992 1836 3401 1889 demonstrate-

131 1943 213 1984 rat
242 1932 580 2001 Symeonem
604 1928 1025 1997 Metaphrastem
1040 1926 1500 1981 subConstantini
1527 1922 1973 1995 Porphyrogeniti
2008 1920 2237 1989 imperio
2271 1921 2579 1989 scripsisse,
2617 1930 2669 1973 et
2690 1920 2973 1974 cumcirca
3004 1922 3213 1975 an.9M
3252 1922 3399 1976 Vitas

134 2032 459 2071 sanctorum
498 2030 832 2084 componere
873 2015 1189 2084 incepisset,
1229 2015 1393 2068 vitam
1415 2014 1603 2067 saltem
1628 2028 1799 2082 usque
1816 2013 1881 2065 ad
1915 2027 2005 2065 an.
2027 2010 2133 2064 965
2156 2012 2507 2079 protraxisse,
2540 2008 2925 2090 quoregnabat
2946 2007 3236 2071 Romanus,
3259 2008 3402 2063 Cun-

132 2107 356 2159 stantini
390 2104 847 2175 Porphyrogeniti
896 2104 1042 2157 ﬁlius
1074 2112 1128 2157 et
1187 2116 1492 2158 successor.
1528 2101 1585 2155 ld
1621 2110 1808 2171 postea
1852 2099 2098 2168 plurimis
2147 2096 2493 2151 documentis
2538 2095 2881 2150 conﬁrmavit
2931 2094 3041 2149 Leo
3068 2094 3298 2150 Allatius
3347 2098 3397 2149 in

135 2194 350 2246 laudata
385 2193 653 2253 Dia'riba,
680 2193 814 2245 adeo
845 2201 906 2244 ut
930 2192 996 2245 de
1026 2207 1154 2244 vera
1194 2200 1353 2245 aetate
1386 2191 1550 2258 hujus
1590 2188 1871 2258 scriptoris
1899 2188 2010 2256 jam
2044 2186 2189 2238 nulla
2226 2198 2515 2252 superesse
2542 2182 2715 2250 possit
2756 2180 3044 2237 dubitatio.

202 2281 259 2349 5}
275 2296 445 2333 meon
478 2278 874 2349 Metapbrastes
901 2296 1009 2333 non
1036 2288 1247 2332 tantum
1278 2279 1523 2333 doctrina
1550 2286 1605 2331 et
1629 2276 1843 2345 scriptis
1870 2276 2084 2337 claruit,
2118 2272 2211 2325 sed
2236 2272 2400 2325 etiam
2436 2269 2758 2323 auctoritate
2785 2277 2840 2322 et
2864 2268 3096 2337 publicis
3126 2286 3245 2339 qua:
3277 2286 3399 2341 ges-

132 2369 200 2418 sit
228 2368 580 2421 muneribus.
614 2366 695 2420 Ad
735 2368 1018 2435 primarias
1042 2368 1185 2420 enim
1224 2365 1439 2435 Imperii
1484 2363 1772 2419 Orientalis
1809 2362 2098 2430 dignitates
2137 2367 2441 2428 promotus,
2462 2358 2671 2427 negotia
2705 2356 3023 2427 gravissima
3056 2360 3230 2427 perite
3291 2370 3399 2411 tia-

132 2456 324 2519 ctatit,
356 2466 413 2508 et
449 2456 596 2508 bono
626 2454 854 2523 publico
882 2456 1155 2522 sapienter
1188 2462 1243 2507 et
1276 2452 1507 2507 feliciter
1544 2452 1830 2505 consuluit.

202 2544 304 2595 Sed
338 2543 491 2611 quod
522 2543 589 2595 ad
632 2557 747 2595 rem
781 2551 1021 2596 nostram
1059 2543 1292 2595 maxime
1319 2541 1465 2603 facit,
1492 2541 1704 2594 laudem
1729 2551 1995 2595 summam
2012 2548 2087 2591 est
2114 2546 2398 2591 assecutus
2423 2538 2549 2591 dum
2580 2535 2721 2589 vires
2748 2535 2947 2604 ingenii
2975 2549 3167 2590 omnes
3202 2537 3254 2589 in
3286 2538 3401 2591 col-

133 2630 383 2699 ligendis.
401 2630 765 2699 corrigendis,
782 2629 1145 2683 seribendiset
1164 2628 1390 2683 edendis
1410 2626 1544 2681 Vitis
1557 2628 1878 2682 Sanctorum
1899 2618 2179 2694 impendit.
2201 2626 2363 2697 Egre
2378 2626 2585 2680 ferebat
2605 2640 2818 2693 nempe,
2834 2626 2961 2679 Acta
2982 2637 3298 2695 martyrmn,
3313 2626 3400 2677 Vi-

137 2728 211 2772 tas
232 2717 329 2771 SS.
352 2718 749 2771 Confessorum
772 2728 825 2771 et
844 2715 1117 2787 Virginum
1135 2719 1247 2771 sive
1265 2718 1332 2770 ob
1349 2717 1621 2787 abiectum
1647 2730 1754 2784 quo
1785 2713 1979 2781 scripta
2000 2712 2213 2767 fuerant
2231 2716 2451 2785 stylum,
2473 2712 2590 2766 sive
2617 2713 2686 2766 ob
2705 2712 3037 2767 intermistas
3059 2718 3401 2769 narratiours

137 2821 318 2872 parum
350 2804 675 2863 credibiles.
704 2804 898 2872 partim
926 2804 1144 2875 negligi,
1186 2805 1378 2872 partim
1410 2804 1706 2865 contemni,
1731 2813 1784 2854 et
1817 2804 1899 2854 sui
1931 2802 2088 2856 oﬂicii
2124 2820 2246 2857 esse
2280 2804 2490 2871 putavit
2520 2817 2612 2854 eas
2632 2801 2697 2855 ad
2729 2802 3009 2854 meliorem
3049 2801 3276 2856 formam
3312 2820 3350 2855 rt
3378 2834 3395 2842 -

138 2893 350 2955 ducere,
382 2902 445 2945 ut
479 2907 509 2944 a
544 2890 795 2945 ﬁdelibus
820 2890 872 2944 in
901 2892 1076 2960 pretio
1115 2892 1294 2945 denuo
1317 2891 1647 2944 haberentur
1676 2900 1729 2945 et
1760 2890 1825 2944 ab
1858 2891 2108 2944 erunibus
2136 2891 2459 2944 Christianis
2489 2889 2689 2959 passim
2726 2890 3060 2959 legerentur.

200 2980 305 3033 Res
341 2980 393 3033 ei
431 2995 535 3050 pro
574 2979 713 3033 votis
736 2979 900 3033 cessit
933 2996 947 3044 ;
994 2978 1309 3033 incredibile
1340 2978 1483 3032 enim
1526 2987 1607 3032 est
1644 2987 1899 3047 quantam
1932 2977 2124 3030 famam
2158 2977 2257 3032 sibi
2287 2978 2340 3030 in
2384 2977 2484 3030 hoc
2511 2992 2675 3045 opere
2704 2978 3083 3045 prosequendo
3113 2994 3395 3047 compara-

140 3070 280 3131 rerit,
318 3077 715 3137 quantumque
748 3066 1050 3136 profectum
1093 3067 1429 3135 spiritualem
1482 3068 1683 3135 pppulo
1715 3066 2023 3120 Christiano
2079 3066 2179 3117 hac
2227 3065 2457 3119 lectione
2514 3066 2900 3133 procuraverit.
2948 3066 3027 3119 Ab
3085 3077 3243 3120 a-tatc
3293 3085 3396 3135 qua

143 3157 375 3223 scripsit,
410 3156 637 3209 codices
662 3154 775 3208 fere
798 3154 1067 3207 innumeri
1090 3153 1320 3208 confecti
1342 3166 1489 3217 sunt,
1521 3155 1575 3207 in
1599 3153 1795 3223 quibus
1821 3153 1956 3207 Viue
1990 3154 2314 3207 Sanctorum
2340 3170 2404 3207 ex
2435 3155 2675 3207 editione
2706 3154 3137 3223 cius‘descript.e
3171 3167 3317 3219 sunt,
3347 3170 3401 3210 et

143 3244 323 3311 ubique
352 3243 589 3296 fuerunt
623 3250 950 3311 propagatae.
995 3243 1245 3294 Summas
1264 3243 1311 3295 ei
1343 3242 1531 3295 laudes
1555 3243 1801 3295 tribuunt
1847 3259 1952 3295 non
2012 3251 2215 3295 tantum
2252 3242 2477 3295 Michael
2517 3241 2747 3303 Psellns,
2796 3243 2886 3311 qui
2940 3245 3239 3299 centesimo
3280 3253 3401 3313 post

146 3331 303 3397 ipsum
338 3330 632 3383 scribebat
680 3344 844 3391 anno,
874 3338 927 3382 et
968 3344 1090 3381 eum
1122 3329 1251 3382 viris
1298 3328 1661 3382 sanctissimis
1691 3330 1802 3382 lere
1832 3329 2084 3397 aequavit,
2120 3328 2213 3381 sed
2260 3339 2521 3397 praeterea
2551 3340 2801 3383 auctores
2852 3330 3163 3400 quicunque
3216 3348 3398 3385 rerum

144 3420 269 3469 llllliS
310 3416 593 3483 temporis
629 3416 873 3467 notitiam
905 3415 1207 3483 posteritati
1243 3415 1681 3469 transmiserunt.
3106 3420 3109 3423 ’

202 3503 358 3556 Fama
397 3500 699 3570 Symeonis
740 3501 1111 3569 Melaphrastte
1145 3501 1380 3570 primum
1407 3502 1690 3555 obscurari
1727 3504 1890 3571 ctrpit
1937 3503 2132 3556 seculo
2158 3518 2268 3564 xvt,
2309 3518 2429 3557 cum
2481 3503 2741 3561 h:erelici.
2772 3504 2939 3556 cultui
2965 3516 3277 3559 sanctorum
3314 3508 3396 3558 in-

146 3589 285 3649 fcnsi,
330 3589 386 3641 in
426 3585 853 3639 celeberrimum
905 3586 1213 3640 Graecorum
1251 3588 1677 3657 hagiographum
1727 3605 1791 3642 ex
1831 3589 2095 3641 industria
2141 3588 2455 3642 debacchati
2488 3599 2632 3652 sunt,
2666 3600 2723 3641 ut
2752 3592 3079 3659 praecipuum
3120 3602 3394 3647 auctorem

147 3676 368 3729 \‘itarum
410 3676 634 3726 illarum
672 3673 726 3726 in
755 3674 951 3741 quibus
977 3674 1206 3728 virtutes
1227 3686 1539 3729 sanctorum
1576 3676 1915 3730 extolluntur
1948 3686 2003 3728 et
2035 3675 2212 3729 cultus
2241 3691 2428 3728 eorum
2456 3678 2889 3738 commendatur,
2930 3677 2981 3729 in
3024 3688 3395 3749 contemptura:

146 3764 497 3825 adducerent,
539 3771 593 3814 et
625 3761 703 3815 sic
736 3771 975 3815 veterem
1024 3761 1275 3816 Ecclesia:
1307 3764 1588 3817 catholica:
1612 3764 1915 3819 doctrinam
1953 3763 2018 3817 de
2056 3763 2407 3817 veneratione
2448 3765 2651 3818 sanctis
2688 3765 2993 3819 exhibenda
3028 3766 3238 3822 facilius
3269 3771 3399 3822 alm-

146 3851 320 3904 lereut.

212 3937 612 3990 llzereticorum
644 3935 1138 3990 machinationibus
1159 3936 1323 3989 invite
1348 3935 1479 3989 favit
1508 3937 1690 3991 schola
1723 3937 1810 3991 illa
1832 3938 2339 4008 hypercriticorum,
2364 3954 2483 4007 qua:
2504 3941 2704 3994 saaculo
2724 3956 2831 3994 xvu
2863 3941 2915 3993 in
2942 3940 3113 3995 Gallia
3132 3952 3256 3996 nata
3288 3952 3394 4005 ειμι,

150 4036 198 4078 et
223 4027 271 4078 in
310 4023 705 4078 discernendis
740 4024 990 4093 genuinis
1032 4025 1375 4080 documentis
1406 4041 1433 4078 a
1474 4026 1643 4090 falsis,
1669 4026 1967 4096 suppositis
1997 4034 2088 4079 aut
2116 4027 2388 4094 corruptis
2418 4026 2531 4079 fere
2565 4036 2729 4080 totam
2778 4043 2999 4096 cperam
3033 4045 3185 4081 suam
3252 4032 3397 4083 utili-

155 4125 224 4165 ter
256 4113 576 4166 collocavit.
606 4112 801 4165 Metam
835 4123 1015 4166 autem
1055 4114 1393 4181 pertransiit,
1435 4114 1561 4169 dum
1594 4129 1737 4169 ca‘co
1759 4116 2013 4182 carpendi
2068 4125 2279 4167 veteres
2337 4115 2529 4167 ardore
2589 4116 2832 4184 abrepta,
2893 4115 3293 4186 Melaphrasten
3344 4130 3398 4171 et

156 4204 276 4255 alios
320 4202 628 4255 nonnullos
666 4202 828 4255 medii
861 4203 961 4255 aevi
988 4203 1541 4273 seriptoresinjuriis,
1577 4204 1832 4257 conviciis
1863 4212 1916 4255 et
1945 4210 2259 4269 contemptu
2309 4202 2379 4254 ita
2413 4200 2613 4265 affecit,
2648 4218 2708 4254 ac
2754 4204 2797 4254 si
2832 4203 2884 4255 in
2936 4203 3151 4271 scriptis
3201 4220 3391 4258 eorum

153 4290 270 4342 nihil
304 4290 441 4351 veri,
473 4289 614 4341 nihil
640 4290 757 4341 sani
787 4304 1008 4357 prorsus
1034 4291 1383 4357 reperiretur.
1413 4290 1467 4343 Si
1499 4305 1593 4344 eos
1609 4291 1816 4352 audias,
1855 4289 2086 4359 Symeon
2116 4301 2300 4343 noster
2329 4290 2381 4342 in
2430 4290 2722 4344 vendendis
2744 4289 2939 4343 fabulis
2970 4302 3117 4344 totus
3146 4300 3228 4344 est
3261 4307 3389 4354 ;vc-

154 4387 251 4428 tera
283 4384 651 4429 monumenta
702 4377 945 4445 corrupit
989 4386 1043 4429 et
1074 4378 1407 4445 perturbavit
1436 4394 1450 4441 ;
1485 4378 1764 4431 mendacia
1811 4378 2063 4431 historica
2101 4378 2383 4429 innumera
2411 4378 2687 4445 congessit
2724 4396 2737 4442 ;
2770 4378 2970 4430 nullam
2996 4393 3221 4445 prorsus
3274 4394 3391 4431 me-

155 4476 289 4516 retur
328 4463 495 4517 ﬁdem
532 4480 547 4525 ;
585 4462 705 4515 libri
738 4462 857 4530 ejus
899 4463 1053 4531 quasi
1109 4465 1407 4517 namiarum
1459 4464 1757 4533 farragines
1810 4482 1838 4517 a
1878 4465 1991 4517 viro
2030 4465 2189 4518 docto
2228 4473 2282 4517 et
2320 4465 2496 4533 perilo
2528 4465 2817 4533 abjiciendi
2846 4474 2992 4518 sunt.

219 4550 337 4603 Haec
374 4550 559 4603 omnia
618 4560 815 4617 prteter
852 4552 1128 4602 veritatem
1179 4551 1319 4605 dicta
1361 4561 1505 4611 sunt,
1540 4562 1594 4605 et
1624 4552 1677 4605 in
1723 4552 2106 4605 detrimentum
2153 4552 2391 4605 historim
2432 4561 2486 4603 et
2513 4552 2772 4605 dectrinze
2826 4567 3013 4605 sacrae.
3067 4551 3389 4621 Quanquam

155 4639 292 4690 enim
334 4638 575 4707 Symeon
609 4636 1027 4705 M’etaphrasles,
1054 4639 1195 4706 quod
1220 4640 1463 4692 omnium
1513 4640 1821 4693 mortalium
1870 4623 2116 4701 Sors-est,
2164 4641 2215 4691 in
2246 4638 2516 4707 aliquibus
2557 4639 2836 4700 erraverit,
2875 4648 2930 4692 et
2973 4639 3255 4693 veritatem
3300 4652 3393 4694 aut

154 4723 500 4790 ignoraveiit,
535 4730 714 4773 autcx
750 4732 901 4789 parte
935 4723 1149 4784 lmserit,
1177 4730 1355 4776 tamen
1383 4723 1662 4775 indubinm
1694 4735 1773 4777 est
1806 4728 1924 4792 ejus
1962 4727 2234 4792 diligentia
2268 4727 2432 4778 multa
2464 4736 2644 4778 vetera
2670 4727 2991 4779 documenta
3023 4738 3231 4781 servata
3258 4729 3391 4781 fuis-

153 4825 229 4865 se.
261 4826 377 4878 quae
410 4823 573 4861 secus
600 4808 910 4876 periissent,
940 4824 1040 4862 nec
1069 4824 1191 4862 eum
1222 4808 1500 4864 mendacia
1533 4811 1796 4865 scientem
1818 4814 2098 4879 scripsisse
2129 4824 2217 4865 aut
2237 4828 2299 4863 ex
2330 4812 2544 4881 ingenio
2576 4812 2770 4864 fabulis
2805 4813 3110 4866 indulsisse.
3139 4814 3177 4865 Ε
3203 4828 3389 4869 contra

152 4910 214 4949 ει
249 4897 348 4949 hoc
389 4896 570 4963 capite
601 4909 630 4947 a
665 4895 940 4949 veteribus
979 4896 1247 4962 laudatur,
1273 4897 1415 4965 quod
1452 4911 1481 4949 e
1511 4897 1647 4949 Vitis
1670 4896 1993 4951 Sanctorum
2024 4900 2319 4953 oscitanter
2346 4900 2584 4967 scriptis,
2610 4900 2775 4953 multa
2811 4901 3071 4954 miracula
3096 4904 3388 4957 incredibi-

153 4982 244 5044 lia,
277 4981 712 5035 narratiunculas
761 4979 1119 5043 futilissimas,
1160 4992 1212 5036 et
1257 4984 1495 5054 prodigia
1547 4994 1799 5053 suspecta
1834 4996 1926 5040 aut
1979 4988 2261 5041 manifeste
2289 4988 2410 5041 ﬁcta
2450 4989 2766 5050 resecuerit,
2818 4998 2870 5042 et
2896 4993 3113 5044 easdem
3155 4992 3389 5062 dignioii

154 5068 317 5123 forma
370 5068 621 5122 ediderit.
658 5067 789 5131 Quae
810 5070 948 5137 stylo
981 5069 1170 5123 humili
1200 5071 1282 5125 vel
1341 5071 1557 5140 abjeeto
1615 5074 1931 5141 compositae
1987 5074 2219 5137 fuerant,
2254 5077 2367 5144 ipse
2390 5071 2549 5144 stylo'
2577 5078 2864 5129 ammniori
2913 5079 3235 5147 descripsit;
3269 5096 3387 5148 qua:

156 5159 459 5227 prolixitate
484 5156 644 5209 taedio
674 5156 861 5209 lectori
901 5172 1022 5212 esse
1075 5158 1368 5218 debebant.
1402 5161 1468 5213 ad
1504 5161 1810 5215 breviorem
1839 5163 2206 5216 narrationem
2248 5164 2519 5216 contraxit
2557 5183 2566 5216 :
2612 5164 2749 5216 adeo
2780 5174 2839 5217 ut
2880 5166 3034 5235 longe
3059 5167 3209 5236 plura
3235 5184 3387 5222 rese-

154 5248 343 5302 cuerit.
397 5258 559 5311 quam
616 5242 682 5295 de
729 5258 828 5297 suo
850 5244 1140 5308 addiderit,
1192 5247 1647 5315 quemadmodum
1698 5249 1805 5318 jam
1841 5251 2150 5303 observavit
2179 5250 2228 5303 «Ι.
2264 5251 2584 5311 Bollamlus;
2621 5268 2741 5320 qua:
2765 5254 2992 5321 eleganti
3019 5256 3227 5309 calamo
3259 5272 3388 5310 exa-

155 5346 277 5387 rata:
306 5342 464 5386 erant
498 5333 723 5383 intactas
748 5334 983 5385 servavit
1009 5344 1062 5387 et
1084 5334 1393 5388 describere
1427 5334 1570 5389 fecit.
1599 5337 1652 5388 in
1677 5337 1740 5389 iis
1775 5346 1955 5389 autem
2002 5337 2343 5404 perﬁciendis
2371 5355 2475 5390 non
2524 5337 2718 5391 famam
2759 5341 3043 5407 scriptoris
3094 5359 3387 5413 proseque—

159 5424 327 5483 batur,
358 5421 454 5473 sed
486 5418 900 5472 aediﬁcationem
946 5420 1181 5475 ﬁdelium
1215 5441 1227 5487 ;
1257 5439 1365 5475 non
1394 5424 1461 5476 de
1504 5426 1893 5478 conservandis
1919 5428 2155 5493 antiquis
2186 5428 2555 5479 monumentis
2591 5429 2640 5479 in
2665 5442 2819 5480 usum
2840 5430 3138 5495 peritorum
3166 5432 3385 5485 critico—

158 5526 269 5562 rum
323 5508 707 5574 subsequentis
739 5509 934 5571 aetatis,
979 5511 1072 5563 sed
1099 5511 1165 5563 de.
1196 5511 1555 5581 propagandis
1604 5513 1828 5565 utilibus
1882 5513 2027 5564 libris
2051 5522 2103 5565 et
2130 5513 2197 5565 de
2245 5514 2667 5567 Christianarum
2700 5515 2959 5567 virtutum
2986 5519 3263 5579 exercitio,
3295 5536 3389 5587 per

158 5597 526 5665 exemplorum
561 5594 1001 5661 prccdicationem
1030 5598 1402 5652 conﬁrmando
1429 5599 1587 5653 unice
1626 5602 1915 5670 cogitabat.

224 5683 374 5745 Quod
418 5681 653 5750 Symeon
686 5681 1079 5751 Metaplirastes
1110 5686 1178 5739 ad
1226 5688 1534 5757 augendum
1554 5689 1761 5741 cultum
1818 5690 2145 5742 Sanctorum
2186 5689 2313 5742 olim
2352 5689 2541 5744 fecisse.
2571 5691 2788 5760 legitur,
2829 5692 2879 5745 id
2927 5694 3404 5761 subsequentibus.

157 5772 379 5832 seculis,
402 5786 507 5822 non
532 5769 648 5822 sine
679 5770 890 5837 piorum
918 5774 1177 5843 applausu
1196 5774 1442 5832 fecerunt
1462 5776 1558 5830 viri
1583 5776 1724 5831 docti
1750 5786 1801 5830 et
1826 5777 1921 5845 pii,
1948 5777 2086 5831 inter
2111 5792 2251 5844 quos
2279 5779 2558 5831 nominare
2585 5781 2758 5847 placet
2780 5780 3040 5834 Jacobum
3060 5782 3126 5835 de
3161 5779 3384 5853 Veragi-

469 5865 744 5926 PATROL.
786 5866 904 5926 Gn.
951 5869 1163 5929 CXIV.
2995 5876 3022 5934 1
