4158 6472
139 433 194 496 13
1297 426 1703 487 EDITORUM
1751 429 2147 489 PILEFATIO
3301 430 3365 494 14

139 548 517 599 sitconsecutus
554 558 567 604 ;
603 556 743 610 quos
792 540 1057 594 industria
1093 539 1377 611 singulari,
1427 540 1551 603 tide,
1590 539 1872 608 gravitate,
1918 542 2205 605 modestia,
2241 542 2567 597 liberalitate
2615 544 2779 613 gessit
2809 560 2820 596 :
2857 556 2976 612 qua
3011 543 3191 597 omnia
3226 558 3365 611 pra--

138 634 253 687 dicat
278 631 495 685 Psellus.

195 763 209 793 ε
244 744 331 795 llis
367 743 457 796 ille
494 743 763 797 doctrina
796 742 1137 811 fortunaque
1166 743 1432 811 prasidiis
1467 751 1717 805 ornatus,
1769 758 1890 796 cum
1950 753 2200 797 cerneret
2246 755 2299 798 et
2343 744 2573 815 gloriosa
2627 753 2799 813 mat-ty
2833 758 2923 796 um
2954 743 3280 804 certamina,
3314 756 3367 795 et

138 832 501 887 monachorum
553 832 845 900 praclaras
900 831 1342 897 exercitationes,
1386 832 1456 885 ita
1487 829 1740 900 imperite
1794 830 2112 884 ctinornate
2141 832 2365 887 traditas
2402 846 2523 885 esse
2571 830 2781 890 litteris,
2820 840 2870 883 ut
2908 830 3056 884 multi
3093 847 3159 883 ne
3190 830 3367 900 legere

134 921 315 990 quidem
347 934 436 972 eas
458 918 681 981 vellent,
715 920 936 988 quidam
965 920 1127 973 etiam
1155 919 1266 973 risu
1305 921 1668 989 exciperent;
1703 920 1923 974 meliora
1953 932 2134 975 autem
2163 921 2381 986 afferre,
2424 921 2560 974 alios
2602 929 2826 990 propter
2857 919 3023 976 animi
3060 920 3365 974 socordiam

137 1010 268 1067 nolle,
299 1007 427 1059 alios
457 1005 603 1074 quod
624 1022 763 1076 opus
781 1007 1197 1061 essetimmensi
1238 1008 1426 1071 studii,
1458 1018 1507 1060 et
1546 1009 1630 1061 cui
1664 1025 1725 1061 ne
1754 1017 1862 1061 tota
1903 1011 2112 1078 quidem
2148 1012 2247 1062 viri
2284 1012 2391 1063 vita
2439 1010 2717 1078 suffecerit,
2744 1024 2853 1063 non
2887 1023 3072 1079 posse,
3106 1008 3362 1078 juvenile,

136 1108 179 1149 ut
207 1095 335 1149 idem
364 1093 577 1149 Psellus
602 1095 812 1156 scribit,
834 1096 1142 1166 aggreditur
1164 1096 1394 1166 facinus,
1422 1097 1501 1148 vel
1529 1096 1735 1165 felicem
1764 1098 1936 1165 potius
1964 1103 2221 1153 actionem
2261 1117 2421 1168 quam
2456 1098 2631 1151 nullus
2665 1099 2894 1150 omnium
2924 1098 3083 1168 gessit
3108 1098 3367 1167 fecilitcr;

135 1204 205 1253 per
253 1202 404 1250 quam
458 1184 551 1238 ille
605 1185 769 1238 evasit
827 1184 1023 1236 clarior
1070 1183 1310 1238 omnibus
1347 1184 1438 1249 qui
1482 1194 1601 1237 sunt
1634 1182 1846 1252 ubique.
1882 1189 2126 1252 eruditis,
2153 1200 2200 1243 et
2240 1188 2342 1242 Deo
2371 1189 2697 1241 consecravit
2731 1204 2794 1241 ea
2823 1205 2939 1256 qua:
2972 1198 3093 1247 sunt
3130 1188 3366 1238 omnium

134 1273 463 1341 pulcherrima,
486 1282 886 1341 martyrumque
913 1272 1209 1324 certamina
1247 1280 1296 1324 et
1318 1288 1519 1333 cursus,
1564 1281 1610 1325 et
1660 1276 2038 1329 monachorum
2077 1278 2451 1331 abstinentiam
2501 1288 2660 1345 atque
2712 1278 3021 1341 patientiam
3062 1278 3266 1329 ornavit
3305 1295 3367 1330 ac

136 1364 383 1414 decorat-it.
442 1362 510 1414 Et
539 1360 707 1413 multa
747 1360 967 1427 quidem
1003 1360 1091 1413 ille
1123 1374 1187 1413 ac
1219 1370 1596 1429 magnatanta
1651 1360 1729 1413 rei
1771 1364 2091 1432 peragenda
2131 1365 2442 1432 adjumenta
2497 1364 2733 1417 habebat
2762 1379 2824 1417 ac
2849 1365 3118 1433 prasidia.
3162 1365 3368 1418 Auctor

136 1450 342 1518 praclari
383 1448 599 1502 consilii
635 1447 866 1516 ipsemet
897 1446 1074 1501 fuerat
1100 1446 1396 1516 imperator
1419 1446 1549 1517 (Leo
1585 1448 1849 1511 fortassis,
1872 1451 1974 1504 etsi
2006 1465 2072 1504 eo
2111 1452 2404 1519 superstite
2430 1468 2540 1504 rem
2573 1451 2719 1505 serio
2745 1451 2962 1522 aggredi
2996 1466 3105 1504 non
3132 1450 3368 1520 potuerit

137 1539 356 1605 Symcon,
386 1545 481 1587 aut
513 1536 631 1603 ejus
663 1533 805 1587 filius
858 1533 1273 1592 Coastantinus.
1302 1533 1537 1601 liujusve
1566 1550 1720 1588 socer
1782 1536 2106 1607 Romanus),
2146 1535 2374 1593 aderant
2422 1540 2727 1593 hortatores
2777 1540 2993 1609 plurimi
3031 1557 3045 1603 ;
3100 1540 3362 1595 librorum

135 1625 347 1693 egregius
376 1634 689 1691 apparatus,
733 1620 1145 1677 amanuensium
1176 1620 1589 1690 scribarumque
1634 1625 1832 1692 copia:
1878 1644 1983 1680 una
2014 1628 2254 1682 defuisse
2291 1629 2526 1690 videtur,
2574 1638 2799 1697 propter
2864 1629 3107 1693 assidua,
3168 1628 3367 1697 quibus

136 1723 346 1779 praemi,
375 1710 689 1778 reipublica
733 1708 968 1778 negotia,
1006 1724 1125 1777 qua
1155 1709 1461 1779 collegisset
1510 1726 1574 1763 ac
1639 1706 1896 1767 dictasset
1957 1717 2376 1785 recognoscendi
2426 1716 2675 1769 facultas.
2707 1714 2951 1769 Tandem
2988 1725 3218 1769 mortem
3244 1717 3367 1769 vita:

136 1810 523 1853 consentaneam
545 1807 894 1859 consecutus,
915 1796 998 1849 Ad
1019 1796 1181 1849 Deum
1198 1798 1456 1860 ascendit,
1478 1797 1656 1865 inquit
1677 1797 1815 1851 idem
1834 1808 2044 1863 auctor,
2070 1810 2117 1851 et
2136 1802 2276 1868 apud
2304 1800 2421 1854 illos
2435 1801 2577 1853 ducit
2599 1802 2801 1864 choros,
2867 1817 3090 1869 quorum
3127 1816 3295 1852 mores
3319 1810 3367 1852 et

137 1890 268 1938 ritum
293 1888 368 1938 hic
396 1886 835 1952 circumscripsit.
891 1884 1031 1937 Nam
1060 1884 1138 1937 vel
1163 1886 1215 1937 in
1242 1883 1348 1952 ﬁne
1375 1885 1847 1953 ostendit,qualem
1871 1889 2033 1940 vitam
2060 1889 2267 1956 egisset.
2309 1886 2428 1941 Non
2462 1888 2597 1940 enim
2625 1904 2740 1940 eum
2771 1886 2930 1940 veluti
2958 1887 3243 1940 abscissum
3277 1896 3368 1938 aut

138 1976 322 2025 «lirisuiit
344 1975 503 2039 fuisse
531 1974 711 2025 dicunt
742 1974 779 2025 ii
806 1973 897 2042 qui
940 1974 1180 2026 uiderunt
1213 1990 1231 2026 :
1260 1973 1350 2025 sed
1373 1973 1649 2026 videbatur
1674 1969 1833 2024 veluti
1856 1987 1886 2022 a
1916 1971 2144 2039 quodam
2170 1970 2379 2023 vinculo
2409 1970 2629 2023 liberari
2651 1978 2699 2023 et
2730 1970 2896 2023 hilari
2936 1979 3067 2022 nutu
3092 1986 3145 2022 se
3184 1980 3369 2022 exten-

138 2068 234 2115 dere
256 2064 319 2113 ad
344 2064 589 2113 ducentes
610 2062 843 2130 angelos,
873 2070 919 2113 et
946 2061 1331 2130 quodammodo
1382 2061 1609 2129 seipsum
1641 2060 1850 2115 tradere
1875 2061 2087 2114 illorum
2134 2063 2394 2125 manibus,
2446 2070 2501 2113 ut
2536 2062 2637 2114 cito
2675 2063 2957 2131 emigraret
2993 2077 3021 2113 e
3072 2076 3303 2128 corpore.
3343 2078 3359 2108 ι

193 2154 332 2214 (tam,
370 2151 588 2203 favente
610 2151 721 2219 jam
761 2152 892 2219 prcli
926 2152 1280 2215 fecunditate,
1310 2152 1377 2206 de
1409 2152 1725 2223 colligendis
1751 2160 1805 2207 et
1837 2148 2197 2220 propagandis
2226 2146 2363 2202 Vitis
2411 2147 2737 2203 Sanctorum
2778 2148 3017 2217 primum
3067 2147 3364 2217 cogitatum

140 2251 221 2299 est,
256 2240 595 2293 doctissimus
627 2239 875 2307 Aloysius
921 2238 1274 2307 Lipomanus,
1333 2240 1625 2309 episcopus
1650 2238 2003 2301 Veronensis,
2026 2236 2434 2291 translationem
2463 2235 2709 2289 Latinam
2745 2235 2993 2289 Vitarum
3034 2251 3063 2288 a
3097 2234 3369 2305 Symeone

140 2326 467 2393 lletapliraste
492 2327 765 2379 editarum
799 2326 898 2379 sibi
922 2327 1251 2395 prccuravit.
1282 2326 1523 2398 Ingentis
1572 2326 1924 2381 Collectionis
1963 2341 2075 2377 sua
2118 2335 2320 2378 tomum
2355 2323 2590 2394 primum
2620 2338 2709 2377 an.
2737 2322 2866 2377 1551
2897 2323 2949 2375 in
2979 2322 3249 2391 publicam
3282 2322 3365 2375 lu-

140 2432 231 2467 ceza
257 2414 411 2466 misit.
449 2412 625 2467 Tomo
656 2422 840 2467 autem
879 2412 940 2475 V,
974 2416 1064 2482 qui
1093 2430 1180 2468 an.
1222 2415 1362 2469 1556
1393 2414 1611 2485 prodiit,
1653 2413 1804 2467 Vitas
1842 2413 2162 2466 Sanctorum
2188 2428 2418 2480 quorum
2450 2411 2585 2464 festa
2616 2411 2669 2463 in
2709 2411 3023 2473 Novembri,
3055 2411 3361 2477 Decembri,

141 2503 366 2556 Januario
392 2512 447 2555 et
482 2500 782 2555 Februario
810 2501 1181 2567 celebrantur,
1206 2518 1234 2555 a
1271 2502 1638 2571 Metaphrastc
1660 2502 1788 2554 olim
1822 2499 2007 2553 Graec
2038 2500 2289 2568 scriptas,
2314 2510 2367 2551 et
2392 2514 2566 2567 nuper
2591 2515 2619 2550 a
2650 2497 2921 2551 Gentiano
2955 2496 3189 2551 Hervcto
3225 2497 3370 2552 Lati—

143 2607 218 2644 izas
242 2592 401 2643 factas
426 2589 687 2642 inseruit.
712 2588 916 2641 Tomus
946 2588 1033 2650 VI,
1055 2590 1146 2657 qui
1170 2606 1316 2643 anno
1344 2592 1479 2645 1558
1504 2591 1685 2643 editus
1707 2597 1814 2649 est,
1850 2586 2001 2640 Vitas
2026 2586 2353 2639 Sanctorum
2381 2586 2527 2652 Maii,
2559 2586 2725 2650 Junii,
2764 2584 2911 2648 Julii,
2935 2586 3183 2655 AuguSIi,
3231 2584 3370 2655 Sep-

144 2678 331 2731 tctnbris
359 2688 409 2730 et
431 2676 685 2727 Octobris
713 2691 742 2727 a
776 2673 1142 2743 Metapliraste
1173 2677 1427 2731 collectas
1452 2678 1719 2731 continet.
1774 2676 1830 2728 ln
1881 2686 2025 2729 tonio
2059 2673 2147 2726 Vll
2214 2675 2485 2728 habentur
2519 2673 2654 2727 Vita
2715 2674 3040 2726 Sanctorum
3096 2674 3272 2727 Martii
3317 2682 3374 2727 et

148 2769 315 2836 Aprilis
335 2783 361 2819 a
385 2767 758 2833 Metapliraste
781 2776 1037 2819 mutuata
1067 2776 1118 2820 et
1145 2781 1174 2819 a
1207 2766 1263 2819 F.
1291 2767 1425 2819 Zino
1442 2764 1743 2819 Veronensi
1770 2766 1820 2817 in
1852 2762 2099 2816 Latinam
2133 2762 2373 2832 linguam
2410 2764 2803 2831 interpretata,
2837 2772 3033 2829 prater
3060 2761 3208 2814 Vitas
3239 2777 3374 2830 quas

145 2858 437 2910 r-codicibus
475 2853 793 2908 monasterii
843 2853 1009 2908 Grati
1074 2853 1574 2925 Crypla-Ferrata,
1640 2868 1809 2922 prope
1854 2851 2103 2916 Romam,
2157 2851 2209 2902 in
2264 2849 2515 2902 Latinum
2589 2849 2940 2902 transtulerat
3000 2850 3059 2901 D.
3123 2850 3373 2904 Sirletus.

148 2944 287 3005 limus
344 2941 690 2995 collectionis
740 2950 919 2994 tomus
979 2940 1087 2993 Vlll
1141 2950 1196 2994 et
1257 2942 1479 2995 ultimus
1511 2982 1526 3003 ,
1580 2952 1795 2995 mortuo
1822 2939 1933 3007 jam
1965 2938 2183 3007 Aloysio
2215 2937 2535 3006 Lipmnano,
2598 2954 2741 2989 anno
2772 2937 2910 2989 1560
2944 2937 3126 2989 editus
3151 2948 3253 2991 est.

203 3028 355 3079 Tanto
382 3036 567 3078 autem
598 3024 843 3076 omnium
875 3025 1137 3094 applausu
1171 3025 1419 3079 collectio
1442 3025 1530 3077 illa
1562 3036 1785 3094 exrcpta
1818 3034 1923 3089 est,
1951 3036 2009 3079 ut
2034 3025 2360 3080 Laurentius
2394 3024 2608 3089 Surius,
2642 3026 3048 3079 (iarlhusianus
3077 3025 3378 3080 Colonien-

148 3116 334 3180 st.jarn
367 3113 555 3166 multis
589 3112 746 3165 libris
766 3112 925 3164 editis
954 3126 1140 3175 notus,
1168 3115 1230 3166 A.
1265 3112 1547 3183 Lipomani
1568 3116 1790 3185 vestigia
1819 3131 2091 3182 premens,
2126 3131 2322 3168 novam
2353 3115 2731 3169 collectionem
2764 3113 3010 3167 Vitarum
3051 3114 3376 3169 Sanctorum

147 3202 412 3271 composuit
461 3203 514 3254 in
567 3216 674 3269 qua
705 3198 852 3253 Vitas
881 3216 907 3253 a
955 3200 1223 3270 Symeonc
1256 3200 1621 3271 Metapliraste
1654 3205 1826 3257 editas
1867 3204 2003 3258 Vitis
2034 3203 2359 3259 Sanctorum
2383 3204 2640 3259 Ecclesia
2662 3203 3375 3266 Occidentalisimmiscuit,

147 3308 275 3360 quam
308 3308 399 3346 sex
432 3291 598 3343 tomis
633 3290 688 3341 in
718 3288 847 3343 folio
873 3289 1325 3358 comprehensam
1359 3291 1426 3343 ab
1456 3307 1599 3344 anno
1627 3291 1759 3344 1570
1791 3294 1855 3345 ad
1888 3309 1977 3349 an.
2014 3293 2153 3346 1575
2186 3293 2376 3347 edidit.

204 3384 350 3437 l‘orio
372 3398 475 3436 nec
517 3386 634 3450 ipse
659 3380 854 3434 Surius
876 3381 1026 3435 Vitas
1056 3383 1194 3447 illas,
1236 3394 1396 3452 prout
1428 3387 1480 3438 in
1509 3386 1789 3441 codicibus
1831 3389 2194 3451 habebantur,
2230 3389 2431 3443 clausis
2474 3388 2647 3441 oculis
2674 3388 3066 3457 imprimendas
3097 3404 3218 3443 esse
3246 3406 3376 3444 cen-

148 3474 269 3535 suit;
298 3473 387 3525 sed
414 3472 471 3523 in
504 3472 737 3541 gratiam
762 3470 1048 3535 lectorum,
1085 3481 1143 3525 ut
1172 3472 1289 3540 ipse
1321 3472 1580 3537 declarat,
1607 3475 1902 3529 nonnullas
1947 3478 2280 3537 emendavit,
2326 3477 2582 3539 correxit,
2618 3477 2910 3541 contraxit,
2949 3493 3019 3530 ne
3070 3478 3375 3544 prolixitate

152 3562 283 3614 nimia
314 3560 532 3614 taedium
562 3559 846 3622 afferrent,
865 3567 957 3612 aut
988 3560 1213 3615 insulsis
1236 3561 1643 3616 narrationibus
1673 3567 2001 3635 quandoque
2060 3566 2392 3619 intermixtis
2452 3580 2595 3618 vera
2641 3564 2905 3628 historia,
2966 3563 3149 3617 ﬁdeles
3204 3564 3377 3619 oﬂ'eti-

151 3649 327 3703 derent.
3200 3642 3206 3657 .

206 3737 380 3793 Prima
410 3736 559 3792 Surii
607 3736 830 3791 editioni
879 3752 1003 3792 mox
1049 3737 1290 3793 secunda
1318 3739 1604 3803 successit,
1654 3755 1774 3809 qua
1800 3756 1923 3795 cum
1952 3741 2017 3795 ad
2052 3740 2215 3793 finem
2261 3739 2469 3792 mensis
2518 3736 2664 3792 Junii
2707 3753 2796 3791 an.
2836 3738 2972 3791 1578
3016 3738 3373 3806 pervenisset.

154 3830 249 3898 pius
273 3832 443 3885 editor
476 3831 677 3884 Surius
709 3846 738 3883 e
766 3830 876 3883 vita
916 3831 1188 3901 migravit.
1220 3831 1465 3885 Aliorum
1498 3840 1554 3885 et
1585 3830 1889 3900 prascrtim
1925 3827 2110 3882 Jacobi
2158 3826 2428 3881 Mosandri
2462 3825 2718 3879 Carthus.
2758 3825 2950 3879 Colon.
3011 3840 3139 3878 cura
3177 3826 3378 3880 deinde

154 3922 353 3987 perfecta
382 3930 487 3981 est.
528 3920 716 3974 addito
740 3920 1013 3973 volumine
1040 3919 1155 3985 Vll,
1192 3935 1300 3989 quo
1326 3919 1460 3973 Vita
1492 3919 1815 3975 Sanctorum
1847 3919 2083 3980 omissa,
2109 3916 2550 3985 Martyrologium
2583 3915 2790 3969 Adonis
2836 3923 2891 3968 et
2925 3912 3135 3967 Indices
3173 3916 3377 3984 copiosi

154 4012 490 4065 continentur.
519 4008 634 4062 lloc
656 4009 909 4061 volumen
944 4009 1140 4078 prodiit
1163 4024 1252 4061 an.
1284 4008 1437 4062 1586.

208 4098 309 4149 Mox
343 4113 536 4151 recusa
559 4105 643 4148 est
671 4094 912 4148 Venetiis
942 4111 1029 4148 an.
1061 4095 1218 4153 1581.
1256 4095 1542 4149 duodecim
1574 4097 1754 4156 tomis,
1795 4111 1884 4148 sex
1920 4094 2286 4147 voluminibus
2312 4092 2362 4145 in
2394 4093 2542 4146 folio.

212 4188 305 4239 Etsi
341 4185 622 4255 diligentia
653 4182 795 4235 Surii
826 4184 877 4235 in
910 4182 1247 4252 corrigendis
1297 4192 1352 4235 et
1391 4182 1779 4237 contrahendis
1823 4184 1958 4237 Vitis
1994 4183 2318 4235 Sanctorum
2344 4198 2371 4234 a
2400 4181 2586 4234 multis
2627 4179 2841 4232 laudata
2875 4178 3090 4239 fuisset,
3126 4180 3377 4232 nonnulli

159 4286 305 4327 tanien
331 4275 425 4326 viri
469 4287 667 4342 graves
698 4282 751 4324 et
781 4272 920 4324 docti
956 4272 1056 4339 ipsi
1079 4271 1209 4323 vitio
1259 4280 1531 4323 verterant
1593 4272 1735 4338 quod
1757 4271 1953 4341 stylutn
1985 4272 2279 4339 genuinum
2307 4280 2613 4329 auctorum,
2652 4276 2711 4319 ut
2746 4264 3172 4328 utincultorum,
3206 4281 3376 4318 exar-

160 4363 294 4415 bitrio
323 4371 612 4416 mutasset.
656 4374 716 4412 ac
744 4358 969 4426 proinde
1008 4358 1322 4427 originalem
1359 4359 1643 4411 veritatem
1684 4359 1987 4412 alterasset.
2026 4358 2317 4425 Propterea
2355 4356 2574 4425 quando
2611 4352 2861 4408 collectio
2906 4353 3137 4406 Suriana
3186 4367 3379 4422 quarto

156 4451 240 4517 jam
264 4451 404 4519 prelo
429 4449 725 4502 commissa
757 4456 858 4507 est,
885 4446 1122 4498 editores
1143 4446 1338 4515 stylum
1370 4446 1748 4515 primigenium
1780 4455 2060 4498 auctorum
2092 4446 2291 4512 ubique
2326 4446 2700 4502 restituerunt,
2734 4451 2787 4494 et
2829 4440 3118 4494 nonnullas
3157 4442 3320 4498 Vitas.
3347 4459 3375 4493 ιι

159 4538 285 4590 Surio
313 4540 569 4594 omissas,
606 4532 910 4587 collectioni
943 4535 1290 4587 addiderunt.
1330 4533 1452 4586 Hac
1481 4545 1670 4601 quarta
1696 4536 1883 4593 editio,
1921 4550 2078 4602 quam
2114 4532 2160 4584 .l.
2190 4532 2478 4584 Bollandus
2513 4533 2725 4583 tertiam
2752 4529 3008 4596 appellat,
3036 4530 3232 4597 prodiit
3265 4529 3371 4583 Co-

160 4625 286 4679 lonia
312 4643 399 4678 an.
435 4622 597 4681 1618,
634 4620 725 4673 XII
762 4621 868 4672 vol.
900 4623 950 4673 in
980 4622 1132 4675 folio.

216 4713 439 4784 Longum
484 4724 639 4766 esset
668 4727 953 4764 recensere
984 4721 1236 4765 auctores
1277 4712 1366 4781 qui
1392 4727 1457 4765 ex
1508 4711 1827 4762 collectione
1858 4710 2025 4769 Surii.
2071 4725 2131 4761 ac
2182 4709 2412 4777 proinde
2446 4708 2728 4777 Symeonis
2785 4706 3184 4774 Metaphrasta,
3232 4707 3380 4761 Vitas

159 4799 445 4857 Sanctorum
473 4801 562 4855 vel
594 4800 825 4867 alicujus
858 4800 1092 4870 regionis
1124 4801 1205 4854 vel
1232 4800 1462 4868 alicujus
1486 4809 1657 4853 status
1682 4799 1971 4867 peculiaris
2008 4805 2419 4863 excerpserunt,
2446 4804 2499 4846 et
2527 4796 2577 4845 in
2607 4808 2760 4845 usum
2789 4792 3026 4845 fidelium
3059 4796 3197 4861 typis
3230 4811 3379 4847 com-

160 4892 411 4943 miserunt.
448 4887 582 4942 Fuit
634 4888 779 4941 enim
813 4888 925 4941 hac
956 4888 1202 4942 collectio
1234 4887 1396 4941 veluti
1450 4886 1756 4940 communis
1786 4886 2089 4938 auril’odina
2133 4900 2193 4936 ει
2233 4900 2335 4951 qua
2383 4882 2759 4950 unusquisque
2820 4898 2916 4950 pro
2959 4881 3247 4935 commodo
3278 4897 3379 4935 suo

161 4979 412 5032 thesauros
441 4977 663 5031 effodit.
693 4975 975 5041 Nunquam
1006 4986 1183 5029 tamen
1208 4977 1511 5046 contigitut
1543 4975 1675 5028 Vita
1708 4974 2032 5028 Sanctorum
2061 4973 2313 5025 Ecclesia
2337 4971 2629 5024 Orientalis
2657 4970 2835 5039 lingua
2868 4985 2963 5023 sua
2982 4971 3231 5039 originali
3264 4986 3385 5024 om-

164 5082 239 5119 nes
264 5067 417 5121 simul
455 5067 780 5120 ederentur.
821 5064 993 5117 Edita
1024 5073 1153 5117 sunt
1179 5064 1399 5132 quidem
1434 5063 1706 5115 nonnulla
1747 5061 1881 5115 Vita
1911 5060 2095 5114 Graec
2121 5059 2383 5117 Venetiis.
2408 5058 2500 5111 sed
2525 5058 2845 5126 plerumque
2882 5056 3154 5109 translata:
3198 5056 3250 5109 in
3283 5056 3388 5109 lin-

165 5169 292 5221 gnam
318 5154 566 5210 Gracam
603 5152 972 5207 vernaculam.
998 5150 1307 5205 Cotelerius
1344 5160 1400 5205 et
1429 5150 1773 5205 Montfaucon
1810 5166 1971 5203 unam
2016 5160 2069 5203 et
2094 5150 2317 5202 alteram
2357 5146 2543 5199 Graec
2574 5154 2630 5199 et
2661 5144 2849 5197 Latine
2877 5160 2906 5198 e
2933 5145 3211 5198 codicinus
3251 5161 3382 5197 mss.

166 5242 445 5296 ediderunt.
470 5242 675 5294 Plures
702 5238 965 5292 debemus
993 5239 1157 5292 sociis
1215 5236 1605 5300 Bollandianis,
1629 5238 1718 5306 qui
1755 5236 1822 5291 de
1872 5235 2098 5289 edendis
2146 5235 2329 5288 Graece
2359 5242 2413 5285 et
2441 5232 2633 5285 Latine
2659 5230 2793 5284 Vitis
2820 5246 2849 5282 a
2879 5229 3243 5299 Metapliraste
3272 5232 3384 5284 col-

167 5326 295 5382 lectis
322 5329 615 5383 consilium
646 5334 1033 5394 conceperant,
1069 5326 1168 5380 sed
1194 5325 1322 5379 illud
1354 5326 1420 5379 ad
1454 5326 1659 5379 exitum
1712 5340 1991 5393 nunquam
2035 5324 2422 5392 perduxerunt.
2453 5320 2707 5374 Nondum
2732 5328 2910 5373 exstat
2949 5318 3109 5388 igitur
3136 5320 3387 5375 collectio

172 5409 384 5468 Vitarum
421 5415 620 5470 Graec
646 5413 971 5483 scriptarum
1002 5428 1123 5482 qua
1158 5429 1279 5467 cum
1320 5412 1527 5467 Latinis
1554 5413 1662 5465 ulla
1694 5413 1904 5465 ratione
1936 5410 2168 5465 conferri
2199 5410 2387 5479 possit.

226 5502 366 5558 Dolet
394 5503 446 5558 J.
467 5502 767 5557 Bollandus
796 5503 943 5572 quod
970 5511 1077 5557 tam
1103 5517 1292 5572 pauca
1324 5502 1459 5556 Vita
1490 5501 1587 5555 SS.
1627 5500 1938 5555 Gracorum
1975 5500 2237 5553 hactenus
2262 5497 2421 5553 edita
2451 5497 2579 5553 sint.
2611 5498 2685 5553 [ta
2718 5498 2866 5554 enim
2895 5499 3084 5554 scribit
3111 5518 3123 5553 :

233 5614 247 5639 ι
273 5589 370 5644 Sed
386 5592 455 5645 de
484 5590 871 5659 Metaphrasta
893 5600 1053 5646 atate
1074 5592 1141 5645 ad
1179 5592 1282 5645 hoc
1306 5591 1643 5661 propositum
1673 5599 1918 5643 nostrum
1961 5589 2072 5657 jam
2107 5586 2241 5640 satis
2265 5601 2331 5641 ac
2362 5585 2596 5640 fortasse
2614 5585 2863 5641 nimium.
2884 5585 3033 5640 Illius
3061 5584 3213 5654 operi
3235 5584 3388 5639 addi-

176 5685 241 5731 tas
257 5694 411 5734 essca
446 5680 854 5750 posterioribus
878 5679 1026 5734 Vitas
1057 5680 1422 5735 recentiorum
1452 5680 1771 5733 Sanctorum
1797 5687 1979 5731 monet
2008 5674 2291 5728 Baronius.
2327 5676 2395 5727 At
2428 5674 2570 5742 quod
2600 5674 2653 5726 in
2682 5675 3051 5743 antiquiorum
3084 5674 3225 5741 apud
3262 5689 3386 5727 eum

180 5760 287 5819 Vitis
315 5782 695 5838 sapenumero
714 5768 955 5822 declaret
981 5768 1291 5836 scriptorse
1318 5767 1531 5831 eadem,
1559 5782 1663 5835 qua
1683 5767 1780 5827 illi,
1802 5766 2000 5819 vixisse
2028 5772 2207 5824 atate,
2236 5761 2608 5817 causamidem
2638 5762 3073 5831 sapientissimus
3096 5760 3387 5815 cardinalts

179 5853 330 5919 tradit,
352 5855 502 5925 quod
534 5857 653 5910 vita
677 5867 977 5909 sanctorum
999 5871 1102 5909 non
1131 5854 1327 5922 fuerint
1352 5865 1405 5908 ut
1428 5854 1712 5923 plurimum
1745 5871 1775 5905 α
1798 5850 2154 5919 Metaphraste
2188 5850 2515 5917 conscripta,
2543 5854 2630 5903 sed
2656 5849 2884 5902 collecta’
2915 5860 3143 5911 tantum,
3178 5849 3385 5899 ordinu-
