4158 6472
758 410 824 473 at
2056 408 2331 470 LEONIS
2381 408 2686 469 ALLA’l‘lI
2716 479 2721 485 ,
3953 401 4040 469 32

756 522 893 580 Nam
924 533 976 576 ut
1009 522 1233 592 Symeou
1277 521 1366 575 ille
1393 530 1730 593 cognomento
1774 520 2159 590 Metapttrastes
2191 522 2304 584 ait,
2358 524 2408 583 Α
2435 521 2520 583 Et,
2556 519 2971 589 Hetaphrastem
2999 523 3127 575 scito
3156 523 3326 576 virum
3351 522 3509 593 fuisse
3530 520 3939 583 sanctissimum,
3979 523 4035 572 et

758 617 1097 683 imperatores
1124 615 1176 667 Ιιὶ
1209 630 1528 684 magnopere
1558 614 1734 667 conati
1762 623 1883 666 sunt
1907 613 2060 683 ﬁdem
2081 612 2344 668 Christia-

761 718 885 755 nam
915 703 1285 770 expugnando,
1325 703 1477 772 quasi
1519 701 1745 767 abolere,
1787 719 1949 771 quam
1973 702 2206 758 Christus
2229 704 2343 773 ipse

759 794 960 860 ﬁrmius
983 793 1389 860 perduraturant
1420 809 1530 847 esse
1583 797 1963 861 pronuntiavit,
1997 812 2157 865 quam
2195 797 2339 863 ipsas

762 881 887 936 Orci
914 892 1117 952 portas.
1162 883 1229 937 Et
1253 882 1491 952 Epistola
1526 884 1616 947 9i,
1646 886 1714 939 ad
1744 885 1935 939 Isaiam
1963 885 2289 939 monachum
2322 902 2336 938 :

762 974 872 1026 Καὶ
903 975 1077 1027 ταῦτα
1106 975 1197 1027 τὸν
1225 980 1285 1030 ἐν
1316 977 1494 1042 ἁγίοις
1539 975 1764 1047 Συμεὼν
1790 979 1892 1048 ὅρα
1925 968 2025 1031 ’τὸν
2047 980 2344 1048 Menippu-

764 1066 897 1135 στὴν
949 1066 1009 1118 τὸ
1060 1067 1241 1136 δόγμα.
1274 1068 1434 1121 τοῦτο
1488 1070 1825 1122 συνιστῶντα
1868 1069 1975 1138 πρὸ
2025 1069 2137 1122 τῶν
2166 1071 2342 1124 ἄλλων

726 1160 1109 1229 κεύρίσκοντες
1134 1177 1149 1191 ·
1189 1166 1247 1214 ὲν
1277 1164 1387 1232 γὰρ
1434 1162 1512 1232 τῷ
1547 1162 1645 1233 βίῳ
1701 1161 1802 1231 τῆς
1856 1164 2342 1235 μεγαλομάρτυρος

777 1253 1133 1317 Ἀναστασίας
1178 1258 1273 1308 καὶ
1331 1255 1456 1309 τάδε
1497 1258 1653 1324 φησί.
1685 1255 1751 1309 Et
1786 1257 1925 1309 inter
1957 1257 2067 1310 alia
2102 1269 2345 1311 sanctum

764 1344 1073 1415 Synteonem
1105 1350 1519 1417 Metapltrastem
1549 1350 1752 1403 intuere
1793 1352 1983 1420 dogma
2013 1351 2108 1404 hoc
2133 1361 2348 1406 consta-

766 1438 1047 1501 bilientem,
1080 1457 1203 1493 nam
1247 1442 1302 1493 in
1350 1444 1457 1495 vita
1507 1459 1713 1512 magna:
1759 1444 2008 1512 martyris
2048 1446 2347 1500 Anastasim

766 1532 876 1585 hac
906 1533 1052 1586 dicit.
1086 1531 1379 1601 Gregorius
1412 1533 1729 1589 Corinthius
1784 1533 2205 1605 Metaphrastetn
2264 1537 2345 1590 in-

770 1632 853 1675 ter
880 1623 1015 1678 alios
1052 1634 1304 1679 auctores
1353 1637 1733 1690 connumerat,
1774 1642 1805 1679 a
1840 1628 2041 1696 quibus
2093 1629 2232 1683 bene
2260 1629 2346 1683 di-

769 1716 947 1776 cendi.
970 1717 1213 1786 beneque
1249 1718 1503 1771 narrandi
1532 1718 1774 1788 exempla
1803 1722 2031 1788 petenda
2060 1728 2207 1777 sunt.
2234 1723 2347 1775 An-

770 1808 1128 1863 drcaslthodi
1160 1811 1353 1878 prmsul
1381 1813 1432 1864 in
1483 1809 1729 1865 Concilio
1768 1813 2067 1867 Florentia.
2128 1830 2265 1869 sess.
2310 1816 2341 1868 7

769 1901 983 1955 Grmcos
1007 1902 1079 1956 ita
1108 1901 1426 1971 alloquitur:
1458 1902 1520 1955 In
1546 1905 1731 1972 primis
1753 1905 1913 1974 igitur
1934 1904 2160 1975 Symeon
2181 1908 2346 1961 Μωα-
2377 1893 2423 1950 Β

770 1995 1004 2061 pltrastcs
1058 1996 1239 2048 vestris
1307 2001 1361 2048 iu
1393 1996 1623 2050 ecclesiis
1685 1998 2054 2052 celeberrimus
2106 2002 2345 2056 accedat.

774 2082 858 2147 Et,
907 2081 1136 2150 Legatur
1180 2084 1269 2137 ille
1298 2087 1387 2153 qui
1426 2103 1458 2138 a
1497 2086 1638 2139 vobis
1668 2089 1901 2156 quotidie
1932 2089 2125 2157 legitur
2150 2091 2204 2142 in
2254 2107 2343 2143 ec-

772 2175 939 2228 etesiis
970 2174 1193 2245 Sgnwon
1240 2177 1635 2247 Metupltrastes.
1670 2178 1943 2249 Josepbus
1983 2181 2351 2237 Methonensis

772 2271 1035 2340 Apologia
1086 2289 1185 2342 pro
1244 2273 1460 2344 Synodo
1501 2276 1815 2331 Florentina
1863 2287 2049 2332 contra
2109 2278 2345 2333 Marcum

775 2360 1065 2430 Ephesium
1102 2381 1118 2418 :
1151 2367 1260 2419 Καὶ
1292 2366 1515 2436 Συμεὼν
1564 2368 1619 2421 δὲ
1669 2372 1698 2423 ὁ
1728 2369 1849 2432 νέος
1882 2369 2164 2437 Θεολόγος,
2196 2373 2224 2423 ὁ
2254 2372 2350 2425 καὶ

775 2455 1179 2525 Μεταφραστὴς
1216 2457 1568 2525 καλούμενος,
1601 2462 1664 2530 τῇ
1688 2458 1853 2539 τρίτη
1882 2461 1976 2513 τοῦ
2019 2462 2349 2531 Ὀκτωὸρίου

775 2548 855 2608 εἰς
884 2546 973 2598 τὸν
1010 2546 1124 2616 βίον
1152 2548 1243 2601 τοῦ
1279 2550 1437 2614 ἁγίου
1486 2552 1763 2605 Διονυσίου
1808 2553 1901 2606 τοῦ
1929 2553 2345 2623 Ἀρεοπιγίτῡυ,

776 2640 917 2690 οὕτω
955 2641 1175 2708 γράφει.
1212 2641 1276 2694 Et
1311 2642 1533 2710 Symcon
1596 2644 1877 2715 Tlteologus
1931 2647 2139 2711 Juut'or,
2175 2651 2265 2718 qui
2298 2662 2347 2704 et

776 2731 1151 2801 Metapltrastes
1179 2735 1396 2798 dicitur,
1429 2738 1580 2789 tertio
1601 2736 1834 2792 Octobris
1862 2741 1946 2792 die
1985 2743 2038 2793 in
2077 2738 2195 2794 Vita
2221 2760 2349 2796 san-

776 2827 844 2875 cti
874 2824 1113 2894 Dionysii
1145 2825 1475 2897 Areopagitas
1517 2829 1626 2883 Iure
1679 2829 1853 2885 habet.
1893 2831 2207 2889 Gennadius
2247 2851 2349 2904 pro

776 2917 1007 2971 concilio
1060 2916 1374 2974 Florentino
1411 2936 1532 2989 cap.
1567 2921 1600 2975 5
1632 2940 1645 2976 :
1682 2923 1774 2975 Ἐν
1803 2924 1935 2992 ἡμῖν
1973 2926 2031 2979 δὲ
2078 2928 2171 2980 καὶ
2203 2930 2347 2997 μάλα.

779 3009 959 3072 καλῶς
994 3010 1277 3076 σώζονται,
1328 3014 1422 3065 καὶ
1467 3014 1682 3084 ᾷδθνται
1731 3016 1868 3084 μετὰ
1922 3019 2201 3089 μελῳδιῶν
2224 3021 2348 3075 καθ’

779 3100 995 3170 ἡμέραν
1037 3102 1133 3155 καὶ
1167 3104 1403 3172 Μηναῖα,
1452 3106 1546 3157 uzl.
1594 3107 1853 3176 Τριώδια,
1890 3110 1981 3162 καὶ
2016 3112 2199 3178 Λόγοι.
2255 3115 2351 3167 καὶ

781 3194 1211 3265 Μεταφραστὴς,
1269 3198 1361 3248 καὶ
1409 3197 1881 3270 Πεντηκοστάρια,
1935 3203 2030 3255 καὶ
2086 3205 2349 3276 Στιχηρὰ,

783 3288 875 3337 καὶ
911 3288 1214 3355 Τροπάριτι,
1250 3290 1343 3341 καὶ
1409 3290 1699 3361 Ἰδιὸμηλα,
1756 3295 1848 3346 καὶ
1904 3295 2201 3367 Κοντάρια,
2258 3301 2353 3352 καὶ

784 3372 957 3439 υἷκοε,
986 3379 1079 3428 καὶ
1108 3378 1437 3449 Συναξάρια,
1472 3383 1564 3432 καὶ
1595 3380 2104 3451 Ἐξαποστειλάρια,
2142 3385 2238 3436 καὶ
2268 3385 2354 3438 ἵνα

783 3468 860 3535 μὴ
888 3468 1005 3519 καθ’
1034 3468 1259 3520 Exacto»;
1310 3469 1473 3537 λέγω.
1556 3472 1703 3523 πᾶσα
1748 3472 1934 3535 ἁπλῶς
1974 3477 2149 3526 εἰπεῖν
2185 3476 2218 3543 ἡ
2261 3477 2359 3545 τῆς

795 3556 1120 3625 Ἐκκλησίις
1151 3559 1306 3628 ἡμῶν
1341 3560 1636 3631 συγγραφὴ
1664 3562 1871 3631 ταύτην
1899 3563 2012 3632 ἔχει
2054 3567 2150 3634 τὴν
2176 3566 2351 3629 δόξαν.

784 3651 937 3716 Apud
971 3665 1061 3704 nos
1084 3667 1221 3711 vero.
1252 3662 1297 3704 et
1328 3653 1479 3705 valde.
1506 3654 1628 3707 bene
1645 3667 2039 3722 conservantur,
2060 3670 2352 3712 canuntur.

783 3756 880 3810 qu:
909 3758 1025 3794 cum
1066 3743 1509 3797 modulationibus
1543 3746 1765 3816 singulis
1807 3748 2010 3813 diebus,
2048 3760 2095 3803 et
2124 3748 2354 3816 Neutra,

784 3841 833 3885 et
868 3833 1102 3895 Triodia,
1133 3847 1179 3888 et
1215 3834 1516 3899 Orationes,
1551 3847 1599 3891 et
1638 3836 2045 3905 Metophrastes,
2078 3852 2125 3895 et
2167 3842 2355 3896 Pente-

785 3929 1035 3991 costaria,
1061 3939 1105 3980 et
1126 3926 1381 3990 Stichera,
1406 3940 1453 3981 et
1476 3928 1753 3996 Troparia.
1784 3942 1831 3984 et
1856 3931 2135 3995 Idiomela,
2157 3944 2204 3986 et
2221 3935 2360 3990 Cott-

787 4018 1005 4078 taria,et
1030 4017 1171 4080 Oeci,
1201 4031 1248 4073 et
1279 4017 1604 4089 Synaxaria,
1629 4032 1678 4076 et
1706 4022 2128 4092 Exapostilaria,
2148 4038 2270 4090 etc.,
2296 4046 2359 4082 ne

783 4108 990 4177 singula
1037 4126 1352 4175 recenseam,
1391 4115 1631 4166 universa
1673 4125 1869 4168 nostra:
1904 4115 2148 4172 Ecclesia:
2168 4119 2357 4187 oﬂicia,

787 4216 836 4256 et
861 4214 1057 4258 cuncto:
1091 4207 1367 4274 scriptura:
1404 4211 1542 4260 hanc
1588 4210 1887 4276 opinionem
1908 4211 2151 4264 retinent.
2190 4212 2355 4266 Meta-

787 4297 1027 4364 pbrastae
1048 4298 1360 4353 testimonio
1386 4300 1515 4354 alibi
1541 4302 1706 4354 etiam
1729 4301 1782 4355 in
1810 4302 2001 4357 eodem
2024 4318 2191 4373 Opere
2208 4304 2347 4359 Gen-

788 4388 982 4443 nadius
1020 4390 1208 4444 utitur.
1240 4389 1462 4446 Necnon
1493 4390 1710 4445 Nicetas
1732 4391 1934 4447 Catena
1962 4393 2015 4447 in
2054 4394 2277 4460 Lucam,
2302 4404 2362 4450 et

789 4479 1053 4534 Macarius
1078 4480 1550 4551 Cbrysocepbalus
1572 4483 1624 4535 in
1665 4481 1858 4553 Magno
1902 4484 2225 4554 Alpbabeto,
2262 4487 2361 4555 Sy-

2447 615 2591 678 apud
2627 612 2834 668 Gra'cos
2864 613 3049 668 Patres
3071 613 3343 669 beatorum
3366 612 3623 684 Catalogo
3650 612 3977 680 adscriptum
4013 625 4036 663 :

2445 704 2702 772 siquidem
2728 706 2843 774 cjus
2860 706 3050 773 festum
3082 707 3226 774 apud
3252 706 3372 760 illos
3418 705 3487 758 27
3525 703 3665 758 Nov.
3709 705 4033 757 celebratur.

2448 793 2628 859 Quare
2649 796 2953 864 plenissima
2994 797 3123 865 ﬁdes
3166 798 3281 867 ejus
3317 798 3529 864 scriptis
3565 796 3803 850 adhiberi
3833 805 4033 863 potest,

2446 897 2600 955 prout
2629 890 2793 955 decet,
2812 891 3248 961 gravissimorum
3263 891 3488 959 pariter,
3524 901 3574 944 et
3604 889 4038 943 doctissimorum

2450 981 2673 1036 Patrum
2702 985 3056 1038 testimonium
3076 984 3348 1039 habemus.
3379 984 3485 1050 Qui
3508 992 3683 1037 autem
3710 983 3791 1036 illi
3821 984 3927 1035 sint
3956 984 4037 1034 ad

2447 1084 2596 1129 tuam
2634 1092 2836 1148 quoque
2883 1077 3042 1147 ﬁdem
3097 1077 3539 1145 conﬁrmandam,
3588 1076 3723 1129 sicut
3765 1085 3812 1128 et
3853 1088 4037 1127 meam

2446 1169 2811 1237 corroborant,
2844 1187 2929 1224 eos
2958 1171 3040 1224 hic
3068 1169 3394 1238 subjicimus.
3435 1166 3571 1222 Vide
3626 1168 3755 1221 item
3808 1164 4041 1219 Gretse-

2450 1275 2569 1314 rum
2599 1260 2668 1316 de
2691 1262 3021 1334 Imaginibus
3051 1277 3081 1316 a
3109 1260 3166 1316 S.
3201 1261 3346 1316 Luca
3369 1258 3528 1331 pictis
3548 1273 3596 1313 c.
3620 1257 3706 1312 i9.
3726 1258 3823 1310 llic
3846 1258 4041 1324 itaque

2451 1363 2633 1409 tantus
2663 1356 2763 1419 vir,
2794 1364 2874 1410 tot
2917 1354 3426 1425 probatissimorum
3457 1360 3740 1410 auctorum
3782 1348 4039 1403 testiino-

2448 1447 2554 1501 niis
2580 1446 2796 1510 doctus,
2821 1448 3104 1517 eloquens,
3132 1446 3381 1509 idoneus,
3408 1440 3675 1514 magistri.
3714 1441 4034 1512 logothctte,

2446 1540 2675 1610 aliisque
2709 1541 3067 1611 dignitatibus
3096 1539 3505 1601 cohoneststus,
3537 1545 3766 1590 sanctus
3792 1534 3845 1588 in
3884 1532 4037 1588 Grac-

2448 1646 2636 1686 corum
2666 1633 2927 1687 Ecclesiis
2962 1633 3379 1693 celeberrimus,
3424 1644 3549 1684 cum
3583 1628 3703 1682 aliis
3741 1634 4033 1696 computa-

2450 1734 2558 1790 ως,
2588 1725 2681 1793 qui
2714 1725 3008 1780 Ecclesiam
3043 1723 3386 1779 sermonibus
3412 1722 3526 1776 suis
3559 1721 3899 1775 illustrarunt
3930 1738 3941 1771 ε
3979 1730 4042 1771 et

2447 1816 2604 1885 cujus
2627 1817 2770 1872 dicta
2804 1818 2868 1872 ad
2895 1817 3215 1872 stabilienda
3247 1816 3371 1870 ﬁdei
3402 1815 3654 1885 dogmata
3696 1813 3751 1866 in
3786 1811 4039 1866 conciliis

2452 1913 2847 1982 producuntur,
2871 1910 2957 1964 vel
2995 1913 3113 1963 solo
3159 1908 3347 1972 unius,
3397 1908 3483 1961 vel
3522 1907 3747 1960 alterius
3792 1903 4038 1958 ha‘rt-tici

2457 2004 2624 2067 dicto,
2659 2003 2806 2057 nulla
2835 2000 3047 2070 probati
3070 2000 3175 2053 viri
3198 1999 3542 2063 auctoritate,
3573 1998 3723 2052 nullo
3750 1997 3910 2051 etiam
3945 1995 4041 2047 tri-

2453 2096 2611 2151 vialis
2651 2094 3043 2165 Ludimagistri
3092 2092 3412 2147 testimonio
3440 2093 3795 2159 comprobato
3831 2090 4042 2159 j‘iCCbil

2454 2189 2510 2243 in
2542 2190 2701 2242 trivio
2729 2189 3118 2257 Ludimagister
3147 2185 3447 2256 inglorius?
3476 2186 3659 2253 Apage
3681 2182 4036 2251 ineptiarum.

2527 2281 2634 2336 Sed
2678 2281 2917 2348 Scriptor
2959 2281 3150 2347 oppido
3189 2294 3366 2332 recens
3406 2287 3502 2331 est.
3553 2275 3609 2329 Id
3637 2288 3850 2343 quoque
3878 2282 4042 2341 pute—

2455 2387 2599 2434 mus,
2637 2380 2693 2426 et
2720 2386 2834 2425 rem
2876 2386 2977 2424 suo
3025 2368 3266 2423 nominis
3301 2368 3547 2436 pondere
3591 2365 3915 2434 pendamus.
3968 2362 4041 2415 lit

2455 2465 2714 2534 primum,
2744 2474 2872 2517 ante
2903 2462 3086 2517 omnia
3114 2460 3338 2516 ridenda
3370 2469 3456 2512 est
3504 2456 3881 2511 bmreticorum
3924 2468 4037 2506 nu-

2452 2556 2677 2625 gacitas,
2711 2555 2805 2624 qui
2835 2562 2896 2607 ut
2928 2553 3306 2622 Metapbrastae
3338 2551 3497 2605 ﬁdem
3526 2549 3759 2609 elevem,
3785 2561 3907 2600 eum
3944 2564 4041 2599 re-

2450 2647 2830 2701 centissimum
2863 2644 3089 2705 faciunt,
3107 2652 3163 2697 et
3196 2651 3380 2712 postea
3407 2655 3597 2710 parum
3629 2638 4040 2706 cauti,parutu-

2453 2755 2558 2808 quc
2584 2739 2686 2792 sibi
2710 2746 3045 2793 constantes.
3076 2733 3477 2804 antiquissimis
3510 2731 3783 2791 Patribus,
3815 2728 4039 2795 etquod

2458 2831 2630 2900 magis
2659 2840 2764 2893 est,
2795 2829 3167 2899 apostolorqu
3190 2825 3493 2895 discipulis.
3512 2824 3596 2877 vel
3620 2821 3876 2891 apostolis
3905 2820 4043 2888 ipsis

2455 2939 2660 2994 parem,
2679 2932 2736 2977 ct
2755 2924 3047 2993 ὀμόχρανον
3077 2920 3442 2975 constituunt.
3474 2918 3620 2971 Inter
3651 2932 3744 2970 eos
3774 2913 4036 2984 [)t':l‘ciptti

2456 3023 2583 3069 sunt
2614 3013 2891 3069 Gesnerus
2916 3012 3210 3080 exterique
3255 3009 3667 3079 epitomatores,
3698 3006 3788 3076 qni
3825 3004 4040 3074 Hippo—

2452 3104 2620 3175 lytum
2696 3102 3011 3157 Thebanum
3088 3099 3451 3155 recentiorem
3545 3094 4033 3165 chronographum

2459 3214 2589 3253 cum
2651 3197 2943 3268 Hippolyto
3036 3193 3329 3249 Portuensi
3400 3190 3839 3252 confundentes,
3918 3185 4039 3239 Mc-

2462 3289 2792 3358 tapltrastem
2849 3288 2994 3341 circa
3040 3295 3284 3355 tempora
3339 3283 3707 3353 apostolorum
3751 3278 4043 3347 scripsisse

2456 3381 2620 3436 etiam
2651 3382 2902 3436 nolentes
2928 3379 3317 3434 determinant.
3349 3376 3484 3432 Cum
3506 3376 3651 3429 enim
3680 3374 3822 3427 illius
3847 3371 4044 3425 memi-

2444 3472 2608 3547 nerit
2657 3473 3002 3543 Hippolytus,
3045 3486 3208 3540 quem
3241 3470 3344 3540 ipsi
3383 3469 3736 3523 Portuensem
3786 3480 3928 3525 esse,
3971 3464 4048 3518 de

2457 3582 2566 3636 quo
2601 3564 2964 3634 Hieronymus
2993 3564 3049 3617 in
3078 3562 3346 3632 catalogo,
3378 3560 3650 3614 fateantur
3673 3572 3901 3612 necesse
3930 3565 4042 3616 est,

2456 3667 2583 3711 ante
2614 3656 2701 3709 illa
2725 3664 2970 3723 tempora
2998 3652 3266 3717 ﬂoruisse,
3301 3651 3531 3720 ideoque
3555 3665 3680 3704 cum
3711 3649 3843 3717 ipsis
3899 3662 4041 3716 apo-

2457 3751 2633 3814 stolis,
2662 3749 2747 3803 vel
2776 3749 3061 3801 minimum
3093 3760 3218 3799 cum
3244 3743 3628 3813 Apostolorum
3645 3738 3923 3809 discipulis
3959 3738 4044 3791 νὶ-

2460 3852 2570 3895 tam
2602 3842 2803 3912 egisse.
2833 3838 3159 3909 Hippolytus
3194 3837 3340 3891 enim
3371 3835 3693 3889 Portuensis
3729 3833 3833 3887 sub
3869 3831 4035 3897 Alex-

2459 3933 2631 3987 andro
2659 3935 3011 4002 imperatore,
3053 3944 3201 3984 anno
3257 3928 3472 3983 Domini
3521 3942 3736 3991 cenis,
3783 3925 4046 3993 martyrio

2458 4025 2624 4079 vitam
2653 4025 2792 4078 linit.
2834 4024 2901 4078 Et
2931 4023 3023 4076 hic
3061 4021 3476 4076 recentissimus
3508 4020 3617 4074 erit
3642 4028 3830 4073 auctor
3861 4018 3915 4072 in
3943 4016 4044 4070 Ec-

2457 4118 2649 4181 clesia,
2680 4118 2844 4185 cujus
2868 4114 3198 4170 auctoritate
3233 4127 3333 4168 sua
3359 4112 3652 4167 conﬁrmat
3695 4108 4042 4180 Hippolytus,

2458 4216 2514 4261 et
2541 4207 2609 4260 de
2636 4221 2746 4276 quo
2770 4221 2880 4260 non
2912 4216 3171 4275 tanquam
3208 4205 3276 4257 de
3322 4218 3514 4257 recens
3556 4204 3665 4255 vita
3696 4201 3904 4264 iuncto,
3947 4201 4044 4255 sed

2457 4308 2716 4368 tanquam
2762 4298 3068 4366 antiquiore
3097 4339 3112 4361 ,
3155 4306 3211 4350 et
3248 4296 3407 4363 cujus
3446 4296 3559 4363 jam
3604 4296 3899 4348 auctoritas
3942 4308 4044 4347 suo

2454 4390 2578 4459 jure
2631 4390 3033 4452 admitteretur,
3088 4388 3253 4442 verba
3316 4386 3483 4440 facit?
3520 4385 4044 4454 Antiquissimorum

2460 4479 2683 4533 Patrum
2717 4480 2785 4535 de
2812 4480 2901 4534 die
2939 4479 3217 4534 Passionis
3245 4487 3302 4531 et
3339 4477 3532 4530 mortis
3563 4475 3776 4530 Domini
3816 4484 4045 4530 senten-

788 4584 919 4624 mon
946 4570 1451 4627 Thessalonicensis
1488 4573 1543 4625 in
1581 4572 1800 4643 Dialogo
1849 4581 2040 4629 contra
2089 4574 2355 4640 Περι-θεοῖς,
2392 4574 2434 4629 D
2468 4569 2569 4627 tias
2591 4572 2929 4634 examinans,
2964 4587 3129 4626 unam
3154 4571 3368 4625 cateris
3393 4566 3615 4639 prafert
3638 4566 4044 4636 Ielaphrastze,

790 4670 846 4713 et
884 4659 951 4714 de
987 4659 1373 4724 Sacramentis,
1406 4662 1652 4717 Bessario
1691 4678 1907 4733 quoque
1936 4663 2258 4731 Cardinalis,
2303 4678 2358 4722 et

790 4750 903 4805 alii.
954 4750 1021 4805 Et
1046 4753 1184 4806 inter
1206 4751 1428 4807 Latinos
1448 4754 1698 4823 Aloysius
1746 4752 2118 4823 Lipomannus
2143 4773 2157 4808 :
2182 4756 2349 4810 Heta-

792 4845 1027 4909 pltrastes
1084 4842 1230 4896 Vitas
1280 4855 1604 4905 sanctorum,
1636 4847 1860 4915 eleganti
1879 4847 2015 4916 stle
2068 4858 2115 4901 et
2146 4849 2354 4901 condito

791 4936 1081 5001 descripsit,
1120 4945 1168 4988 et
1206 4937 1450 5004 legendas
1493 4936 1736 4989 Ecclesia:
1775 4940 2067 5006 proposuit,
2112 4950 2361 5007 tantaque

792 5027 1105 5079 auctoritate
1137 5028 1265 5080 liber
1285 5029 1368 5080 hic
1407 5029 1461 5079 in
1484 5028 1649 5081 lucens
1678 5030 1891 5097 prodiit,
1924 5040 1978 5082 ut
2005 5032 2147 5098 apud
2170 5029 2359 5085 Orien-

795 5118 955 5170 taletu
989 5115 1296 5178 Ecclesium,
1323 5121 1411 5185 qui
1451 5130 1755 5173 sanctorum
1790 5120 1933 5175 Vitas
1971 5132 2163 5187 prater
2198 5138 2359 5176 unum

796 5208 1216 5275 Netaphrasteut.
1248 5212 1533 5275 scripserit,
1563 5229 1654 5266 uec
1681 5224 1971 5282 quaratur,
2007 5230 2099 5266 nec
2128 5216 2361 5287 reperia-

798 5302 1155 5365 tur.Quiuiuso
1174 5302 1411 5373 [371nm
1428 5304 1603 5371 injsuis
1625 5302 1860 5369 lenitis,
1881 5315 1928 5357 et
1950 5321 2132 5358 sacras
2146 5316 2360 5358 sancto-

800 5412 918 5449 ruus
953 5396 1095 5449 Vitas
1124 5399 1332 5458 recitat,
1364 5413 1467 5449 uou
1497 5398 1665 5461 alias,
1706 5414 1867 5464 quant
1915 5414 1978 5451 ex
2018 5398 2131 5451 istis
2163 5400 2366 5451 desunt-

800 5500 923 5551 ptas
957 5488 1077 5556 legit
1095 5506 1114 5551 ,'
1144 5490 1274 5540 adeo
1295 5504 1387 5553 pro
1421 5489 1595 5547 certis,
1626 5489 1777 5553 reris,
1814 5490 2126 5542 authenticis
2155 5490 2220 5542 ab
2252 5507 2365 5541 oau-

803 5580 973 5641 uibus,
1017 5592 1064 5632 et
1105 5582 1335 5632 omnium
1378 5582 1691 5633 auctoritate
1730 5582 2052 5647 conﬁrmatis
2087 5582 2360 5634 habentur.

806 5672 917 5724 luto
951 5689 1041 5724 uec
1085 5671 1315 5725 Ecclesia
1358 5676 1534 5728 Gra'ca
1582 5691 1755 5741 preces
1794 5676 2155 5732 orationesque
2193 5677 2362 5726 Meta-

808 5768 1034 5827 phrusta:
1088 5778 1199 5831 post
1239 5766 1341 5818 llas
1368 5770 1424 5818 lii
1472 5779 1519 5820 et
1560 5768 1913 5835 i'hrgsostomi
1953 5769 2364 5833 supplicationes

805 5859 981 5911 rati-tt
1020 5860 1259 5914 locasset.
1295 5862 1336 5908 si
1382 5861 1595 5911 recentis
1630 5862 1874 5923 temporis
1914 5861 2139 5911 auctoris
2180 5868 2344 5911 essent

2464 4678 2624 4733 quem
2656 4679 2765 4718 non
2800 4665 2920 4720 sine
2946 4664 3223 4735 praeconio
3252 4662 3519 4717 nominat.
3561 4660 3715 4716 Unus
3742 4660 3819 4715 illi
3846 4659 4046 4730 Symc~

2463 4768 2556 4819 on,
2605 4753 2868 4823 quidquid
2914 4754 3003 4809 alii
3037 4754 3257 4817 dicant,
3309 4753 3653 4807 hesitantem
3706 4750 4047 4805 intellectum

2466 4846 2666 4905 ﬁrmat.
2718 4844 2861 4913 Ἐγὼ
2893 4844 2953 4897 δὲ
3005 4843 3263 4912 πεὲθομαι
3307 4845 3420 4905 τοῖς
3470 4842 3653 4909 λόγοις
3698 4838 3793 4892 τοῦ
3848 4838 4051 4908 κυρίου

2466 4935 2711 5005 Συμεών.
2730 4934 2839 5006 Ego
2856 4950 2975 4990 vero
2991 4935 3149 5001 ﬁdens
3165 4934 3385 4987 adhibeo
3406 4933 3573 4987 verbis
3606 4930 3805 4984 ἀθειιίιὶ
3820 4928 4052 4998 Symeo-

2468 5029 2568 5084 uis.
2598 5028 2891 5099 Progressa
2915 5027 3195 5091 temporis.
3209 5036 3263 5080 et
3289 5035 3484 5079 testata
3503 5024 3743 5094 plurium
3773 5036 4050 5076 annorum

2468 5120 2820 5175 contentione
2837 5120 3106 5174 dictorum
3123 5118 3439 5179 auctoritas,
3465 5125 3521 5170 et
3546 5130 3613 5170 eo
3632 5115 3825 5185 magis,
3848 5113 3892 5166 si
3920 5112 4054 5166 aliis

2474 5212 2729 5280 anteponi
2764 5210 2989 5270 debent.
3046 5225 3157 5265 non
3204 5210 3368 5263 unius
3397 5208 3507 5263 diei
3540 5216 3763 5261 nutante
3799 5205 4053 5275 periculo

2472 5300 2960 5373 comparatur-483]
2980 5300 3117 5356 Cum
3142 5302 3322 5367 itaque
3344 5298 3630 5368 Symeonis
3646 5306 3799 5358 artas.
3821 5296 3869 5349 si
3901 5295 4053 5350 bene

2473 5396 2736 5465 Sapimus,
2783 5410 2891 5449 non
2926 5396 3000 5448 ita
3037 5394 3257 5462 antiqua
3292 5393 3384 5455 sit,
3432 5390 3823 5446 concludamus
3867 5388 4054 5457 suspi-

2476 5488 2741 5555 pieionem
2774 5486 3104 5541 Novatorum
3129 5484 3198 5540 de
3224 5484 3514 5554 Hippolyto
3532 5484 3725 5545 levem,
3748 5495 3813 5534 ac
3833 5480 4053 5534 lutiiem

2475 5594 2594 5632 esse
2623 5578 2747 5632 etsi
2794 5578 2992 5646 placet,
3037 5576 3287 5629 deliram.
3326 5574 3437 5627 Nec
3474 5574 3597 5641 plus
3628 5572 3764 5625 vidit
3795 5569 4055 5625 Francis-

2477 5684 2575 5724 cus
2604 5670 2845 5722 Ilitarins
2864 5669 3168 5722 Comment.
3196 5668 3251 5720 in
3273 5665 3515 5719 Flatium
3541 5665 3798 5718 Dextrum
3825 5677 3971 5716 anno
3994 5662 4052 5722 ὅ,

2480 5764 2570 5831 qui
2606 5761 2951 5830 Hippolytum
2998 5761 3165 5822 hunc,
3207 5775 3369 5827 quem
3408 5757 3727 5811 Thebanum
3772 5754 4052 5824 appellat,

2482 5866 2604 5910 ante
2633 5854 2991 5925 Epiphaniam
3016 5870 3059 5908 δ(
3079 5854 3301 5921 ripsissc
3324 5866 3515 5921 parum
3547 5860 3707 5904 caute
3734 5847 3907 5902 fassus
3943 5855 4055 5911 est;
