4158 6472
155 471 209 534 33
762 459 858 519 DE
901 453 1249 517 SCRIPTIS
1292 451 1671 513 SYMEt’iNlS
1719 443 2295 507 METAI’HRASTxE
2339 441 2726 501 DIATRIBA.
3305 436 3377 497 34

158 584 277 634 ίιίιιη
304 592 391 629 nec
423 574 550 644 legit
578 574 819 642 quidem.
845 568 1125 634 Quomodo
1154 567 1321 628 enim,
1358 566 1449 634 qui
1480 564 1695 632 Georgii
1733 577 1770 625 Α
1804 576 1830 612 a
1866 559 2118 627 quopiam
2156 553 2521 607 ilictitaretur?
2550 552 2734 617 Neque
2776 549 2955 617 itaque
2988 545 3211 603 i’scllus.
3248 548 3375 599 dum

158 668 545 724 .Viromediensis
567 707 581 727 ,
614 664 898 736 Symronis
947 660 1351 730 Metapbrastze.
1382 666 1436 711 et
1474 656 1691 723 Georgii

154 760 543 831 Chronograpbii
588 758 759 811 multo
790 756 1095 825 Epiphanio
1133 753 1498 805 recentiorum
1539 749 1689 801 testi-

154 855 303 907 monio
327 854 513 913 utitur,
550 850 767 902 Bivario
802 863 910 900 non
938 844 1230 898 dormienti
1265 841 1569 909 Epiphanio
1590 854 1690 890 an-

155 947 321 1015 tiquior
348 944 515 996 videri
565 940 785 1012 potuit?
836 948 892 993 et
925 953 1032 991 nou
1062 934 1511 989 animadvertisse
1544 931 1692 983 Ilii-a-

154 1042 283 1101 rizuu,
313 1038 352 1090 si
385 1037 553 1095 dicas.
592 1050 675 1088 me
702 1033 789 1087 ille
821 1045 963 1101 πει-ε
990 1028 1194 1083 tulerit.

206 1127 647 1194 Quemadmodum
703 1140 832 1193 ergo
884 1132 1015 1176 actas
1060 1120 1198 1173 adeo
1245 1118 1466 1187 antiqua
1524 1115 1688 1168 Meta-

155 1224 357 1289 plirnsta:
386 1222 708 1288 denegatur,
760 1218 827 1270 ita
857 1224 911 1270 et
941 1214 1032 1266 illa
1072 1210 1447 1266 recentissima
1480 1208 1549 1261 ab
1576 1208 1695 1259 aliis

154 1324 341 1365 asserta.
374 1311 615 1379 Rapbael
648 1310 792 1362 enim
828 1306 1209 1359 Vollateranus
1248 1301 1555 1357 Comment.
1589 1298 1691 1354 Ur.

154 1411 382 1461 bauorum
416 1406 511 1457 lib.
539 1420 625 1456 xix
655 1412 707 1455 et
729 1417 795 1456 ex
820 1416 884 1453 eo
905 1398 1189 1455 Conradus
1219 1396 1493 1449 Gesneros
1521 1393 1572 1445 in
1605 1390 1689 1444 bi-

156 1501 313 1553 liiiOlil.
349 1499 531 1552 nescio
566 1512 673 1563 qua
702 1494 1016 1562 conjectura
1065 1489 1511 1543 recentissimum
1553 1484 1655 1537 iaci

156 1602 231 1643 unt
256 1592 469 1651 circiter,
502 1602 735 1655 namque
773 1602 939 1638 annos
968 1583 1161 1636 abhinc
1192 1581 1437 1633 ducentos
1470 1591 1693 1644 compo-

152 1683 295 1734 suisse
338 1680 489 1732 Vitas
535 1685 847 1731 sanctorum
898 1675 1163 1733 scribunt,
1210 1671 1352 1739 quod
1393 1669 1528 1721 adeo
1578 1667 1695 1718 aliis

153 1774 320 1836 irrisit,
352 1782 407 1825 ut
453 1772 705 1824 eumdem
747 1781 1016 1821 annorum
1057 1777 1367 1822 numerum,
1400 1760 1487 1813 vel
1526 1758 1693 1811 invita

155 1867 270 1918 serie
294 1875 620 1931 temporum,
658 1876 768 1914 non
797 1859 958 1912 nimis
981 1858 1048 1910 de
1085 1856 1252 1909 rebus
1282 1851 1525 1914 solliciti,
1563 1849 1696 1901 ridi-

154 1961 248 2009 cute
269 1956 605 2009 retinueriut.
628 1952 951 2018 Rodulphus
965 1948 1325 2016 Hospinianus
1351 1944 1417 1999 de
1437 1941 1696 2010 Templis,

152 2052 203 2100 tie
230 2062 459 2116 tempore
484 2047 867 2114 Metaphrastae
888 2055 1192 2097 sermonem
1220 2039 1426 2092 habens
1448 2035 1698 2094 aﬂirmat,

152 2156 250 2192 e-‘ut
280 2157 375 2192 non
411 2140 644 2207 amplius
666 2138 856 2189 abhinc
885 2134 1118 2187 ducentis
1140 2130 1323 2200 viginti
1353 2129 1504 2181 annis
1538 2127 1701 2192 scrip-

151 2252 268 2286 usu.
300 2232 646 2287 Benefaetum
673 2246 797 2284 cum
846 2227 1234 2295 Metaphraste:
1264 2221 1483 2291 quando
1519 2219 1629 2286 jam
1668 2234 1695 2270 a

153 2325 359 2378 tlesucro
403 2324 471 2377 ad
524 2322 921 2390 llosriinianum
982 2316 1111 2370 anni
1166 2315 1351 2385 viginti
1400 2312 1694 2366 creverint.

154 2416 337 2468 Similes
383 2414 625 2481 antiqua:
666 2421 719 2465 et
768 2408 1089 2464 recentioris
1130 2406 1374 2459 Historia:
1412 2418 1509 2472 pro
1563 2414 1699 2455 nutu

156 2512 491 2557 inuideratores
522 2502 779 2555 viderunt
828 2508 1021 2555 exacto
1052 2514 1291 2567 veroque
1324 2496 1552 2557 calculo,
1590 2509 1697 2547 non

154 2599 355 2666 amplius
379 2597 569 2667 viginti
602 2610 779 2649 annos
810 2594 974 2647 fuisse
1000 2593 1227 2661 elapsos.
1254 2591 1392 2655 Quid
1424 2604 1572 2651 vero,
1607 2588 1699 2657 qui

156 2693 235 2744 tibi
257 2702 451 2744 tantum
482 2689 678 2743 tribuit
705 2688 759 2741 in
794 2688 1079 2739 annalibus
1099 2683 1486 2739 Casaubonus?
1528 2682 1695 2735 Meta-

154 2786 357 2847 phrastes
378 2783 519 2850 scrip
545 2798 607 2833 or
626 2780 815 2848 oppido
839 2795 1029 2841 recens,
1051 2787 1097 2830 et
1122 2792 1347 2844 persa’pe
1368 2776 1697 2827 vanissimas.

158 2878 353 2930 Dubium
380 2894 448 2930 an
484 2876 560 2929 illi
592 2876 673 2929 vel
708 2875 1248 2941 hos,quateseunque
1274 2870 1412 2938 sintf,
1439 2869 1701 2922 ducentos

155 2985 296 3024 annos
335 2969 559 3023 tribuat.
598 2966 737 3020 Hinc
761 2967 1149 3035 epitomatores
1177 2959 1495 3015 Gesneriani
1527 2959 1579 3011 in
1608 2974 1699 3011 ex-

156 3062 407 3115 scribenda
431 3060 765 3114 bibliotheca
796 3070 1062 3111 aunorum
1088 3067 1400 3118 numerum,
1426 3053 1612 3105 nescio
1628 3065 1697 3102 an

155 3154 289 3206 etiam
312 3154 400 3207 illo
419 3152 715 3206 intervallo
740 3149 1121 3211 recentiorem,
1148 3146 1252 3207 vel,
1275 3154 1334 3197 ut
1365 3144 1564 3197 veritas
1594 3152 1696 3207 est,

1799 649 2021 708 abillis,
2050 647 2139 717 qui
2191 646 2448 698 \iderunt
2492 642 2815 711 Symeonem
2854 637 3043 699 audiit,
3095 639 3378 705 Symeouis

1797 744 1939 797 tutati
1974 740 2196 810 aequalis
2218 738 2485 793 dicendus
2514 745 2615 789 est.

1865 836 1932 887 At
1986 832 2097 886 tieri
2154 845 2315 901 posse
2369 829 2571 890 dicent,
2628 837 2687 880 ut
2740 824 2861 894 quis
2898 824 3087 877 eodem
3130 834 3375 892 tempore.

1796 928 2003 987 vivens,
2038 924 2268 977 alterius
2294 932 2406 975 tum
2432 935 2649 988 quoque
2677 918 2908 971 viventis
2932 931 3018 968 res
3043 927 3219 979 gestas
3240 930 3375 983 quas

1797 1019 1886 1071 ille
1925 1018 2123 1069 multas
2155 1015 2225 1068 ob
2260 1027 2453 1067 causas
2477 1025 2587 1063 non
2621 1010 2836 1069 viderit.
2870 1007 3107 1061 audierit
3136 1015 3314 1059 tamen
3346 1022 3373 1056 ει

1795 1109 1922 1162 viris
1948 1108 2048 1160 ﬁde
2092 1106 2293 1175 dignis,
2318 1103 2409 1173 qui
2437 1102 2511 1155 illi
2550 1101 2794 1170 operanti
2826 1098 3123 1160 adfuerint,
3153 1098 3373 1149 scribat.

1800 1201 1889 1255 Sic
1922 1200 2026 1253 hoc
2059 1208 2303 1267 tempore
2359 1195 2526 1249 multa
2579 1193 2942 1255 sciscitantur,
2965 1200 3021 1243 et
3061 1189 3309 1242 audimus
3347 1204 3377 1241 a

1799 1295 2121 1357 scientibus,
2151 1301 2204 1346 et
2234 1292 2324 1360 qui
2360 1305 2421 1344 ea
2454 1288 2733 1346 viderunt,
2758 1282 3035 1349 relataque
3068 1280 3261 1333 litteris
3284 1294 3377 1347 po-

1795 1398 1908 1440 stea
1948 1385 2415 1440 commendamus.
2469 1380 2612 1433 Idem
2646 1374 2821 1446 potuit
2846 1373 3021 1426 Psello
3061 1372 3375 1439 contigisse.

1793 1476 1971 1542 Quare
2004 1477 2163 1534 ratio.
2201 1489 2321 1543 quae
2356 1488 2421 1525 ex
2460 1470 2582 1523 istis
2615 1467 2849 1522 oculatis
2891 1464 3121 1518 testibus
3157 1463 3379 1515 det‘uci-

1798 1579 1907 1633 tur,
1955 1568 2095 1621 illius
2136 1566 2396 1635 aequalem
2457 1562 2661 1631 oppido
2716 1558 3033 1628 comprobat
3079 1554 3382 1625 Metaplra-

1796 1672 1957 1724 stem,
1988 1662 2346 1730 antiquiorem
2412 1672 2543 1710 vero
2585 1670 2950 1725 nequaquam.

1868 1772 2057 1825 Paucis
2091 1773 2176 1824 bic
2230 1769 2538 1833 ostendam,
2600 1768 2824 1821 modum
2882 1767 3044 1822 istum
3102 1770 3376 1837 .oquendi,

1801 1864 1953 1933 quasi
1971 1880 2183 1932 semper
2202 1863 2267 1916 de
2293 1862 2452 1915 rebus
2470 1862 2733 1913 anteactis
2757 1860 2955 1928 quibus
2984 1875 3084 1912 nos
3110 1862 3377 1914 interesse

1808 1960 1875 2012 ob
1905 1968 2117 2011 tetatem
2149 1971 2256 2009 nou
2307 1954 2601 2024 potuimus.
2626 1953 2731 2007 dici
2767 1954 2947 2005 :dicto
2971 1969 3092 2007 meo
3132 1970 3260 2011 uno,
3295 1955 3378 2007 vel

1810 2052 1984 2105 altero
2004 2049 2250 2117 exemplo
2273 2046 2465 2099 faciam
2488 2045 2641 2099 satis.
2659 2044 2933 2112 Eunapius
2954 2043 3267 2104 Sardianus,
3293 2043 3379 2096 Vi-

1812 2155 1892 2199 tas
1925 2142 2326 2212 Sophistarum.
2352 2155 2488 2207 quos
2518 2139 2630 2206 ipse
2653 2148 2899 2196 noverat.
2928 2153 3065 2205 quos
3091 2139 3252 2190 etiam
3281 2154 3377 2191 au-

1811 2240 1924 2293 ditu
1948 2234 2384 2306 deprehenderat
2411 2232 2731 2299 scripturus,
2758 2230 3088 2283 auditionem
3114 2232 3249 2283 hanc
3270 2246 3380 2285 non

1810 2333 1873 2385 ad
1908 2347 1993 2384 res
2015 2345 2144 2392 sum,
2183 2326 2275 2381 sed
2299 2326 2364 2379 ad
2392 2324 2689 2394 superioris
2724 2324 2900 2377 aetatis
2940 2334 3154 2391 tempus
3193 2323 3378 2378 refert.

1810 2425 2023 2477 Nicetas
2043 2420 2334 2475 Cboniates
2350 2418 2515 2471 multa
2535 2418 2602 2469 de
2619 2416 2826 2470 Joanne
2844 2416 3122 2469 Coumeno
3142 2432 3380 2471 comme-

1811 2526 2002 2578 morat,
2020 2530 2137 2583 quae
2167 2514 2283 2581 ipse
2309 2526 2417 2563 non
2438 2510 2589 2573 vidit,
2624 2508 2717 2561 sed
2739 2508 2804 2561 ab
2824 2508 2942 2561 aliis
2958 2521 3262 2578 acceperat,
3287 2511 3378 2578 qui

1806 2610 2069 2663 Joannem
2122 2606 2391 2667 viderunt,
2440 2612 2496 2657 et
2536 2602 2897 2670 expeditionis
2937 2604 3162 2656 comites
3203 2603 3377 2657 tuere.

1810 2703 1921 2756 Iloc
1974 2696 2421 2767 idcmproiitetur
2465 2694 2704 2748 Joannes
2739 2694 3058 2748 Cinnamus.
3113 2694 3246 2762 Quis
3297 2707 3381 2750 ta-

1812 2807 1933 2845 men
1980 2790 2185 2843 diceret
2229 2800 2315 2839 res
2366 2785 2483 2838 ilias
2532 2785 2799 2837 dictorum
2828 2784 3157 2852 scriptorum
3200 2802 3379 2840 aevum

1810 2899 1919 2937 non
1993 2875 2404 2949 praecessisse?
2482 2875 2782 2929 Audiamus
2861 2875 3140 2944 Polybium
3178 2917 3192 2938 ,
3274 2891 3381 2947 quo

1810 2988 1940 3027 sane
1972 2985 2131 3023 nemo
2160 2967 2372 3032 melius,
2413 2982 2574 3020 nemo
2606 2965 2911 3019 accuratius
2939 2965 3031 3019 lib.
3067 2982 3117 3020 tv
3145 2965 3375 3021 Histor..

1812 3065 2075 3134 Δεύτερον
2133 3061 2187 3113 δὲ
2228 3059 2315 3112 διὰ
2349 3060 2409 3111 τὸ
2447 3060 2537 3111 καὶ
2567 3059 2690 3120 τοὺς
2724 3056 2949 3127 χρόνους
2981 3056 3123 3110 οὕτω
3168 3060 3383 3130 συντρέ-

1810 3177 1925 3230 χειν
1953 3158 2074 3218 τοὺς
2113 3154 2257 3224 ἑξῆς,
2292 3152 2385 3207 καὶ
2418 3154 2546 3215 τοὺς
2586 3153 2881 3215 πίπτοντας
2915 3152 3017 3204 ὑπὸ
3058 3151 3153 3222 τὴν
3186 3154 3379 3221 ἡμετέ-

162 3248 505 3315 antiquiorem
552 3243 932 3299 existimantes
966 3242 1287 3295 omiserunt.
1324 3237 1705 3292 Genebrardus

1813 3270 1912 3323 ραν
1951 3249 2211 3318 ἱστορίαν,
2245 3246 2386 3298 ὥστε
2447 3246 2573 3307 τοὺς
2614 3245 2712 3313 μὲν
2741 3245 2862 3297 καθ’
2893 3245 3037 3313 ἡμᾶς
3067 3240 3227 3308 εἶναι,
3258 3246 3382 3307 τοὺς

159 3339 503 3409 chronologia':
526 3337 623 3390 lib.
656 3352 706 3389 IV
722 3335 1142 3403 Metaphrastem
1158 3332 1330 3401 vpaulo
1342 3330 1702 3397 antiquiorem

155 3429 275 3482 facit.
304 3429 531 3497 ngeon
555 3427 943 3494 Metaphrastes
969 3426 1108 3476 circa
1130 3425 1240 3477 haec
1256 3425 1385 3475 anni
1406 3422 1544 3475 1‘200
1577 3431 1706 3473 tem-

156 3538 279 3585 pora.
318 3522 383 3574 Et
403 3532 596 3574 tamen
626 3518 860 3572 Psellum
881 3517 1073 3571 scribit
1098 3516 1347 3570 ﬂoruisse
1367 3530 1510 3568 anno
1549 3514 1705 3566 1075.

209 3610 621 3663 Eruditissimus
640 3607 913 3661 Gerardus
928 3606 1152 3660 Vossius
1169 3607 1235 3660 de
1262 3605 1543 3660 llismrieis
1564 3604 1709 3659 Cra:-

154 3700 213 3755 cis
236 3702 321 3756 lib.
350 3718 409 3767 ιι,
437 3716 565 3769 eap.
591 3699 686 3761 26,
711 3699 815 3752 sub
842 3697 1202 3751 Constantino
1229 3697 1393 3760 liuca,
1412 3695 1496 3749 vel
1518 3695 1704 3748 saltem

153 3794 267 3845 circa
288 3793 373 3845 illa
413 3802 672 3860 tempora
698 3790 1022 3861 Symeonem
1062 3787 1486 3856 Metaphrastem
1518 3784 1707 3855 ponit;

153 3899 252 3936 nam
280 3885 343 3938 de
384 3884 508 3954 ejus
539 3893 707 3938 aetate
745 3882 923 3936 adhuc
971 3882 1037 3935 lis
1090 3890 1173 3935 est
1214 3880 1314 3933 sub
1339 3880 1542 3948 judice,
1580 3877 1712 3933 vixit

154 3984 303 4030 tamen
336 3976 601 4029 ducentis
629 3975 788 4027 annis
822 3975 1113 4042 posterius,
1138 3988 1299 4042 quam
1327 3972 1710 4026 existimarunt

154 4065 386 4122 Barouius
428 4079 485 4122 et
514 4067 903 4121 Bellarminus.
932 4066 1130 4120 Probat
1156 4083 1217 4120 ex
1240 4074 1395 4121 aetate
1419 4065 1597 4131 Pselli,
1616 4065 1708 4134 qui

154 4157 233 4211 sub
272 4159 461 4213 iisdem
501 4158 932 4227 imperatoribus
961 4158 1125 4210 vitam
1170 4157 1381 4225 agebat,
1421 4165 1475 4209 et
1511 4156 1564 4209 in
1593 4156 1706 4208 lau-

155 4248 251 4300 dem
300 4248 597 4319 Symeouis
649 4248 951 4303 orationem
998 4248 1281 4301 habuerat.
1324 4246 1480 4301 Etas
1531 4248 1711 4315 itaque

155 4341 303 4405 Pselli.
346 4356 404 4398 ut
449 4344 717 4413 opinatur
779 4341 1039 4407 Vossius,
1071 4350 1285 4395 aetatem
1333 4339 1711 4408 Metapbrasta:

156 4436 346 4487 iudicat.
382 4433 597 4488 Verum
636 4444 813 4487 tamen
838 4449 961 4488 eum
992 4434 1164 4487 l‘sello
1191 4434 1386 4487 vixisse
1412 4434 1481 4487 ob
1504 4434 1709 4487 oratio-

157 4543 252 4579 nem
286 4529 335 4581 in
360 4544 488 4581 eum
524 4528 729 4581 factam
751 4542 779 4579 a
799 4526 975 4579 Psello
1004 4540 1164 4579 nemo
1190 4526 1369 4588 dicet;
1398 4541 1461 4579 ex
1482 4541 1544 4579 ea
1569 4540 1712 4577 nam-

1811 3343 1865 3394 δὲ
1922 3340 2063 3394 κατά
2101 3339 2228 3400 τοὺς
2267 3337 2507 3405 πατέρας
2576 3335 2750 3404 ἡμῶν.
2834 3334 2922 3399 Ἐξ
2971 3328 3031 3385 οὗ
3095 3335 3383 3403 συμϐαίνει

1812 3432 1934 3491 τοὺς
1981 3429 2077 3498 μὲν
2106 3427 2301 3489 αὐτοὺς
2346 3426 2492 3493 ἡμᾶς
2523 3424 2983 3494 παραγεγονέναι,
3039 3425 3106 3475 τὰ
3137 3424 3193 3476 δὲ
3233 3428 3382 3494 παρὰ

1810 3522 1917 3573 τῶν
1958 3517 2274 3589 ἑωρακότων
2321 3514 2637 3581 ἀκηκοέναι.
2670 3513 2743 3563 Τὸ
2777 3513 2872 3565 καὶ
2922 3512 3180 3581 ἀνωτέρω
3213 3530 3382 3580 προς..

1810 3614 2105 3684 λαμϐάνειν
2177 3612 2288 3671 τοῖς
2319 3607 2556 3678 χρόνοις,
2596 3606 2669 3668 ὡς
2709 3606 2879 3676 ἀκοὴν
2929 3606 2987 3670 ἐξ
3035 3608 3201 3674 ἀκοῆς
3245 3612 3382 3675 γρα-

1812 3726 1952 3774 φειν,
1988 3708 2087 3759 οὐκ
2145 3700 2382 3771 ἐφαίνεθ’
2439 3701 2567 3769 ἡμῖν
2615 3699 2868 3767 ἀσφαλῶς
2908 3700 3073 3769 ἔχειν,
3130 3699 3253 3751 οὔτε
3285 3705 3383 3757 τὰς

1808 3797 2110 3866 διαλήψεις,
2148 3790 2270 3845 οὔτε
2335 3788 2431 3861 τᾲς
2499 3789 2819 3857 ἀποφάσεις.
2886 3788 3082 3841 Deinde
3133 3791 3379 3857 quoniam

1809 3891 2049 3962 proxima
2104 3886 2211 3939 illis
2264 3895 2521 3951 tempora,
2563 3891 2610 3935 et
2650 3899 2733 3941 ea.
2762 3898 2878 3948 qua:
2911 3883 2964 3934 in
3014 3891 3246 3934 nostrain
3294 3898 3384 3934 ca-

1811 3985 1941 4035 dunt
1988 3979 2286 4039 historiam,
2316 3978 2392 4028 ita
2438 3976 2655 4027 invicem
2682 3989 2915 4026 connexa
2940 3983 3081 4034 sunt,
3107 3981 3162 4024 ut
3186 3973 3382 4041 pertint

1810 4087 2007 4138 nostra,
2046 4072 2242 4141 partim
2277 4079 2572 4122 nostrorum
2614 4077 2828 4136 patrum
2877 4076 3006 4119 aztas
3039 4066 3093 4117 in
3121 4064 3215 4117 illa
3245 4066 3380 4117 inci-

1810 4170 1917 4222 dat.
1954 4167 2031 4220 Ea:
2079 4182 2179 4235 quo
2240 4164 2321 4232 fit,
2374 4171 2428 4213 ut
2480 4177 2653 4213 rerum
2706 4159 3052 4211 dicendarum
3106 4157 3227 4209 aliis
3284 4157 3381 4225 ipsi

1809 4259 2220 4327 interfuerimus,
2264 4254 2398 4307 alias
2433 4257 2497 4305 ab
2558 4253 2622 4303 iis
2652 4266 3023 4318 acceperimus,
3082 4250 3170 4316 qui
3229 4258 3381 4301 testes

1808 4351 2001 4404 oculati
2052 4351 2216 4419 fuere.
2280 4346 2614 4397 Antei-iurum
2663 4343 2916 4408 siquidem
2979 4350 3265 4405 temporum
3302 4354 3383 4390 res

1808 4454 1979 4515 gestas
2022 4443 2310 4511 attingere,
2362 4450 2417 4491 nt
2458 4436 2782 4488 auditionem
2826 4450 2887 4485 ex
2951 4433 3221 4484 auditione
3257 4432 3376 4482 scriv

1810 4540 1947 4599 bere,
1977 4550 2163 4604 parum
2193 4531 2485 4585 existimavi
2520 4539 2709 4589 tutum,
2744 4526 2879 4595 quod
2916 4541 3005 4576 nec
3046 4524 3238 4575 veritas
3264 4521 3385 4573 illa-

154 4634 235 4685 que
271 4621 523 4673 oratione
579 4617 818 4688 Symeon
870 4617 1043 4671 Psello
1084 4617 1377 4686 antiquior,
1416 4631 1525 4670 non
1564 4616 1705 4670 illius

1818 4648 1932 4684 rum
1975 4626 2307 4695 deprehendi,
2376 4640 2466 4676 nec
2521 4621 2747 4673 indicari
2807 4629 2973 4685 posset
3037 4617 3099 4668 de
3138 4614 3379 4684 singulis.

158 4714 349 4777 rqualis
372 4712 690 4765 evincitur.
715 4711 805 4763 Ait
830 4726 887 4764 se
922 4709 1132 4764 Psellus
1162 4709 1380 4764 audisse
1411 4710 1477 4763 ab
1507 4709 1591 4772 iis,
1622 4708 1711 4771 qui

156 4802 549 4872 lletapbrastem
590 4815 843 4870 agentem
876 4803 1112 4854 animam
1140 4801 1422 4855 viderant:
1454 4816 1561 4853 non
1585 4814 1712 4869 ergo

156 4896 246 4961 ipse
273 4897 502 4948 viderat.
537 4893 609 4947 Et
647 4894 737 4963 qui
772 4893 1020 4947 viderant
1057 4894 1254 4947 multos
1285 4901 1409 4946 ante
1432 4907 1604 4945 annos
1627 4892 1711 4944 vi-

156 4986 293 5049 disse,
326 4998 461 5041 utet
492 5001 637 5040 sane
669 4985 938 5043 viderunt.
979 4985 1088 5038 ﬁeri
1121 4985 1312 5053 potuit.
1352 4984 1417 5037 Et
1450 5000 1547 5053 ego
1578 4999 1713 5051 puer

154 5074 259 5128 dum
286 5077 465 5130 Paulae
495 5078 555 5129 in
582 5075 833 5127 (.alabria
855 5087 1237 5137 commorarer,
1260 5074 1438 5127 audivi
1460 5074 1657 5143 smpius
1682 5090 1709 5126 a

158 5164 247 5237 εδει]
265 5168 497 5235 quodam
522 5182 665 5219 sene
693 5166 813 5233 plus
836 5180 1007 5217 annos
1032 5177 1248 5218 centum
1270 5174 1323 5219 et
1343 5165 1530 5235 viginti
1564 5176 1709 5227 nato,

156 5260 209 5311 ob
237 5264 441 5313 senium
472 5262 707 5329 longum
750 5268 804 5311 et
834 5257 1131 5321 cervinum,
1174 5258 1326 5311 vivax
1355 5267 1559 5319 tamen,
1592 5274 1711 5309 om-

158 5352 290 5405 nibus
324 5354 674 5411 venerando,
713 5350 876 5403 multa
906 5351 973 5403 de
1005 5352 1064 5403 Π.
1110 5350 1395 5403 Francisco
1428 5347 1669 5418 populari
1696 5390 1707 5409 ,

156 5444 332 5494 accire
381 5459 504 5505 suo,
546 5456 720 5509 quem
770 5441 883 5507 ipse
932 5440 982 5492 in
1031 5439 1395 5492 familiaritate
1444 5449 1711 5498 versatus.

157 5536 319 5593 oculis,
342 5544 737 5604 usurpavcrat.
767 5542 1019 5600 tanquam
1051 5541 1253 5586 testem
1272 5548 1302 5584 ει
1329 5541 1418 5584 ato
1438 5541 1711 5585 narrante:

159 5641 255 5692 qua:
281 5630 323 5680 si
352 5630 402 5680 in
434 5627 673 5694 scriptis
706 5624 982 5678 referrem.
1016 5626 1254 5679 dicerem
1284 5641 1343 5678 ea
1380 5629 1447 5677 ab
1477 5626 1597 5687 illis,
1622 5624 1711 5694 qui

160 5716 205 5767 ι).
226 5719 570 5772 Frant-iscum
596 5719 1236 5775 viderant.iutc-llevisse:
1259 5717 1451 5771 ideonc
1472 5718 1531 5770 Ι).
1556 5718 1715 5769 Fran-

161 5812 326 5871 risrus,
351 5814 440 5881 qui
472 5823 612 5863 ante
641 5826 747 5867 me.
780 5811 906 5863 dum
941 5812 1052 5862 lure
1087 5810 1265 5862 scribo
1304 5811 1464 5861 anuis
1497 5820 1711 5862 mutum

161 5906 484 5977 qetadreginta
519 5918 571 5958 et
618 5920 787 5956 unum
821 5913 1065 5958 mortuus
1107 5912 1208 5966 ρει,
1246 5903 1373 5957 mihi
1423 5902 1712 5972 σύγγρονοε

1823 4724 1948 4776 Tria
1988 4721 2040 4772 in
2072 4718 2297 4772 historia
2336 4712 2622 4769 constituit
2668 4719 2933 4778 tempora,
2973 4707 3076 4767 sui.
3110 4705 3298 4774 patris,
3331 4713 3385 4757 et

1822 4812 2078 4867 anterius.
2106 4810 2213 4863 Res
2231 4817 2406 4877 gestas
2423 4821 2522 4859 suo
2543 4814 2785 4872 tempore
2808 4799 3010 4853 nullius
3023 4797 3243 4851 alterius
3259 4811 3381 4866 ope,

1823 4907 1915 4961 sed
1957 4919 2053 4958 suo
2085 4903 2199 4971 ipse
2239 4900 2421 4953 studio
2451 4895 2821 4966 deprehensas
2867 4900 3054 4945 narrat
3077 4899 3130 4944 et
3161 4888 3382 4942 indicat.

1822 4996 1997 5049 Patris
2029 4992 2283 5045 memoria
2323 4990 2487 5043 factas
2530 4987 2804 5041 auditione
2843 4981 3230 5050 consequitur:
3264 4994 3383 5047 qum

1822 5095 2029 5156 patrem
2056 5089 2472 5152 priecesscrunt,
2507 5078 2613 5146 iam
2644 5092 2749 5130 non
2778 5071 3142 5128 suntauditio.
3172 5067 3265 5123 sed
3295 5083 3383 5121 au-

1819 5155 1950 5229 ditio
1980 5191 2043 5226 εκ
2081 5171 2377 5225 auditione.
2407 5168 2606 5237 Polybii
2651 5167 2979 5219 sententiam
3004 5155 3381 5229 approbatHO]

1822 5267 2155 5337 Epiphanius
2192 5264 2350 5333 Cypri
2397 5262 2660 5315 adversus
2699 5256 2943 5311 Hrereses
2990 5255 3042 5308 in
3072 5251 3379 5310 Prooemio:

1820 5361 1941 5411 Τῶν
1970 5360 2024 5410 δὲ
2056 5358 2144 5424 ὑφ’
2181 5355 2333 5426 ὑμῶν
2368 5352 2668 5423 μελλόντων
2702 5353 2781 5413 εἰς
2812 5348 3010 5417 γνῶσιν
3036 5345 3143 5397 τῶν
3192 5344 3385 5409 ἐντυγ-

1822 5452 2080 5523 χανόντων
2114 5450 2268 5518 ἥκειν
2302 5445 2564 5515 αἱρέσεων
2610 5461 2668 5495 τε
2729 5444 2821 5494 καὶ
2860 5441 2966 5491 τῶν
3009 5435 3287 5497 ἀνωτάτω,
3317 5432 3385 5485 τὰ

1826 5545 1931 5614 μὴν
1961 5546 2023 5595 ἐκ
2058 5538 2405 5609 φιὶομαθεὶας
2450 5538 2630 5604 ἴσμεν,
2681 5534 2748 5585 τὰ
2782 5533 2837 5584 δὲ
2865 5531 2923 5595 ἐξ
2982 5529 3147 5596 ἀκοῆς
3200 5542 3384 5577 κατει-

1824 5636 2095 5705 λήφεμεν,
2130 5635 2242 5695 τοῖς
2268 5631 2321 5683 δέ
2378 5647 2516 5682 τισιν
2572 5630 2719 5689 ἰδίοις
2774 5627 2875 5677 ὠσὶ
2948 5625 3038 5677 καί
3089 5621 3383 5689 ὀφθαλμοῖς

1825 5724 2220 5797 παρετὺχομεν.
2255 5722 2527 5775 ilmreseon
2560 5736 2735 5789 porro,
2773 5734 2887 5788 qua:
2917 5735 2947 5769 α
2976 5716 3117 5767 nobis
3148 5715 3201 5765 in
3250 5713 3385 5765 noti~

1826 5816 1955 5865 tiam
1985 5813 2265 5879 legentium
2294 5822 2657 5880 suggerantur,
2683 5811 2841 5861 etiam
2872 5806 3381 5875 antiquissimarum.

1828 5903 2103 5956 nonnullas
2135 5904 2306 5956 studio
2335 5920 2396 5956 ac
2443 5902 2713 5970 diligentia
2751 5901 2975 5953 assecuti
3016 5914 3212 5961 sumus,
3249 5896 3385 5948 alias
