4158 6472
736 360 809 427 35
2047 352 2324 415 LEOle
2364 353 2695 428 ALLATll

3927 353 4012 417 36

737 486 801 524 ex
835 468 1022 522 auditu
1065 465 1209 519 "aliis
1232 463 1677 531 computavimus,
1717 460 1974 528 quasdam
2000 461 2162 513 etiam
2191 476 2317 528 pro-
2348 477 2389 532 Α
2420 468 2819 514 conterrancus
2844 457 3052 528 Alypio.
3085 458 3173 513 Sic
3215 460 3355 513 enim
3399 461 3472 514 sic
3503 462 3734 528 quadam
3768 460 4014 531 benigni-

736 561 868 628 priis
931 558 1149 611 auribus
1209 555 1475 625 oculisque
1543 552 2003 621 deprehendimus.
2065 552 2317 621 Antiqua:

738 652 966 713 scilicet,
1001 658 1055 702 et
1088 663 1253 717 supra
1309 657 1524 717 patrum
1577 643 1903 698 memoriam
1962 643 2316 713 antiquorum

736 745 1006 807 lectione;
1041 758 1162 811 qua:
1188 751 1474 810 parentum
1516 736 1780 791 memoria
1808 745 2012 792 exortae
2036 744 2182 801 sunt,
2219 751 2319 789 an-

734 835 979 899 ditione;
1012 844 1198 887 nostro
1222 846 1338 886 aevo
1375 830 1744 884 disseminatae
1772 829 1998 883 auribus
2017 828 2241 894 nostris,
2265 836 2321 882 et

735 928 911 982 oculis
930 936 1339 996 comparamur.
1377 922 1445 976 Et
1472 932 1601 977 nota
1646 922 1793 976 aliud
1832 935 1955 976 esse
1992 919 2198 990 aliquid
2222 936 2322 974 au-

738 1020 936 1073 ditionc
979 1018 1253 1085 accipere,
1294 1015 1443 1070 aliud
1506 1012 1895 1085 philomathia,
1961 1012 2107 1068 aliud
2149 1013 2323 1069 oculis

719 1110 1073 1177 .auribusque
1103 1107 1344 1177 propriis
1378 1108 1632 1161 lustrare.

810 1198 1084 1268 Quidquid
1123 1207 1305 1252 tamen
1330 1197 1424 1262 sit,
1459 1212 1526 1250 ex
1547 1195 1740 1250 eodem
1772 1193 2113 1258 Psello,ante
2134 1203 2320 1248 natum

741 1290 975 1346 [‘sellum
1004 1289 1426 1358 lletaphrastem
1491 1287 1636 1340 diem
1678 1301 1839 1340 suum
1895 1286 2103 1340 obiisse
2146 1284 2321 1340 evinci

741 1382 998 1435 videtur:
1038 1381 1263 1450 gloriam
1296 1379 1444 1432 enim
1482 1378 1630 1431 illius
1684 1377 1741 1430 in
1788 1376 2017 1431 exordio
2064 1375 2326 1430 orationis

740 1486 1019 1540 exponens
1057 1472 1131 1524 ait
1162 1486 1176 1522 :
1207 1469 1312 1522 Per
1359 1470 1659 1521 universum
1678 1466 1859 1521 orbem
1894 1475 2051 1520 terra:
2073 1482 2260 1519 nomen
2275 1477 2323 1520 et

743 1581 824 1616 res
852 1575 1022 1633 gestas
1050 1564 1342 1616 celebratas
1378 1564 1558 1633 fuisse.
1596 1562 1737 1630 Ergo
1763 1576 1874 1615 non
1906 1576 1974 1616 eo
2003 1571 2116 1616 tum
2153 1562 2327 1632 primo

744 1666 959 1708 mortuo
1012 1654 1222 1708 Psellus
1262 1654 1539 1706 scribebat
1580 1651 1691 1705 :ad
1726 1651 2131 1705 extendendam
2178 1651 2327 1704 enim

744 1746 945 1799 famam
988 1761 1083 1813 per
1124 1744 1438 1796 universum
1480 1743 1667 1795 orbem
1702 1750 1982 1811 tempore,
2013 1756 2188 1811 eoque
2216 1757 2326 1795 non

2422 557 2530 600 tate
2561 563 2640 600 res
2672 555 2879 600 nostras
2932 546 3072 599 Deus
3122 547 3541 625 administrauit,
3574 559 3631 601 ut
3662 549 3752 618 qui
3794 565 3860 603 ea:
3886 550 4014 618 ipsa

2418 641 2597 710 patria
2653 641 2937 710 productus
2988 642 3184 710 fuerat,
3232 642 3459 711 fructus,
3511 658 3629 694 eum
3662 643 3765 709 ipsi
3817 658 4016 695 rursus

2419 731 2613 801 patria:
2637 730 2881 785 lwtitiam
2909 731 3108 783 dederit
3134 730 3447 785 salutarem.
3478 732 3595 786 Non
3629 741 3840 787 tantum
3880 743 4018 788 voto

2420 830 2477 877 et
2504 821 2777 878 desiderio
2823 821 3146 889 discipulus,
3201 821 3296 877 sed
3346 823 3494 878 illius
3556 824 3720 878 etiam
3768 825 4015 879 instituti

2421 912 2717 982 professor.
2745 911 2883 967 Ecce
2910 912 3109 967 verba:
3136 911 3306 967 Porro
3333 924 3512 968 autem
3540 930 3632 984 ego
3665 931 3889 985 quoque,
3916 920 4015 986 qui

2420 1020 2539 1060 sum
2570 1013 2676 1059 tute
2712 1003 3061 1074 plantationis
3102 1003 3385 1066 uilissima,
3434 1021 3464 1059 ο
3502 1004 3697 1059 Pater!
3754 1016 3804 1061 et
3844 1009 4013 1060 tarda

2421 1113 2678 1167 propago,
2729 1098 2867 1150 hanc
2918 1097 3184 1167 funebrem
3230 1098 3522 1151 orationem
3570 1114 3732 1152 ausus
3756 1116 3871 1153 sum
3907 1100 4012 1152 tibi

2422 1186 2681 1240 dedicare.
2701 1185 2786 1251 Et,
2810 1184 3160 1256 Nequaquam
3186 1188 3531 1253 obliviscaris,
3548 1207 3578 1242 υ
3606 1199 3805 1250 sancte,
3829 1191 4011 1243 ouium

2425 1289 2529 1332 tua:
2559 1282 2831 1335 mandrae!
2862 1282 2952 1334 sed
2981 1292 3031 1333 et
3060 1281 3107 1333 si
3134 1282 3296 1349 fueris
3339 1281 3508 1351 gloria
3538 1298 3750 1345 eorum,
3782 1285 3874 1352 qui
3912 1300 4013 1335 ca.

2426 1381 2542 1424 rent
2588 1374 2840 1436 materia,
2873 1373 3014 1425 circa
3044 1373 3339 1426 divinitatis
3395 1386 3609 1427 versans
3660 1375 4018 1440 pulchritudi-

2428 1479 2564 1527 nem,
2602 1478 2694 1516 nos
2727 1464 2922 1531 aspice,
2952 1472 3001 1516 et
3032 1464 3196 1515 nostri
3226 1464 3492 1526 miserere,
3542 1480 3671 1533 quos
3693 1475 3743 1517 et
3791 1481 4018 1534 congre-

2428 1558 2586 1627 gasti,
2620 1565 2669 1610 et
2709 1558 2968 1625 orphanos
3010 1557 3289 1623 reliquisti,
3324 1567 3506 1625 aperte
3558 1556 3762 1610 dicens:
3815 1558 4018 1611 Pacem

2429 1648 2628 1701 Christi
2656 1652 2722 1700 do
2745 1649 2885 1700 vobis
2901 1649 3119 1711 :oalete,
3144 1659 3192 1701 et
3213 1650 3616 1712 conservamini,
3634 1665 3665 1702 ο
3689 1649 3807 1716 lilii;
3828 1662 3873 1702 et
3906 1666 4017 1703 non

2429 1741 2673 1811 formidet
2732 1757 2825 1792 nec
2862 1742 3097 1794 turbetur
3130 1742 3309 1793 anima
3339 1750 3529 1794 vestra.
3597 1742 3828 1812 Symeon
3878 1758 4018 1795 vero

745 1838 943 1907 exiguo
960 1851 1097 1904 opus
1119 1844 1197 1888 est
1223 1852 1237 1899 ;
1278 1845 1332 1888 et
1355 1844 1504 1903 gesta
1540 1833 1967 1903 perhonorifica,
2005 1848 2128 1902 qua:
2159 1833 2325 1887 etiam
2358 1818 2400 1875 Β
2430 1842 2640 1895 noster,
2669 1839 2722 1886 et
2757 1833 3433 1901 Constantinopolitanus,
3463 1842 3518 1887 et
3566 1833 3817 1889 civilibus
3844 1833 4018 1888 rebus

745 1932 863 1999 ipsa
898 1940 1140 1998 tempore
1176 1927 1331 1991 fiunt,
1370 1928 1437 1979 ab
1472 1942 1578 1980 una
1610 1938 1775 1994 atque
1814 1926 1982 1980 altera
2027 1926 2247 1980 civitate
2271 1927 2325 1979 in

747 2020 908 2072 aliam
941 2019 1398 2081 transvehuntur,
1446 2025 1866 2084 transvectaque
1901 2018 2175 2071 communi
2206 2034 2327 2071 om-

748 2112 901 2166 nium
923 2111 1289 2165 consensione
1311 2110 1711 2180 approbantur.
1735 2110 1852 2163 lmo
1882 2110 2071 2172 etiam,
2104 2120 2163 2164 ut
2185 2110 2327 2165 idem

746 2204 1057 2257 accuratius
1082 2202 1362 2272 probetur,
1389 2204 1556 2256 tradit
1579 2218 1642 2256 ex
1686 2218 1916 2270 corpore
1949 2203 2332 2274 Hctaphrastae

748 2295 912 2349 etiam
931 2294 1181 2363 sepulcro
1198 2295 1500 2359 recondito,
1515 2296 1739 2349 odorem
1758 2312 1854 2365 per
1872 2297 2053 2365 plures
2064 2297 2182 2351 dies
2192 2312 2332 2351 ema-

748 2400 934 2448 nasse,
964 2399 1128 2453 quem
1148 2384 1367 2437 demum
1398 2384 1505 2437 alio
1530 2385 1797 2438 cadavere
1819 2385 2032 2454 ingesto
2053 2384 2329 2437 amiserit:

753 2475 867 2527 Kal.
891 2475 1175 2545 ἐτεθνήκει
1209 2475 1305 2544 μὲν
1335 2473 1526 2536 οὓτως·
1561 2476 1791 2536 εὐωδίας
1846 2475 1902 2525 δὲ
1926 2475 2126 2526 αὐτίκα.
2160 2476 2336 2528 πάντα

753 2567 995 2634 ἐγεγόνει
1034 2568 1226 2635 μεστὰ,
1261 2567 1354 2618 καὶ
1404 2566 1503 2617 οὐκ
1539 2566 1704 2626 saltis;
1739 2567 1923 2634 μὸνθν,
1953 2565 2071 2617 οὐδὲ
2109 2567 2186 2629 sl;
2219 2569 2337 2638 τρί-

754 2675 855 2726 την
890 2659 1128 2727 ἡμέραν,
1166 2657 1301 2710 ἀλλὰ
1357 2659 1451 2708 καὶ
1492 2657 1571 2717 ei;
1624 2655 1919 2723 πολλοστὴν
1973 2656 2069 2705 ἀπ’
2128 2657 2337 2707 ἐκείνω

758 2751 863 2809 ἕως
894 2750 957 2819 δὴ
989 2751 1148 2819 μόνης
1166 2750 1243 2818 τῷ
1266 2749 1422 2817 τάφῳ
1438 2747 1863 2817 ἐνεθησαύριστο
1891 2748 1980 2797 καὶ.
2005 2743 2071 2816 ἦν
2092 2745 2158 2798 ἂν
2179 2748 2340 2815 μέγρι

760 2843 958 2902 παντὸς
992 2842 1401 2912 (upon-nibus;
1438 2842 1471 2909 ἡ
1505 2841 1684 2910 σορὸς,
1718 2842 1767 2890 εἰ
1803 2839 1879 2909 μή
1913 2856 2057 2901 τινες
2089 2837 2341 2889 τοςοῦτον

759 2936 1234 3004 παρηνομήκαςιν.
1269 2933 1333 2986 Et
1373 2934 1449 2985 sic
1489 2934 1701 3003 quidem
1731 2942 1805 2986 est
1838 2943 2098 2993 mortuus;
2130 2934 2342 3001 fuerunt

762 3035 935 3078 autent
968 3036 1149 3078 statim
1185 3027 1362 3079 omnia
1420 3036 1467 3078 et
1511 3043 1612 3077 non
1636 3036 1761 3077 tum:
1790 3026 1961 3078 solum
1988 3028 2140 3079 suari
2188 3026 2344 3076 odore

764 3117 942 3186 plena,
973 3134 1063 3170 nec
1093 3119 1147 3170 in
1175 3120 1310 3170 diem
1335 3119 1573 3183 tertium,
1614 3120 1705 3171 sed
1742 3118 1984 3171 etiamin
2019 3118 2211 3169 utullus
2234 3117 2344 3169 dies
2371 3156 2414 3211 Ο

766 3222 966 3275 postea,
1002 3209 1161 3259 donec
1205 3209 1303 3279 [uit
1326 3208 1466 3260 solus
1503 3210 1740 3260 conditus
1767 3208 1822 3259 in
1861 3207 2098 3274 sepulcro
2126 3224 2145 3260 :
2179 3219 2224 3259 et
2265 3207 2344 3259 la-

767 3300 915 3351 rulus
944 3310 1194 3367 perpetuo
1225 3300 1383 3351 talem
1408 3300 1663 3352 emisisset
1704 3300 1941 3363 odorem,
1964 3302 2065 3351 nisi
2103 3316 2156 3351 se
2178 3300 2346 3367 aliqui

773 3401 881 3442 tam
920 3393 1098 3459 inique
1128 3396 1424 3460 gessissent,
1461 3402 1565 3445 etc.

840 3484 1154 3552 Alpbonsus
1190 3484 1421 3555 'i'illegas
1466 3485 1536 3538 de
1588 3483 1729 3538 Vitis
1784 3496 2100 3538 sanctorum
2142 3486 2196 3537 in
2245 3485 2345 3555 Sy-

772 3589 970 3628 mcone
1019 3573 1429 3644 Metaphrasta,
1483 3574 1909 3645 Metaphrastem
1962 3576 2347 3630 circumcirca

779 3665 1292 3738 flcracliitcmpora,
1322 3684 1464 3722 anno
1485 3669 1691 3723 scilicet
1713 3669 1841 3734 620,
1865 3667 2133 3733 floruisse,
2150 3685 2217 3724 ex
2240 3671 2347 3723 vita

775 3759 951 3813 sancti
972 3759 1147 3828 Alypii
1166 3760 1591 3826 Cionitaa,quam
1615 3774 1735 3813 esse
1760 3760 2018 3830 scriptam
2039 3759 2351 3831 aSymeone

776 3851 1070 3915 existimat,
1110 3851 1411 3903 contendit.
1452 3852 1506 3903 ld
1554 3852 1699 3904 idem
1735 3851 1930 3905 Petrus
1979 3851 2349 3923 Ribadencyra

776 3948 846 4001 de
877 3946 1007 4000 Vitis
1035 3957 1349 3999 sanctorum
1373 3947 1463 4013 qui
1492 3962 1600 3998 non
1626 3955 1752 3999 sunt
1783 3946 1836 3998 in
1860 3946 2198 4008 Calendario,
2221 3948 2354 4001 dex-

782 4049 895 4091 tere
929 4053 1095 4107 agens
1122 4048 1311 4090 contra
1352 4037 1643 4091 Baronium
1672 4040 1930 4103 ostendit,
1972 4054 2079 4092 non
2114 4039 2220 4092 alio
2264 4055 2353 4093 ar-

782 4139 1060 4195 gumento,
1092 4143 1254 4194 quam
1300 4143 1363 4181 ex
1403 4130 1592 4180 eadem
1649 4129 1823 4197 Alypii
1856 4127 1998 4191 Vita,
2062 4130 2116 4182 in
2160 4145 2265 4198 qua
2296 4144 2354 4183 se

784 4220 1016 4281 minent:
1071 4219 1232 4272 tradit
1284 4235 1408 4272 esse
1484 4220 1628 4272 illius
1687 4220 2034 4289 discipulunt.
2104 4221 2170 4274 Et
2211 4221 2354 4291 apud

787 4308 1005 4361 Surium
1058 4309 1125 4363 de
1171 4309 1289 4361 Vita
1352 4310 1524 4362 sancti
1556 4309 1732 4379 Alypii
1776 4311 1830 4362 in
1868 4311 2109 4380 margine
2138 4313 2353 4381 legitur,

788 4399 1011 4470 ngcon
1042 4400 1426 4468 Heli-pinnata
1454 4402 1738 4463 discipulus
1776 4402 1888 4469 ejus
1921 4402 2042 4470 fuit.
2074 4404 2209 4456 Hinc
2241 4403 2357 4472 pln-

2428 1922 2851 1987 addictissimns,
2905 1922 3300 1977 monachorum
3329 1924 3453 1978 albo
3481 1939 3759 1995 nunquam
3810 1939 3868 1979 se
3914 1940 4011 1980 as-

2431 2016 2716 2085 cripserat,
2759 2015 2903 2085 quod
2931 2015 3047 2085 ipse
3077 2015 3269 2070 sciam.
3299 2016 3422 2070 Non
3450 2017 3540 2072 hic
3574 2016 3805 2072 referam
3832 2033 4012 2088 genus

2430 2108 2671 2172 dicendi,
2702 2107 2847 2178 quod
2904 2108 2989 2163 vel
3043 2109 3454 2179 imperitissimo
3503 2125 3569 2165 ex
3616 2111 3731 2181 ipsa
3767 2113 4011 2168 lectione

2434 2210 2621 2270 patere
2652 2201 2856 2271 poterit
2888 2216 2919 2255 a
2952 2201 3240 2271 Symeonis
3268 2202 3428 2272 stylo,
3461 2212 3517 2257 et
3550 2219 3731 2258 rerum
3755 2215 4023 2261 tractata-

2434 2307 2554 2345 rum
2590 2291 2762 2345 forma
2806 2290 2945 2346 adeo
2972 2291 3273 2345 diversum.
3324 2291 3446 2345 Non
3479 2307 3611 2363 ergo
3654 2295 3724 2348 ad
3770 2295 4015 2351 Heraclii

2436 2389 2681 2451 tempora
2738 2381 3151 2452 Metaphrastcs,
3206 2382 3493 2450 scriptoris
3547 2382 3684 2438 Vita:
3738 2385 4021 2455 Alypianrc

2437 2473 2783 2540 auctoritate,
2823 2489 2946 2543 quze
2979 2491 3076 2544 per
3103 2475 3431 2545 imperitiam
3460 2475 3638 2530 eidem
3680 2479 4017 2548 appingitur.

2439 2567 2815 2623 emendandus
2841 2577 2927 2622 est
2947 2581 3121 2629 error.
3161 2567 3255 2636 qui
3296 2583 3592 2636 paucorum
3616 2570 3823 2632 animos
3846 2586 4020 2626 occu-

2441 2661 2612 2729 pavit.
2673 2662 2849 2723 Adde,
2915 2659 2960 2713 si
3017 2660 3090 2712 ita
3140 2660 3401 2728 antiquus
3446 2658 3837 2730 Metapbrastes
3883 2660 3907 2714 f
3939 2662 4019 2715 cit

2444 2754 2783 2822 potissimam
2856 2761 3172 2807 sanctorum
3233 2752 3477 2808 Vitarum
3553 2763 3760 2823 partem
3790 2792 3805 2815 ,
3876 2769 4022 2822 quas

2447 2856 2625 2897 tamen
2684 2845 2828 2898 illius
2877 2859 3005 2899 esse
3044 2844 3314 2915 legitimas
3348 2854 3501 2899 certo
3553 2844 3733 2899 sciunt
3799 2858 4015 2903 omnes.

2447 2945 2701 3005 tanquam
2760 2936 2836 2989 illi
2903 2936 3269 3007 nugacissime
3320 2937 3616 3006 appictam,
3666 2935 4017 3005 rejiciendatn

2446 3042 2567 3081 esse
2624 3037 2879 3095 tanquam
2939 3027 3182 3096 spuriam
3216 3067 3232 3090 ,
3324 3027 3833 3097 investigandosque
3877 3027 4023 3082 alios

2448 3133 2637 3173 earum
2672 3129 2952 3172 auctores.
2980 3119 3268 3189 indignum
3316 3134 3449 3174 sane
3486 3120 3718 3184 facinus,
3755 3121 4022 3174 multum-

2447 3222 2554 3274 que
2603 3208 2745 3261 intcr
2775 3211 2896 3278 pios
2950 3208 3202 3262 homines
3230 3209 3647 3279 deplorandum.
3697 3209 4019 3264 Dillicillima

2450 3315 2685 3367 namque
2746 3300 3004 3354 Ecclesiae
3061 3310 3305 3369 tempora
3335 3342 3351 3367 ,
3410 3302 3577 3356 variis
3636 3303 4019 3358 haereticorum

2450 3395 2630 3465 nugis,
2662 3408 2727 3448 ac
2789 3404 3145 3464 tyrannorum
3179 3394 3447 3448 machinis
3501 3410 3599 3464 per
3632 3396 3739 3449 vim
3777 3405 3831 3449 et
3864 3396 4027 3451 nefas

2449 3486 2793 3549 conturbata,
2824 3501 2947 3555 quae
2987 3486 3058 3540 ab
3084 3496 3243 3539 auate
3282 3484 3517 3541 Heraclii
3570 3501 3669 3556 per
3710 3502 3882 3542 annos
3910 3488 4024 3543 500

2450 3586 2508 3631 et
2567 3577 2695 3632 inde
2748 3588 3050 3633 excurrunt
3076 3618 3093 3641 ,
3129 3587 3187 3632 et
3232 3578 3664 3647 praeclarissimis
3706 3591 4024 3635 sanctorum

2450 3671 2720 3728 doctrinis
2742 3686 2807 3725 ac
2829 3670 3094 3725 institutis
3138 3670 3449 3725 collustrata
3482 3672 3586 3727 hac
3611 3670 3893 3742 Symeonis
3915 3688 4025 3727 an-

2455 3764 2726 3834 tiquitate,
2771 3762 2892 3816 sine
2925 3764 3062 3817 certi
3113 3763 3396 3831 scriptoris
3435 3764 3626 3818 notitia
3674 3765 4023 3819 vilescerenr.

2527 3850 2702 3905 Minus
2755 3850 3097 3905 considerate
3134 3852 3350 3904 locutus
3380 3860 3465 3905 est
3511 3852 3749 3907 Joannes
3782 3853 4028 3908 Molanus

2454 3944 2522 3998 ad
2580 3944 2643 3996 l5
2693 3942 2814 3995 Maii
2848 3943 2904 3995 in
2939 3941 3318 4013 liartyrologio
3364 3944 3906 4010 Usuardi,adnotans
3956 3964 4023 4002 ex

2457 4036 2630 4091 Tomo
2690 4036 2757 4090 V’l
2814 4035 3094 4105 Lipomani
3129 4078 3144 4096 .
3213 4036 3629 4105 Metaphrastcm
3690 4042 4027 4109 excerpsissi:

2457 4126 2752 4181 llistoriam
2798 4130 2926 4182 vitae
2951 4127 3121 4181 sancti
3165 4127 3447 4195 Epiphanii
3488 4128 3817 4185 Constantia.
3862 4132 4025 4202 Cypri

2460 4222 2730 4292 episcopi,
2766 4237 2831 4274 ex
2864 4236 2995 4274 voce
3024 4232 3077 4275 et
3120 4222 3291 4274 relatu
3336 4219 3565 4274 Joannis
3604 4222 3721 4291 ejus
3753 4224 4021 4291 discipuli.

2459 4314 2552 4383 qui
2609 4314 2975 4382 lletaphraste
3028 4314 3214 4381 (etiam
3266 4313 3384 4381 ipso
3414 4311 3700 4381 Heraclio)
3752 4316 4029 4383 antiquior

2462 4416 2568 4465 est,
2613 4404 2858 4471 vixitque
2916 4403 3059 4456 circa
3102 4418 3307 4456 annum
3340 4402 3544 4457 Christi
3578 4406 3701 4467 450,
3736 4406 3820 4459 vel
3866 4410 4026 4474 paulo

790 4508 881 4546 res
912 4493 1071 4545 nobis
1113 4493 1272 4546 l‘selti
1300 4493 1643 4563 contingendi
1696 4502 1856 4550 sunt:
1896 4504 2092 4562 praeter
2119 4495 2264 4548 enim
2300 4496 2353 4549 in
2385 4504 2432 4562 D
2460 4498 2622 4551 infra.
2652 4496 2757 4549 Sed
2786 4494 2985 4549 Molani
3007 4496 3465 4550 inconsiderantia
3492 4511 3558 4551 ea
3590 4497 3694 4561 bis,
3726 4514 3845 4566 quae
3864 4515 4031 4568 supra

788 4583 1028 4637 Diatriba
1060 4599 1179 4637 mea
1210 4585 1529 4647 recensitos,
1553 4584 1665 4651 jam
1693 4585 1797 4637 erit
1828 4584 1966 4637 alius
1987 4585 2229 4638 omnium
2257 4601 2358 4638 an-

794 4675 1151 4743 tiquissimus,
1182 4674 1273 4743 qui
1333 4689 1440 4727 non
1491 4676 1663 4727 multo
1711 4672 1956 4728 llcraclio
1995 4678 2265 4746 posterior
2305 4679 2357 4729 in

796 4767 1212 4835 Mctapbrastetu
1246 4769 1442 4829 oravit,
1481 4767 1702 4835 quando
1732 4768 1822 4836 qui
1860 4784 1969 4836 pne
2000 4770 2251 4823 manibus
2278 4782 2362 4823 est

796 4857 1004 4912 Psellus
1035 4858 1088 4909 in
1120 4858 1543 4925 Hetaphrastcni
1574 4859 1797 4923 referat,
1835 4874 1956 4913 sese
1998 4861 2151 4929 plura
2179 4862 2247 4915 de
2272 4862 2362 4915 illo

794 4952 864 5004 ab
902 4950 1232 5011 horninibus,
1260 4951 1350 5018 qui
1390 4950 1539 5003 illum
1564 4952 1812 5005 viderant
1842 4967 1905 5005 ac
1936 4963 2218 5018 noverant,
2261 4969 2362 5007 an-

798 5044 967 5096 disse.
1016 5041 1405 5095 Verumtamen
1437 5057 1560 5095 cum
1614 5041 1732 5096 Vita
1769 5044 1857 5096 illa
1898 5043 2073 5113 Alypii
2111 5044 2361 5107 Cionine,

797 5148 959 5203 quam
1002 5134 1101 5202 ipsi
1142 5136 1205 5184 ad
1242 5134 1571 5201 probandam
1607 5132 1955 5206 [lu-xulem
1987 5136 2365 5205 λιεωνιιτίιειω

802 5224 1077 5277 adducunt
1136 5240 1242 5275 non
1309 5226 1466 5276 fuerit
1525 5241 1555 5277 a
1614 5224 1981 5294 hletaphrastc
2038 5230 2363 5299 conscripta,

801 5329 1058 5383 quantum
1101 5317 1413 5383 Alphonsus
1436 5328 1492 5370 et
1522 5316 1716 5370 Petrus
1741 5334 1770 5370 a
1806 5335 1934 5372 vero
1978 5322 2252 5387 aberrent,
2276 5324 2364 5376 alii

798 5412 1062 5476 judicent.
1109 5409 1171 5461 Et
1203 5425 1272 5461 ne
1303 5423 1682 5478 argumentum
1711 5426 1776 5463 ex
1814 5415 2057 5467 oratione
2082 5413 2368 5480 Pselhana,

805 5517 925 5570 qna:
957 5501 1300 5553 lleratlcanis
1332 5504 1667 5568 temporibus
1708 5506 1876 5557 multo
1902 5522 2025 5559 eum
2055 5507 2366 5563 inferiorem

808 5592 957 5655 facit,
993 5610 1192 5659 smptus
1221 5603 1381 5658 atque
1412 5594 1605 5645 iterum
1640 5611 1901 5662 repetant,
1934 5614 2001 5651 ex
2050 5600 2149 5653 hac
2179 5601 2367 5652 eadem

816 5682 931 5737 Vita
965 5688 1134 5736 senili
1185 5684 1379 5752 .-\l3pii.
1441 5687 1690 5752 quisnam
1744 5690 1885 5743 illius
1935 5702 2124 5743 auctor
2182 5692 2368 5748 ltie.it.

818 5784 1147 5843 magni-.125.
1199 5776 1313 5828 Fuit
1365 5776 1449 5828 ille
1483 5779 1649 5845 patria
1680 5782 2105 5850 Adsit‘mpollla,
2140 5784 2272 5835 rixis
2316 5797 2368 5838 et

2465 4599 2655 4645 contra
2689 4587 2950 4657 \‘illegam
2990 4596 3047 4641 et
3072 4586 3501 4658 Ribadeneyram
3531 4589 3841 4653 attulimus,
3870 4590 4037 4658 plane

2465 4682 2751 4736 refellitur.
2807 4679 2973 4749 quue
3025 4688 3086 4733 nt
3136 4680 3307 4750 magis
3363 4689 3566 4749 pateat,
3615 4691 3744 4735 noto
3793 4698 3859 4736 ex
3895 4682 4037 4737 Vitis

2462 4785 2799 4837 sanctorum.
2836 4789 2960 4843 qua:
2988 4773 3145 4827 hodie
3173 4774 3369 4841 partim
3395 4773 3759 4827 studiosorum
3781 4776 4037 4830 manibus

2466 4876 2740 4929 teruntur,
2800 4864 3012 4918 nullum
3044 4872 3255 4917 certam
3307 4864 3518 4917 desumi
3580 4879 3737 4932 posse
3765 4864 3831 4918 de
3870 4875 4038 4919 atate

2468 4957 2849 5027 Metaphrasta:
2902 4965 3316 5026 argumentum,
3364 4966 3481 5009 tum
3540 4957 3683 5009 enim
3711 4955 3793 5009 vel
3850 4957 4041 5024 plures

2468 5046 3015 5120 lletai.brastas,|l2]
3042 5048 3123 5102 vel
3142 5048 3320 5118 ipsum
3338 5046 3751 5117 Metapbrastem
3781 5050 4042 5104 onmibns

2472 5145 2690 5198 srecolis
2726 5142 2949 5201 vixisse.
2989 5140 3391 5209 scripsisseque
3415 5155 3662 5195 asserere
3692 5156 4039 5210 cogeremur,

2470 5248 2533 5291 ut
2556 5238 2813 5291 vidimus.
2887 5234 3273 5303 Confirmoqne
3326 5233 3595 5302 exemplo.
3654 5234 3835 5288 Sancti
3879 5234 4042 5290 Saba:

2470 5329 2593 5385 Vita
2616 5330 2762 5385 edita
2789 5328 2933 5397 apud
2958 5327 3204 5385 Surinm.
3233 5326 3489 5397 Symeoni
3521 5325 3894 5394 letapbrastaa
3916 5329 4039 5380 tin-

2471 5423 2704 5477 dicatur.
2737 5419 2793 5475 Id
2818 5421 2861 5474 si
2895 5435 3083 5473 verum
3110 5419 3418 5486 fuerit,jam
3448 5419 3607 5472 aliam
3624 5433 3835 5487 quoque
3864 5418 4043 5487 ipsius

2473 5511 2851 5580 Metapbrasue
2889 5521 3096 5563 etatem
3133 5510 3234 5561 sub
3265 5506 3574 5562 Jns'iniano
3604 5518 3868 5571 tenemus,
3913 5524 4041 5561 eam

2473 5604 2710 5672 scriptor
2750 5603 2897 5655 illius
2945 5600 3079 5653 \‘ita-
3108 5603 3299 5653 iisdem
3344 5616 3469 5653 cum
3510 5598 3648 5653 Saba
3704 5600 4048 5668 temporibus

2476 5696 2675 5747 vixisse
2706 5710 2825 5747 sese
2854 5704 3083 5748 aSserat.
3106 5691 3205 5745 Vin
3238 5696 3508 5745 alterum?
3535 5693 3691 5745 Audi.
3714 5690 3832 5743 Vita
3865 5692 4045 5744 sancti

2478 5788 2771 5840 .‘tntonorni
2807 5788 3061 5855 ntsrtyi'n
3109 5788 3253 5854 apud
3304 5786 3522 5840 Summ!
3572 5796 3620 5837 tt
3679 5786 3827 5845 alios,
3875 5796 4045 5836 ,κεια-
