4158 6472
129 411 183 472 3⁸1
728 403 825 461 UE
867 402 1211 460 Stiiill‘l'ls
1253 398 1630 459 SYRIEHNIS
1678 399 1771 456 Mi:

1710 399 1979 457 lii'l‘Al’i‘l
1998 398 2182 456 lHS'l'
2213 401 2251 456 ις
2302 400 2682 460 ΙΗᾹΊῚΗΒΛ.
3275 404 3349 466 38

128 528 355 589 |.iir.i,.:i~;ti
426 527 706 567 .tttt1ltit'cttt
763 514 1009 580 agnoscit
1052 533 1062 565 :
1102 514 1151 564 itl
1206 515 1248 563 si
1327 528 1512 564 \t-rtttlt
1580 529 1634 561 rs
1698 519 1737 571 Α

1701 519 1737 571 Α
1775 522 1807 563 ιι
1832 528 1881 562 ιιι
1916 510 1988 561 i'i-i
2026 511 2091 562 ah
2120 511 2240 563 aLis
2266 528 2333 562 an
2374 512 2825 572 tn'ih.eiltn:tnm,
2858 522 3068 564 mutato
3102 517 3261 581 styli»,
3296 530 3343 569 et

126 623 207 669 ut.
256 608 405 658 aliam
438 619 661 672 quoque
716 612 932 657 aetatem
999 602 1383 672 Metaphrastae
1435 602 1663 656 liabcre-
1767 601 1939 655 forma
1986 602 2199 655 dicendi
2257 603 2309 655 in
2364 603 2643 655 meliorem
2692 614 3039 672 prospectum
3089 605 3345 661 dedisse:

126 717 235 752 mus.
266 698 446 749 Narrat
488 698 533 749 is
613 704 807 748 auctor
856 710 885 747 a
940 698 1199 763 martyrio
1240 694 1370 748 dicti
1416 697 1664 746 Autono-
1770 711 1875 748 non
1901 696 1971 746 ita
2004 704 2206 756 tamen,
2235 705 2291 747 ιιι
2318 695 2657 762 antiquiores
2688 696 3135 750 olilitcraren'ur.

126 814 177 847 ιειι
220 793 275 846 ad
312 807 403 845 sua
476 804 649 857 usque
676 800 921 855 tempora
960 788 1212 840 ducentis
1248 786 1407 840 annis
1442 798 1664 855 przctcr-
1840 787 1971 852 Quis
2034 787 2177 840 enim
2213 798 2289 839 tot
2334 788 2672 841 voluminum
2720 802 2923 841 Struem
2979 790 3082 842 sibi
3135 805 3351 858 compa-

126 888 303 955 grcssis,
351 886 588 938 cadaver
620 883 765 936 illius
812 882 940 935 licet
987 880 1041 932 in
1068 881 1359 948 sepulchro
1408 880 1665 948 positum.
1771 894 1960 949 rasset,
2007 893 2061 937 ct
2105 898 2172 937 ex
2226 883 2330 937 illis
2390 884 2535 936 Vitas
2586 885 2975 952 dempsisset?
3018 883 3107 936 Sic
3149 886 3346 937 l'actmu

127 985 349 1048 integrum
411 976 905 1044 incorruptumque
958 974 1283 1041 perdurasse
1336 974 1412 1026 En
1459 973 1619 1027 verba
1652 991 1663 1024 ε
1768 987 1871 1037 est,
1906 988 1959 1030 ιιι
1993 977 2238 1045 utrisque
2268 978 2737 1045 permanenlibus,
2773 994 2876 1029 non
2914 988 3121 1031 tantum
3164 994 3351 1031 recens

126 1071 301 1133 Ἐγὼὸὲ
338 1068 577 1121 νικῶντα
598 1068 689 1117 τὸν
720 1067 965 1136 ἀθλητὴν
1016 1064 1158 1134 ὁρῶν
1195 1067 1293 1135 τὴν
1352 1067 1514 1134 φύσιν
1576 1068 1667 1119 καὶ

1769 1072 1971 1137 scripta
1998 1088 2027 1123 ιι
2055 1072 2346 1141 5;.·ιηοοιιο.
2380 1071 2473 1123 sed
2520 1070 2792 1138 antiquior
2841 1072 3027 1133 etiam,
3062 1088 3183 1125 cum
3213 1073 3348 1124 dit-i-

128 1162 234 1227 ειετὰ
267 1160 509 1222 Θάνατον,
543 1158 681 1226 πρὸς
731 1158 1038 1222 ὃοξο).ογῐαν
1098 1156 1233 1209 Θεοῦ
1299 1158 1665 1228 διανίσταμαι,

1776 1172 1865 1216 tur
1896 1164 2060 1217 vitam
2106 1163 2251 1216 illam
2280 1180 2307 1215 τι
2357 1162 2627 1233 Symeone
2658 1164 2985 1217 descrintam
3023 1166 3211 1228 fuisse,
3245 1165 3324 1219 Me

125 1254 351 1307 ἐπιϐαλὼν
386 1254 498 1322 γάρ
531 1270 665 1306 ποτε
696 1254 792 1317 τὰς
818 1253 970 1322 ὀψεις
1018 1251 1096 1323 τῷ
1126 1253 1283 1321 τάφῳ
1311 1252 1405 1304 τοῦ
1453 1254 1663 1323 μάρτυ-

1771 1257 2065 1324 :aphrastae
2123 1257 2221 1325 ipsi
2258 1268 2611 1311 assereretur
2668 1258 2807 1312 tline
2838 1260 3019 1327 plures
3040 1259 3350 1328 Memphi-a-

128 1364 214 1412 pst,
238 1348 290 1395 τὺ
315 1345 454 1411 ἱερὸν
481 1341 649 1395 αὑτοῦ
682 1342 880 1411 σκῆνος
907 1344 1242 1412 ἐθεασάμην,
1286 1346 1377 1395 καὶ
1400 1344 1665 1413 ἀήττητον
1765 1369 1770 1402 ε

1765 1358 1862 1404 stre
1890 1358 2095 1411 :etates,
2146 1360 2199 1403 et
2246 1351 2395 1417 plura
2438 1351 2490 1402 in
2541 1367 2665 1403 eum
2712 1366 2739 1404 a
2773 1366 2964 1421 parum
2995 1354 3350 1419 prudentibus

128 1439 204 1489 ατο
226 1454 276 1503 τε
310 1438 399 1503 τῇ
426 1435 615 1504 ἰσχύος
636 1435 729 1486 τοῦ
751 1434 982 1487 Θανάτου
1010 1436 1317 1504 μεμενηκος
1343 1435 1664 1502 κατενόησε.
1768 1467 1770 1486 ι

1768 1452 2165 1509 congeruntur,
2200 1457 2321 1494 cum
2360 1444 2593 1495 aliorum
2639 1444 2785 1506 vitia,
2816 1454 2871 1497 et
2910 1443 3057 1497 falsa:
3088 1448 3351 1496 narratiu-

1765 1549 1862 1585 nes
1885 1533 2260 1601 Metapbrastzn
2283 1550 2310 1587 a
2342 1535 2538 1588 talibus
2567 1537 2889 1589 criminibus
2910 1550 3079 1589 vacuo
3114 1538 3352 1606 integro-

1767 1639 1873 1691 qnc
1902 1624 2160 1677 referant.
2209 1626 2290 1678 Sit
2320 1628 2553 1695 exempli
2594 1642 2755 1680 causa
2795 1646 2807 1681 :
2844 1628 3076 1695 Scripsit
3116 1628 3348 1697 Sytneuu

1773 1717 1947 1771 Vitam
1983 1718 2154 1771 saneti
2200 1717 2498 1781 Eustachii,
2533 1729 2586 1771 et
2623 1718 2898 1781 ﬁliorum;
2942 1731 3068 1771 ante
3098 1721 3350 1773 eumdem

1773 1812 2189 1880 Metaphrastem
2221 1812 2288 1862 ab
2315 1810 2434 1862 aliis
2460 1812 2804 1872 concinnata,
2838 1822 2891 1864 et
2922 1812 2962 1863 si
3000 1828 3104 1865 non
3138 1813 3205 1863 ita
3238 1813 3350 1863 ele-

1772 1915 1960 1975 ganter
2005 1906 2056 1957 in
2111 1904 2349 1957 Ecclesia
2399 1904 2697 1972 lrgehatur.
2750 1903 3022 1955 Laudatur
3061 1920 3088 1956 a
3141 1904 3352 1956 Joanne

1776 1996 2108 2051 Damasceno
2163 2006 2217 2050 et
2265 1995 2403 2048 aliis.
2445 1997 2571 2047 Eam
2615 1996 2657 2048 si
2692 1996 2815 2062 quis
2843 1995 3224 2063 Metaphrastte
3257 2002 3339 2049 tri-

1775 2089 1985 2149 bueret,
2017 2088 2125 2155 jam
2158 2087 2258 2138 alia
2291 2095 2422 2139 retas
2450 2097 2575 2137 ante
2613 2086 2785 2151 ipsum
2820 2086 3211 2138 Daiuaseennm
3252 2087 3354 2139 lde-

1774 2180 2063 2247 taphrastae
2096 2189 2424 2246 assurgeret,
2458 2179 2694 2244 villaque
2727 2178 2983 2230 similium
3025 2181 3350 2246 scriptorum

1777 2274 1828 2325 in
1860 2272 2281 2340 Metaphrastem
2317 2271 2760 2335 refunderentur,
2794 2273 2939 2340 quod
2971 2274 3237 2325 absonum
3271 2274 3353 2325 in-

1772 2366 2105 2434 dignumque
2156 2375 2307 2418 tanto
2356 2367 2471 2417 tiro
2513 2366 2694 2419 fuerit.
2738 2367 2811 2419 lta
2855 2369 3016 2419 etiam
3050 2370 3115 2420 de
3152 2378 3353 2420 sancta:

1775 2460 2081 2529 Eupraxius,
2148 2460 2385 2513 Danielis
2424 2462 2658 2521 abbatis,
2693 2460 2917 2515 Joannis
2947 2460 3348 2527 Chrysostomi.

1778 2553 2095 2622 Euphemia:
2129 2553 2379 2623 martyris
2411 2593 2424 2606 .
2462 2553 2707 2622 Procopii
2755 2554 3036 2621 martyris,
3084 2554 3350 2606 AnastasLi

1777 2644 1978 2710 Persae,
2024 2645 2391 2713 Amphilochii
2441 2644 2738 2697 Ironiensis
2783 2647 3050 2713 episc0pi,
3095 2646 3352 2698 aliorum-

1776 2753 1883 2807 que
1924 2752 1992 2790 ne
2044 2736 2287 2805 singulos
2329 2751 2666 2795 recenseam,
2717 2740 2841 2789 \‘lliS
2886 2737 3214 2790 censendum
3247 2747 3351 2791 est.

1778 2830 1922 2895 Quas
1951 2829 2037 2881 ubi
2070 2829 2309 2897 primum
2363 2829 2628 2897 genuinas
2669 2828 3047 2896 llctaphrasta-
3085 2844 3113 2881 a
3154 2830 3354 2896 spuriis

1779 2921 2117 2982 distinxeris,
2167 2928 2281 2973 tum
2310 2919 2530 2973 demum
2557 2919 2625 2973 da
2662 2928 2823 2974 litate
2852 2920 3154 2990 Symeonis,
3203 2918 3353 2986 ejus-

1779 3030 1885 3085 que
1917 3015 2245 3085 integritate,
2290 3021 2347 3068 et
2400 3012 2454 3065 in
2507 3012 2811 3065 enarranda
2855 3011 3089 3065 Historia
3124 3011 3353 3065 veritate

1776 3106 2039 3175 judicium
2072 3104 2249 3167 feres;
2300 3102 2436 3156 alias
2470 3101 2793 3155 sententiam
2824 3100 3067 3162 ditleras,
3102 3110 3152 3154 et
3184 3116 3211 3152 a
3245 3100 3353 3153 cri-

1782 3196 2172 3250 minationibus
2206 3194 2503 3254 abstineas,
2552 3208 2621 3245 ne
2652 3192 2704 3243 in
2742 3193 3117 3244 immerentem
3146 3192 3353 3244 nullam

1778 3290 1847 3344 ob
1877 3304 2095 3342 causam
2129 3288 2360 3356 iniurius
2394 3286 2604 3338 audias.
2655 3283 2844 3336 Risum
2897 3302 2926 3333 ιι
2953 3284 3027 3336 ihi
3060 3298 3202 3352 sa~pe
3241 3300 3357 3337 ino-

1779 3398 1903 3436 vere
1944 3381 2003 3443 ii,
2041 3381 2131 3443 qui
2176 3379 2438 3448 quidquid
2471 3377 2762 3431 habuerint
2794 3377 2861 3429 de
2889 3375 3009 3428 Vita
3040 3387 3352 3429 sanctorum

1780 3474 1899 3528 sine
1942 3475 2179 3526 auctoris
2211 3470 2453 3532 nomine,
2504 3468 2555 3521 id
2596 3478 2765 3521 totum
2802 3468 2919 3520 sine
2962 3467 3068 3520 alio
3106 3468 3355 3520 examine

1780 3568 1946 3617 stulte
1980 3562 2140 3615 nimis
2171 3570 2331 3627 atque
2359 3557 2706 3626 impudenter
2729 3556 3105 3624 Metaphrastze
3127 3556 3354 3609 dedunt.

1852 3654 1906 3707 Id
1957 3655 1999 3707 si
2040 3652 2441 3707 considerasset
2495 3649 2848 3703 doctissimus
2884 3648 3245 3701 Bellarminus
3289 3648 3357 3701 de

1781 3746 2170 3815 Scriptoribns,
2197 3744 2248 3796 in
2299 3758 2365 3798 eo
2413 3743 2771 3797 obtrectaudo
2830 3757 2937 3794 non
2982 3744 3053 3795 ita
3104 3744 3360 3810 profusus

1781 3837 1990 3892 fuisset.
2048 3835 2187 3888 Illud
2238 3843 2414 3886 autem
2464 3833 2839 3886 observandum
2902 3849 2930 3883 ο
2997 3830 3359 3898 Melapliraste

1784 3930 2008 3995 scriptas
2052 3926 2211 3995 fuisse
2246 3923 2511 3977 Historias
2550 3925 2615 3976 de
2670 3922 2801 3976 Vitis
2835 3922 3149 3975 Sanctorum
3182 3923 3360 3975 multis

1785 4020 1981 4073 additis
2011 4033 2073 4071 ea:
2111 4016 2324 4084 proprio
2349 4016 2576 4083 ingenio,
2612 4031 2713 4067 non
2740 4023 2795 4066 ut
2830 4030 2911 4066 res
2940 4024 3097 4083 gesta:
3128 4015 3356 4083 fuerant,

1785 4114 1875 4165 sea'
1932 4122 1989 4163 ut
2045 4110 2154 4180 geri
2203 4116 2484 4176 potuerant
2532 4122 2550 4159 :
2601 4107 2750 4158 addit
2796 4106 2934 4157 enim
2982 4105 3361 4171 Metaphrastes

1786 4202 1951 4255 multa
1981 4200 2263 4268 colloquia,
2296 4200 2402 4250 sive
2443 4197 2678 4265 dialogos
2710 4207 3002 4264 martyrum
3033 4211 3148 4247 cum
3183 4211 3360 4260 perse-

1787 4292 2072 4350 cutoribus,
2101 4292 2309 4356 aliquas
2340 4288 2497 4341 etiam
2528 4287 2884 4339 conversiones
2908 4286 3234 4337 adstantium
3260 4301 3361 4347 pa-

142 4401 232 4438 care
250 4388 456 4455 eos,qui
478 4387 594 4440 suis
617 4385 861 4439 membris
882 4387 1155 4440 voluerunt
1180 4404 1298 4440 eum
1320 4390 1640 4458 glori/icore.
1787 4400 2044 4455 ganorum
2072 4384 2127 4434 in
2162 4391 2310 4433 tanto
2348 4396 2581 4440 numero,
2606 4382 2676 4435 ,'ut
2706 4378 3033 4431 incredibiles
3062 4378 3358 4431 vidcantur.

191 4481 515 4532 Autonomus
586 4479 909 4547 martyrium
968 4477 1136 4531 subiit
1185 4478 1286 4531 sub
1347 4476 1683 4533 Diocletiano
1790 4478 2020 4547 Denique
2060 4473 2319 4528 miracula
2354 4472 2606 4539 plurima,
2647 4480 2694 4522 et
2728 4469 2959 4521 maxima
3005 4470 3061 4520 in
3099 4469 3363 4522 eversione

142 4567 255 4621 circa
274 4585 398 4622 anu.
438 4569 601 4623 Dom.
637 4568 764 4634 303,
788 4571 927 4623 adde
977 4569 1167 4623 intacti
1198 4585 1229 4622 a
1252 4570 1543 4639 putredine
1565 4587 1684 4626 cor-
1718 4584 1759 4638 ο
1791 4570 2104 4639 templorum
2156 4579 2203 4621 et
2256 4567 2537 4627 idolorum,
2572 4579 2792 4631 quorum
2843 4561 2987 4613 nulla
3035 4570 3109 4613 est
3166 4560 3363 4612 mentio

133 1534 177 1582 ὐ
200 1533 292 1599 rip
326 1531 509 1581 πιὶοαν
554 1529 650 1580 τοῦ
712 1528 854 1591 {dion
903 1530 1001 1598 τὴν
1050 1527 1328 1597 σύμπηξιν
1382 1530 1667 1597 τριημὲρῳ

126 1624 406 1691 {nutriunt
438 1622 593 1673 λύειν
635 1623 843 1691 αὐχῶν,
879 1621 1056 1673 ἔτεσιν
1082 1622 1181 1690 ἤδη
1215 1621 1511 1684 διακοσίοις
1550 1623 1665 1691 τρί-

130 1736 178 1784 μ
201 1716 281 1767 τοῦ
332 1715 548 1781 γενςὶου
608 1714 921 1783 διαφθεῖραι
974 1713 1073 1766 οὐκ
1104 1714 1343 1783 ἴσχυσεν,
1380 1714 1493 1765 ἀλλ’
1532 1716 1564 1785 ἦ
1607 1733 1662 1766 τε

128 1811 239 1877 riui;
266 1809 356 1877 τῆς
392 1809 638 1877 κεφαλῆς
664 1808 892 1877 δαψιλὴς
924 1809 1017 1860 καὶ
1051 1806 1383 1875 ἀλύμαντος,
1410 1810 1499 1860 ὅτε
1566 1809 1662 1877 τῆς

130 1899 307 1968 uergit;
346 1901 646 1970 χαρακτὴρ
718 1897 1060 1967 συνεστηκώς
1118 1915 1175 1951 τε
1245 1898 1339 1951 καὶ
1390 1898 1666 1965 ἀλώόητος

128 1996 176 2058 τῆ
202 2010 249 2041 τε
283 1993 441 2060 δορᾶς
473 1992 715 2060 εὐτονίᾳ,
760 1991 893 2058 μηδὲ
917 1991 1015 2052 τὰς
1054 1990 1263 2058 ὑπήνης
1285 1991 1477 2059 τρίχας
1533 1992 1671 2043 ἁπο-

129 2086 287 2141 ῦπὶνιὲιν,
317 2085 525 2154 ἀνέῳγε
562 2083 619 2136 ὀὲ
661 2082 811 2151 αὐτῷ
857 2083 943 2133 καὶ
971 2082 998 2132 ὁ
1028 2081 1137 2132 τῶν
1159 2081 1419 2150 ὀμμάτων
1450 2082 1668 2144 κύκλος,

127 2176 177 2227 δι’
198 2170 258 2227 ὧν
285 2177 402 2243 ἐμοὶ
435 2176 589 2227 δοκεῖ
623 2178 716 2226 καὶ
745 2174 1041 2240 θεώμενος,
1069 2172 1205 2225 αἰδοῖ
1239 2174 1335 2225 τοῦ
1383 2175 1547 2242 νόμου
1575 2178 1670 2243 τῆς

127 2269 357 2336 τελευτῆς,
380 2268 480 2337 τὴν
506 2268 718 2334 σιωπὴν
748 2268 1049 2335 προτιμᾴν,
1086 2265 1285 2333 ἕσεηκε
1308 2265 1364 2317 δὲ
1399 2267 1491 2317 καὶ
1513 2268 1539 2318 ὀ
1562 2268 1665 2328 πᾶς

128 2359 195 2409 τοῦ
220 2359 453 2425 σώματος
490 2359 668 2419 τύπος
704 2357 804 2427 τὴν
860 2358 1001 2409 ἰδίαν
1055 2358 1341 2426 συντηρῶν
1402 2359 1667 2427 ἁρμονίαν

131 2455 198 2502 λιι
232 2451 342 2503 οὔτε
365 2453 463 2520 τῆς
504 2450 751 2519 κεφαλῆς
804 2450 913 2502 οὐδ’
945 2450 1083 2512 ὅλως
1138 2450 1495 2520 ἀπορῤαγεὶς,
1548 2448 1669 2503 οὔτε

128 2544 211 2593 τῶν
242 2544 434 2594 λοιπῶν
468 2543 678 2610 μορίων
724 2542 824 2611 τὴν
850 2541 1131 2594 διάστασιν
1158 2542 1477 2611 ὑπομείνας.
1515 2543 1670 2595 Οὕτω

130 2634 254 2703 ’ςὶιρὸ
286 2633 661 2705 μεγαλόδωρος
715 2634 921 2702 Κύριος
955 2632 1199 2697 δοξάζειν
1226 2630 1331 2686 οἶδε
1348 2637 1473 2697 τοὺς
1512 2638 1670 2689 οἱκεί·

134 2748 188 2789 Ut;
216 2731 376 2781 αὐτῶν
405 2730 598 2798 μέλεσι
628 2731 852 2794 δοξάσαι
892 2729 1313 2797 προελομένους.
1349 2729 1462 2800 Ego
1494 2742 1669 2785 autem

134 2821 271 2871 ritleus
292 2822 544 2873 athletam
584 2821 745 2873 etiam
776 2831 890 2888 post
919 2830 1137 2873 mortem
1166 2822 1456 2875 vincentem
1510 2836 1670 2877 natu-

135 2927 238 2973 ram,
270 2928 488 2981 exsurgo
508 2913 582 2963 ad
612 2911 777 2964 Deum
800 2912 1199 2982 gloriﬁcandum
1222 2930 1239 2967 :
1263 2916 1507 2983 injiciens
1538 2933 1674 2970 enim

135 3004 379 3072 aliquando
392 3004 574 3057 oculos
599 3005 652 3056 in
686 3005 984 3071 sepulcrum
1012 3006 1263 3075 martyris
1280 3009 1462 3076 aspexi
1491 3026 1675 3064 sacras

136 3096 221 3162 ejus
248 3097 521 3161 reliquias,
560 3113 682 3167 qua’
710 3098 918 3149 invich
947 3107 1252 3151 manserant
1288 3117 1318 3151 a
1352 3103 1533 3155 mortis
1557 3104 1682 3155 viri-

135 3192 219 3240 bus.
246 3188 364 3252 Quae
384 3192 525 3242 enim
548 3192 848 3242 universum
864 3190 1111 3243 animalis
1142 3193 1596 3258 compositionem,
1624 3212 1677 3248 se

138 3282 261 3332 trium
310 3284 511 3334 dierum
581 3284 758 3349 spatio
789 3282 1052 3350 gloriatur
1106 3285 1509 3347 dissoluturam,
1556 3288 1675 3355 jam

138 3376 325 3427 decentis
346 3377 501 3428 annis
531 3392 635 3428 non
662 3376 1088 3444 valuitprwclari
1120 3377 1261 3430 illius
1284 3379 1382 3430 viri
1411 3379 1491 3431 vel
1512 3380 1676 3446 pilum

138 3470 572 3535 ranumpere;sed
604 3480 652 3521 et
686 3484 835 3521 coma
857 3470 1044 3535 capitis
1074 3478 1146 3521 est
1167 3470 1351 3532 densa,
1388 3480 1435 3523 et
1484 3472 1675 3537 illwsa,

137 3568 173 3608 et
198 3560 356 3627 forma:
396 3560 675 3610 character
724 3558 955 3611 consistit
1006 3559 1226 3627 integer,
1258 3561 1392 3628 pelle
1418 3562 1578 3629 ﬁrma
1626 3575 1673 3615 et

138 3653 321 3715 intensa,
346 3668 408 3703 ne
434 3651 650 3703 amissis
670 3651 880 3719 quidem
924 3650 1046 3717 pilis
1074 3651 1212 3704 labri
1242 3655 1548 3721 superioris.
1566 3653 1678 3727 .Est

140 3755 279 3796 autem
319 3746 363 3797 ei
411 3745 554 3797 orbis
585 3759 786 3811 quoque
825 3756 1037 3811 apertus
1066 3746 1357 3810 oculorum,
1410 3763 1502 3813 per
1552 3764 1681 3816 quos

140 3838 323 3889 intucnti
348 3838 475 3889 mihi
505 3836 785 3888 videbatur
800 3838 935 3903 quod
952 3837 1115 3906 legem
1136 3848 1344 3890 tantum
1374 3841 1553 3893 mortis
1572 3841 1680 3907 ipse

141 3931 364 3995 ret-critus,
401 3929 675 3982 silentium
703 3929 1000 3982 simularet.
1046 3928 1164 3983 Stat
1204 3941 1381 3983 autem
1434 3934 1677 3987 universa

141 4035 302 4089 quoque
326 4019 498 4088 ﬁgura
528 4019 647 4087 ejus
679 4020 910 4085 corporis
952 4035 1104 4072 suam
1131 4036 1442 4075 conservans
1471 4040 1683 4092 compa-

140 4126 241 4179 gem,
265 4121 419 4165 etnec
458 4112 580 4180 ejus
616 4111 805 4177 capitis
836 4119 1047 4174 ruptum
1076 4122 1150 4163 est
1185 4112 1407 4181 aliquid,
1444 4130 1536 4166 nec
1565 4114 1685 4167 reli-

141 4219 323 4270 quarum
379 4205 623 4273 partium
655 4204 795 4271 {acta
844 4212 919 4255 est
946 4202 1056 4255 ulla
1083 4220 1117 4256 a
1147 4219 1201 4256 se
1231 4205 1447 4257 invicem
1473 4206 1683 4273 disjuna

142 4296 233 4348 ttio.
260 4294 337 4350 Sic
359 4298 496 4351 enim
520 4295 805 4362 muniﬁcus
836 4294 1091 4348 Dominus
1116 4297 1212 4348 scit
1239 4298 1461 4350 vicissim
1480 4298 1682 4366 gloriﬁ-

1704 3238 1744 3293 C

145 4663 258 4725 poris
288 4678 460 4717 annos
513 4661 646 4728 :00,
706 4662 810 4715 erit
864 4661 1074 4715 Christi
1116 4660 1241 4725 505,
1294 4675 1403 4729 quo
1453 4661 1687 4731 scriptor

146 4750 249 4809 Vile
275 4756 506 4811 vivebat.
544 4755 656 4809 Sed
700 4755 787 4808 hic
827 4753 991 4806 fuerit
1032 4751 1305 4805 Anastasii
1344 4751 1688 4820 imperatoris

143 4846 349 4903 decimus
381 4850 608 4914 tertius,
649 4863 777 4921 ergo
812 4857 923 4901 tum
966 4859 1181 4915 quoque
1216 4844 1434 4899 vivebat
1477 4844 1679 4897 scribe-

145 4942 307 5011 batque
335 4942 761 5013 Metaphrastes.
805 4941 937 4994 Rem
978 4940 1137 5009 plane
1174 4938 1476 4993 ridiculam.
1515 4938 1687 5004 Quare

147 5032 255 5088 Vita:
311 5038 494 5099 editas,
554 5036 645 5089 vel
696 5034 923 5089 edenda:
972 5040 1229 5085 accurate
1277 5031 1687 5085 consideranda:

146 5139 261 5193 sunt,
290 5139 397 5183 tum
453 5131 679 5184 demum
731 5126 1111 5195 hletaphrastze
1153 5123 1480 5177 asserenda.
1521 5122 1691 5177 Disci-

148 5219 237 5284 puli
279 5222 418 5273 enim
471 5233 673 5272 omnes
715 5218 829 5270 sive
883 5215 1159 5278 monachi,
1198 5214 1312 5267 sive
1329 5213 1435 5266 alia
1471 5228 1687 5281 quoque

152 5313 478 5367 ecclesiasuca
522 5312 790 5381 dignitate
841 5309 1216 5379 praecellentes
1270 5307 1686 5375 Metaphrastem

149 5403 363 5460 abdicant
397 5420 565 5460 :cum
607 5403 697 5458 ille
737 5401 1085 5457 sazcularibus
1133 5399 1362 5469 negetiis
1394 5398 1505 5470 [45]
1536 5400 1688 5452 addi-

151 5504 264 5559 ctus,
288 5499 532 5565 quamvis
574 5496 775 5565 pietate
806 5504 859 5547 et
893 5494 1181 5546 sanctitate
1226 5490 1451 5559 insignis
1492 5492 1543 5541 in
1588 5506 1689 5543 sa:-

150 5589 249 5640 culo
283 5592 440 5642 vitam
472 5590 670 5658 egerit.
716 5587 849 5640 Illud
879 5601 1095 5656 quoque
1123 5585 1305 5638 animo
1329 5584 1687 5652 reputandum

153 5691 232 5745 est,
261 5682 416 5747 Vitas,
453 5696 597 5752 quas
648 5680 1040 5749 Metaphrastes
1081 5677 1451 5741 concinnavit,
1483 5677 1687 5745 pleras-

155 5788 236 5842 que
266 5777 327 5830 ab
353 5776 470 5829 aliis
493 5785 657 5829 antea
690 5774 858 5827 fuisse
886 5772 1211 5840 descriptas,
1240 5786 1362 5825 cum
1395 5780 1575 5824 tamen
1618 5769 1689 5822 illi

157 5875 235 5917 rec
260 5867 415 5933 stylus
445 5864 809 5927 satisfaceret,
847 5877 947 5918 nec
991 5860 1236 5917 Historia:
1271 5861 1460 5927 series,
1501 5862 1699 5916 verita-

1790 4666 1931 4735 apud
1967 4674 2164 4716 veteres
2197 4660 2489 4712 historicos.
2524 4657 2685 4710 Multa
2716 4654 2989 4708 addidisse
3025 4654 3092 4706 de
3116 4667 3214 4705 suo
3253 4651 3362 4704 Me-

1788 4759 2146 4826 taphrastem.
2197 4752 2309 4805 Hoc
2363 4765 2492 4803 vero
2534 4747 2875 4817 probandum
2936 4755 3037 4797 est.
3092 4742 3364 4811 Setl|quis

1792 4852 1881 4905 ille
1923 4849 2146 4917 lynceus
2190 4842 2539 4909 fuerit?quis
2587 4840 2640 4892 in
2686 4837 3091 4893 obscurissimis
3130 4834 3362 4903 antiqui-

1795 4942 1918 4994 tatis
1949 4937 2186 4992 teuebris
2211 4934 2419 4996 ridens,
2452 4932 2631 4984 addita
2659 4946 2688 4983 a
2718 4945 2843 4983 rere
2870 4929 3037 4998 gestis
3072 4926 3366 4980 secernet?

1796 5035 2018 5087 Etiamsi
2079 5030 2193 5097 ipsa
2230 5028 2361 5080 Acta
2411 5035 2709 5094 martyrum
2757 5018 3112 5089 autographa,
3152 5024 3208 5072 at
3240 5016 3365 5068 vitae

1794 5127 1926 5195 ipsis
1959 5125 2029 5179 ab
2056 5123 2385 5181 iisdemmct,
2422 5132 2654 5187 quorum
2695 5115 2815 5169 Vita
2866 5119 3151 5167 enarratur
3191 5110 3364 5162 histu-

1795 5219 1928 5271 riam
1982 5215 2326 5275 haberemus,
2384 5209 2584 5265 difﬁcili
2638 5218 2750 5262 tum
2800 5206 2963 5260 etiam
3016 5201 3264 5256 examine
3313 5198 3364 5251 id

1796 5323 2082 5380 possemus
2112 5304 2367 5372 consequi
2403 5320 2416 5355 :
2452 5316 2630 5370 neque
2666 5300 2809 5353 enim
2840 5296 3023 5350 omnia
3060 5294 3112 5346 in
3145 5292 3249 5345 illis
3280 5306 3366 5343 re-

1798 5404 2004 5459 censita
2045 5409 2191 5464 sunt,
2214 5398 2459 5464 nihilque
2487 5396 2789 5463 neglectum
2822 5392 2892 5443 ita
2926 5397 2985 5441 ut
3011 5387 3079 5440 ab
3109 5386 3214 5439 alio
3244 5384 3366 5437 addi

1798 5509 1905 5546 non
1940 5489 2196 5561 potuerit.
2239 5487 2316 5547 liti
2344 5500 2513 5555 quare
2548 5484 2723 5551 potius
2753 5480 2869 5552 [441
2906 5496 3014 5533 ιιοιι
3067 5480 3231 5531 multa
3255 5477 3367 5543 ipse

1795 5585 2061 5646 omiserit,
2115 5597 2235 5650 quae
2285 5581 2464 5633 minus
2523 5577 2807 5647 probaret,
2869 5589 3027 5642 quam
3079 5568 3370 5624 addiderit?

1795 5674 1988 5729 Nariat
2032 5683 2291 5742 prieterea
2327 5687 2412 5724 res
2457 5681 2656 5739 gestas,
2693 5684 2795 5720 non
2837 5677 2891 5719 ut
2935 5682 3015 5717 res
3061 5674 3214 5733 gesta!
3249 5664 3369 5732 [ur-

1800 5778 1943 5831 runt,
1978 5770 2066 5820 sed
2114 5775 2170 5818 ut
2219 5767 2323 5834 geri
2355 5752 2653 5833 potuerunt.
2693 5760 2846 5815 [inde
2888 5758 2939 5810 id
2970 5756 3130 5809 habet
3168 5754 3364 5806 Bellar-

1802 5855 2021 5912 niinus?
2051 5855 2317 5910 Habuitne
2351 5856 2463 5922 ipse
2492 5861 2699 5906 rectum
2737 5862 2981 5903 aetorutn
3011 5846 3280 5905 ordinem,
3319 5851 3373 5895 et
