4158 6472
188 446 235 506 Η
787 435 884 496 DE
928 432 1270 495 SCRIPTIS
1309 430 1687 490 SYMEUNIS
1730 428 2305 489 illE'l‘APIlll.‘.5'l'.-E
2344 427 2708 487 DIATRlllA

3313 427 3387 490 i9

182 550 517 615 mentuctiam
542 563 664 618 qua:
688 547 887 601 alicubi
923 546 1093 598 latent
1116 544 1200 599 vel
1259 543 1555 612 disperdtta
1590 540 1704 611 [lli]
1737 545 1779 597 Α
1811 541 1898 603 iis,
1928 544 2018 610 qui
2047 542 2195 593 carni
2227 541 2394 609 magis
2431 540 2630 592 addicti
2660 547 2820 602 sunt;
2868 543 2957 608 qui
2990 553 3220 595 nesciunt
3264 558 3383 610 pro-

180 652 293 704 ποι,
312 639 520 710 legerit:
544 652 665 706 quae
686 636 876 705 legisse
898 632 1304 693 Bellarminum,
1326 645 1427 683 nec
1452 630 1564 698 ipse
1585 627 1707 681 Bel-

181 739 393 790 larminus
406 732 572 785 dicet.
598 731 691 784 Sic
706 728 939 782 Savilius
953 725 1229 780 accusavit
1245 723 1495 777 falsitatis
1510 722 1710 775 multas

180 831 247 882 ιιὶι
260 828 516 880 acutorum
536 822 876 875 narrationes
892 820 948 873 in
968 817 1199 887 Georgio
1210 814 1601 879 Alexandrino,
1616 812 1708 881 qui

182 922 317 973 Vitam
354 914 718 985 Cbrysostomi
742 912 1055 981 scripserat,
1093 909 1219 979 quia
1254 908 1608 977 antiquiores,
1652 918 1710 961 ut

196 1012 421 1071 Socrates,
459 1009 819 1071 Sozomenus,
861 1003 1257 1067 Tlieodorctus,
1305 1002 1578 1056 Palladius
1616 1016 1708 1056 eas

181 1121 261 1158 non
274 1112 493 1156 narrant.
509 1102 671 1166 Quasi
694 1115 821 1153 vero
836 1112 921 1151 res
936 1094 1331 1151 ecclesiasticas
1345 1095 1433 1148 alii
1449 1109 1554 1147 non
1574 1094 1709 1147 scri-

180 1197 372 1265 pserint;
400 1195 526 1247 licet
558 1193 827 1246 scribatur
856 1192 925 1243 ab
955 1190 1095 1254 aliis,
1142 1189 1357 1252 falsum,
1412 1201 1475 1240 ac
1518 1200 1711 1253 suspe~

180 1297 296 1342 etum
318 1289 396 1340 sit.
428 1286 614 1355 Nugae.
645 1283 807 1337 Multa
829 1283 986 1337 etiam
1016 1298 1081 1336 ex
1114 1280 1401 1334 traditione
1420 1279 1705 1342 habentur,

180 1398 273 1451 qua
297 1383 340 1433 in
370 1380 517 1433 libris
540 1379 757 1448 scriptis
774 1393 881 1430 non
912 1384 1147 1431 exstant.
1169 1374 1321 1427 Nilus
1338 1370 1710 1443 Cbrysostomi

181 1470 433 1540 discipulus
457 1473 513 1522 in
543 1468 788 1539 epistolis
820 1468 1021 1525 scribit.
1076 1466 1548 1536 Chrysostomutu,
1587 1463 1713 1524 Τοῖς

182 1566 382 1631 γνησίοις
429 1562 538 1614 τῶν
566 1560 953 1629 πνευματικῶν
993 1558 1162 1627 φίλων
1189 1558 1307 1610 κατ’
1352 1558 1488 1609 ιδίαν
1517 1557 1708 1625 διηγή-

183 1652 572 1724 σατο.ιε9ἱιὶηιὶε
594 1651 957 1719 spiritualibus
976 1651 1159 1702 amicis
1180 1650 1427 1718 privatim
1448 1648 1709 1701 narrauit.

184 1743 437 1811 Etepistola
451 1742 518 1795 ad
543 1742 886 1794 Anastasium
906 1749 1088 1793 narrat
1126 1739 1361 1793 visiones
1375 1739 1708 1808 angelorum,

184 1838 249 1904 qui
280 1834 553 1888 celebranti
606 1833 994 1902 Cbrysostomo
1031 1831 1378 1885 assistebant.
1426 1829 1512 1883 Sic
1549 1829 1708 1883 etiam

183 1926 362 1980 Produs
383 1925 642 1983 narravit.
676 1924 757 1977 vel
780 1924 941 1976 etiam
965 1923 1199 1991 scripsit,
1229 1921 1357 1976 licet
1380 1935 1487 1974 non
1511 1928 1701 1984 exstet,

182 2019 398 2072 visionem
439 2018 616 2071 sancti
637 2014 789 2069 Pauli
824 2014 1079 2070 dictantis
1110 2012 1499 2084 Cbrysostomo
1533 2013 1705 2066 inter.

182 2111 494 2179 pretationem
532 2109 907 2177 epistolarum.
943 2106 1076 2159 Male
1112 2105 1292 2173 itaque
1322 2104 1661 2159 concluditur
1693 2122 1703 2157 :

180 2201 271 2255 Non
292 2204 467 2271 legitur
481 2201 626 2268 apud
648 2208 861 2253 veteres
880 2197 1185 2260 historicos,
1206 2210 1333 2264 ergo
1345 2210 1449 2249 non
1476 2194 1594 2249 fuit.
1617 2192 1710 2248 lli-

182 2292 325 2345 racula
351 2306 494 2353 sane,
521 2307 643 2359 quae
665 2298 850 2342 narrat
878 2286 1285 2357 Metapltrastes,
1315 2290 1545 2340 maxima
1566 2298 1705 2342 sunt.

183 2383 274 2437 Non
307 2386 491 2437 abnuo.
520 2383 578 2436 ld
608 2383 683 2435 illi
706 2382 760 2434 in
785 2382 966 2435 animo
998 2379 1118 2444 fuit,
1145 2396 1232 2435 res
1262 2396 1501 2450 magnas,
1536 2380 1709 2434 admi-

184 2475 360 2539 randas,
390 2476 742 2541 insuetasque
761 2473 814 2525 in
832 2473 1047 2541 scriptis
1068 2472 1294 2525 referre.
1309 2472 1505 2525 Parum
1525 2470 1600 2524 illi
1616 2485 1712 2525 cu-

184 2568 341 2622 uetuit
361 2568 647 2620 minutiora
665 2580 1093 2634 recensere,qute
1107 2564 1268 2620 etiam
1284 2566 1398 2633 ipse
1412 2566 1533 2619 data
1548 2579 1713 2633 opera

185 2660 501 2727 praetermisit.
534 2660 935 2714 Conversiones
952 2674 1281 2728 paganorum
1310 2667 1419 2711 tam
1448 2657 1634 2726 spissa:
1661 2667 1713 2711 et

186 2750 228 2800 in
260 2758 388 2801 tanto
431 2764 661 2802 numero
692 2748 1037 2802 incredibiles
1055 2756 1203 2801 sunt.
1242 2747 1589 2802 lncredibilcs
1625 2748 1710 2811 iis,

185 2842 617 2907 quimeruitatem
646 2848 700 2893 et
721 2849 954 2908 tempus,
988 2854 1261 2893 summum
1295 2839 1518 2903 bonum,
1550 2848 1715 2894 etsua

186 2933 423 2987 commoda
444 2951 457 2986 :
481 2934 650 2986 vitam
670 2933 903 2993 beatam,
933 2946 994 2984 ac
1022 2942 1297 2985 ventrem:
1320 2932 1463 2985 vires
1484 2932 1712 2997 divinas,

188 3033 227 3076 et
246 3027 486 3078 humanas
522 3024 658 3093 pede
674 3024 867 3089 suo,et
890 3022 1126 3085 modulo,
1153 3036 1262 3075 non
1290 3021 1369 3077 rei
1391 3030 1585 3076 natura
1603 3037 1717 3078 me-

187 3114 677 3185 tiuntur.Gregorius
690 3115 965 3185 Nyssenus
987 3116 1041 3168 in
1068 3113 1185 3169 Vita
1205 3124 1403 3170 sanctae
1430 3113 1709 3169 Macrinam

1811 631 2047 699 portione
2077 631 2221 698 ﬁdei,
2244 646 2517 683 munerum
2538 628 2654 696 ﬁeri
2676 630 2917 683 distribut
2940 647 3114 694 onem,
3144 642 3193 685 et
3219 650 3381 698 parra

1810 730 2016 797 quidem
2045 728 2166 780 dari
2199 727 2505 780 habentibus
2530 741 2751 793 parvam
2784 726 2956 793 ﬁdem,
2986 745 3180 799 magna
3207 741 3383 784 autem

1811 820 1940 885 illis,
1968 820 2059 889 qui
2080 820 2274 888 ingenti
2310 818 2410 886 ﬁde
2440 819 2646 887 prarditi
2674 826 2813 871 sunt.

1880 916 2084 967 Auctor
2105 912 2229 966 vita:
2255 911 2429 965 sancti
2457 910 2573 983 [l7]
2599 911 2838 977 Niconis,
2870 912 2960 982 qui
2998 928 3027 966 a
3057 914 3380 982 pmnitentia

1812 1006 1913 1059 sibi
1958 1014 2381 1074 cognomentum
2430 1003 2650 1058 habuit:
2688 1004 2967 1071 Πεφύκασι
3014 1007 3121 1073 γάρ
3166 1023 3281 1071 πως
3333 1011 3379 1061 οἱ

1812 1096 2091 1167 ἄνθρωποι
2123 1095 2257 1166 πρὸς
2287 1095 2385 1165 τὴν
2419 1094 2627 1147 οἰκείαν
2660 1095 2966 1165 ἀφορῶντες
2988 1096 3288 1162 ἀσθένειαν,
3315 1105 3382 1153 ei

1815 1188 2091 1259 παράδοξα
2140 1188 2405 1250 πολλάκις
2453 1187 2561 1238 τῶν
2598 1189 2958 1256 πραγμάτων,
3012 1191 3105 1243 καὶ
3154 1192 3256 1243 ὑπ’»
3284 1197 3383 1262 τῆς

1815 1282 1960 1342 θείοις
1993 1282 2207 1350 χάριτος
2235 1280 2315 1341 εἰς
2346 1276 2509 1349 τιμὴν
2536 1276 2639 1330 τῶν
2661 1278 2830 1345 ἁγίων
2851 1281 3379 1352 τεραῑουργούμενα,

1814 1373 2048 1425 ἀδύνατα
2083 1372 2322 1434 οἴεσθαι,
2364 1371 2457 1424 καὶ
2501 1369 2573 1439 μὴ
2608 1370 2807 1440 ῥᾳδίως
2839 1372 3115 1425 πιστεύειν
3147 1376 3317 1428 ταῦτα
3349 1377 3380 1445 ἢ

1815 1463 2235 1532 παραδέχεσθαι.
2274 1460 2359 1514 Ita
2413 1470 2605 1514 natura
2643 1463 2876 1516 homines
2920 1468 3210 1531 comparati
3262 1484 3382 1521 sunt

1816 1573 1923 1610 sua:
1961 1555 2289 1624 inﬁrmitatis
2319 1553 2510 1605 limites
2541 1568 2641 1605 non
2663 1554 2982 1617 cxcedentes,
3008 1566 3063 1608 ut
3089 1573 3170 1609 res
3192 1560 3380 1624 sa'pitrs

1814 1663 2003 1716 printer
2047 1647 2506 1715 exspectationem,
2542 1656 2589 1698 et
2636 1646 2688 1697 in
2722 1652 2970 1699 honorem
3001 1660 3303 1703 sanctorum
3352 1671 3381 1702 α

1820 1742 1926 1795 Deo
1988 1739 2208 1807 miriﬁce
2248 1749 2599 1808 perpetratas,
2632 1737 2774 1790 haud
2804 1739 2919 1806 ﬁeri
2940 1743 3164 1805 potuisse
3195 1745 3379 1796 existi-

1819 1840 1995 1883 ment:
2019 1846 2181 1898 neque
2206 1831 2281 1881 ita
2310 1828 2464 1897 facile
2494 1828 2597 1880 illis
2626 1826 2781 1894 ﬁdem
2818 1829 3123 1897 adhibeant,
3170 1849 3261 1886 nec
3288 1836 3384 1887 ad-

1816 1923 2048 1973 mittant.
2114 1920 2482 1997 Symeonipse
2530 1918 2918 1987 Metaphrastes
2956 1922 3009 1975 in
3045 1906 3160 1977 Vita
3212 1931 3384 1981 sancti

1813 2014 2095 2083 Sytnconis
2131 2013 2331 2085 διδ-ἤια)
2385 2012 2665 2076 SeniOris:
2727 2013 2885 2068 Ἀλλὰ
2922 2016 3133 2070 δέδοικα
3166 2018 3239 2088 μὴ
3275 2022 3387 2074 τοῖς

1813 2108 1947 2177 μετὰ
1972 2106 2141 2160 ταῦτα
2162 2107 2327 2187 μῦθος
2355 2104 2493 2161 εἶναι
2528 2110 2652 2180 δόξῃ
2685 2112 2783 2180 τῆς
2806 2111 3061 2180 ἀληθείας
3094 2128 3381 2180 γεγυμνω-

1809 2198 1966 2268 usus;
2016 2198 2232 2251 Φιλοῦσι
2279 2200 2384 2270 γὰρ
2428 2200 2703 2271 ἅνθρωποι
2734 2207 2799 2273 τῇ
2856 2204 3015 2272 φύσει
3070 2208 3289 2273 μετρεῖν
3315 2208 3382 2258 τὰ

1811 2292 2070 2359 γινόμενα
2092 2308 2103 2320 ·
2138 2294 2186 2345 εἰ
2219 2292 2273 2344 δέ
2311 2310 2393 2354 τις
2420 2292 2528 2345 τῶν
2558 2295 2725 2365 αὐτῆς
2750 2296 2891 2366 ὅρων
2926 2296 3181 2350 ἐπέκεινα
3206 2297 3385 2366 λέγοι-

1807 2396 1887 2445 το,
1918 2379 2114 2450 ψευδὴς
2140 2384 2250 2435 τοῖς
2283 2382 2389 2433 τῶν
2434 2382 2590 2436 θείων
2624 2386 2889 2455 ἀμυήτοις
2919 2388 2947 2440 ὁ
2979 2386 3135 2454 λόγος
3164 2389 3383 2458 νομίζε-

1814 2487 1927 2526 ται.
1954 2468 2056 2525 Sed
2081 2488 2278 2539 vereor,
2305 2488 2369 2526 ne
2416 2476 2642 2543 posteris
2666 2472 2778 2531 Istae
2802 2472 2985 2546 fabula
3019 2462 3316 2545 uideantur,
3352 2498 3383 2533 a

1814 2565 2032 2618 veritate
2059 2564 2253 2619 aliena.
2296 2568 2538 2636 Namque
2565 2568 2795 2622 homines
2828 2580 3019 2623 natura
3065 2572 3207 2641 facta
3244 2590 3386 2626 com—

1817 2670 2119 2707 mensurare
2176 2655 2361 2707 solent.
2414 2654 2480 2708 Et
2540 2658 2585 2710 si
2642 2659 2767 2727 quid
2813 2670 2960 2713 extra
3005 2662 3148 2716 illius
3197 2663 3386 2719 limites

1817 2745 2021 2806 aliquid
2040 2750 2359 2811 narraverit,
2381 2750 2603 2802 mendax
2631 2766 2804 2803 rerum
2830 2752 3127 2806 divinarum
3148 2756 3389 2824 inexper-

1819 2839 1885 2891 tis
1917 2856 2087 2893 sermo
2108 2840 2400 2908 judicatur.
2435 2842 2783 2897 lncredibiles
2807 2844 3192 2909 nescientibus,
3213 2863 3387 2916 quan-

1819 2938 1933 2983 tum
1966 2939 2048 2983 est
2078 2932 2130 2984 in
2189 2934 2450 3002 sanguine
2490 2933 2689 2988 Christi
2730 2935 2943 2999 virium,
2976 2939 3222 2993 eamdem
3269 2955 3388 2995 esse

1820 3028 2148 3091 potestatem
2180 3022 2232 3075 in
2285 3024 2504 3078 Christo
2534 3035 2775 3087 centum,
2808 3035 2861 3080 et
2900 3027 3063 3092 mille,
3095 3036 3149 3081 et
3199 3029 3387 3083 decem

1820 3117 2008 3179 millia,
2046 3126 2099 3170 et
2132 3117 2301 3170 multo
2329 3117 2510 3185 plures
2558 3117 2611 3171 in
2649 3117 2807 3173 fidem
2856 3122 3228 3175 convertendi.
3286 3122 3389 3177 Tot

187 3206 234 3257 Οἱ
260 3208 423 3259 nullo!
459 3208 569 3259 τῶν
616 3208 917 3277 ἀνθρώπων
946 3206 1077 3277 πρὸς
1112 3206 1180 3259 τὰ
1208 3207 1417 3260 ἑαυτῶν
1451 3209 1623 3278 μέτρα
1657 3208 1717 3261 τὺ
1744 3226 1787 3283 ο
1822 3224 1829 3260 ι

1744 3226 1787 3283 ο
1822 3223 2006 3277 regna,
2048 3216 2125 3261 tot
2162 3209 2450 3276 provincia:
2495 3208 2689 3277 pusillo
2725 3218 2965 3279 tempore
2999 3208 3196 3266 Christi
3229 3212 3386 3267 (ἰὼ-ιιι

188 3298 337 3349 πιστὸν
365 3300 417 3349 ὲν
445 3302 555 3360 τοῖς
582 3298 897 3367 λεγομένοις
926 3300 1189 3369 κρίνουσι.
1217 3299 1289 3350 Τὸ
1310 3298 1365 3349 δὲ
1388 3300 1711 3369 ὐπερὸαῖνον

185 3387 259 3454 τὴν
296 3389 378 3439 τοῦ
430 3388 722 3447 ἀκούοντος
756 3388 1006 3457 δύναμιν,
1049 3388 1124 3451 ὡς
1172 3388 1276 3454 ἔξω
1327 3390 1420 3458 τῆς
1456 3390 1713 3459 ἀληθείας

186 3480 277 3539 τοῖς
298 3480 379 3531 τοῦ
411 3481 643 3547 ψεύδους
684 3480 959 3543 ὑπονοίαις
1006 3480 1303 3551 ὑϐρίζουσι.
1354 3483 1443 3533 Διὸ
1477 3483 1711 3553 παρίημι

186 3571 259 3635 τὴν
285 3572 494 3624 ἄπιστον
529 3572 749 3640 ἐκείνην
786 3574 843 3625 ὲν
877 3572 953 3641 τῷ
987 3572 1129 3641 λιμῷ
1151 3573 1445 3641 γεωργίαν,
1476 3574 1590 3636 πῶς
1618 3576 1711 3626 ὲκ-

186 3658 468 3729 Calibus-Is;
494 3667 521 3715 ὀ
554 3664 693 3731 π;.ὸς
720 3662 817 3730 τὴν
846 3664 1030 3731 χρείαν
1053 3666 1215 3724 σῖτος,
1249 3663 1506 3731 οὐδεμίαν
1528 3664 1713 3733 αἴσθη-

188 3765 249 3799 ιιν
277 3755 432 3804 ἐποίει
483 3754 583 3821 τῆς
638 3754 1009 3822 ὑφαιρέσεως·
1044 3755 1101 3805 ἐν
1134 3753 1212 3821 τῷ
1242 3754 1412 3822 ὁμοίῳ
1447 3755 1713 3821 διαμένων

187 3843 318 3910 imp,
348 3846 435 3896 καὶ
468 3847 603 3913 πρὶν
636 3844 853 3911 διαδοθῇ
882 3848 998 3906 ταῖς
1021 3844 1128 3896 τῶν
1158 3843 1450 3895 αἰτούντων
1481 3844 1709 3911 χρείαις,

187 3940 254 3983 ω
297 3938 423 4003 μετὰ
472 3936 669 3989 τοῦτο.
735 3937 826 3986 καὶ
878 3935 1007 3987 ἄλλα,
1054 3936 1257 3988 τούτων
1289 3934 1709 4005 παραδοξότεραι

189 4028 335 4077 ξελθὼν
384 4031 588 4090 ἱάσεκ,
659 4028 753 4079 καὶ
814 4026 1189 4096 δαιμονώντων
1237 4029 1550 4097 καθάρσεις,
1621 4028 1715 4080 καὶ

188 4118 393 4184 ags-465i;
417 4121 755 4189 προρρήσεις
781 4119 882 4169 τῶν
907 4118 1311 4187 ἐκϐησομένων.
1331 4120 1581 4172 Ἀπαντα
1602 4120 1712 4180 τοῖς

190 4212 262 4274 μὲν
284 4211 342 4261 δι’
368 4212 653 4280 ἀκρισείας
681 4210 996 4275 ἐγνωκόσιν,
1026 4210 1197 4280 ἀληθῆ
1220 4206 1356 4262 εἶναι
1380 4210 1711 4273 πιστεύεται,

187 4299 264 4349 κᾶν
282 4301 408 4369 ὑπὲρ
442 4303 629 4353 πίστιν
759 4303 879 4354 Ἐπὶ
903 4301 956 4353 δὲ
984 4301 1089 4354 τῶν
1115 4302 1584 4371 σαρκωδεστέρων,
1612 4303 1715 4367 ἔξω

185 4389 255 4439 τοῦ
287 4392 630 4460 ἐνδεχομένου
681 4390 958 4460 νομίζεται
981 4408 995 4422 °
1029 4393 1079 4445 οἳ
1112 4393 1210 4445 οὐκ
1239 4392 1434 4453 ἴσασιν,
1466 4394 1545 4445 ὃτι
1578 4394 1716 4445 κατὰ

186 4484 259 4547 την
291 4483 575 4550 ἀναλογίαν
608 4482 712 4549 τῆς
746 4483 1000 4548 πίστεως,
1044 4483 1193 4552 καὶὴ
1233 4483 1337 4535 τῶν
1369 4484 1715 4552 χαρισμάτων

1816 3301 2090 3369 professae,
2124 3309 2203 3353 tot
2260 3310 2552 3369 martyrum
2597 3302 2867 3371 myriades
2900 3303 3218 3357 brevissimo
3249 3314 3387 3357 tem-

1816 3404 1945 3457 pore
2000 3388 2109 3442 Deo
2147 3398 2513 3451 consecratae,
2556 3390 2686 3442 tanti
2747 3392 2958 3445 numeri
3000 3408 3386 3449 conversurum

1817 3497 2141 3549 paganorum
2164 3481 2320 3535 fidem
2348 3497 2447 3535 nec
2478 3482 2697 3535 dubiam
2728 3482 2959 3538 ficium.

1888 3574 1978 3626 His
2006 3590 2220 3642 quoque
2250 3573 2533 3626 manifeste
2553 3574 2842 3642 colligitur,
2867 3587 3129 3643 quantum
3164 3578 3389 3647 innptint

1813 3662 2183 3725 Casanbonus,
2235 3662 2357 3715 dum
2396 3662 2598 3715 nullam
2636 3664 2701 3716 ab
2733 3680 2949 3717 causam
2993 3665 3046 3717 in
3077 3666 3386 3735 Aletapiiru-

1816 3763 1952 3807 stem
1970 3754 2229 3807 acerrime
2242 3753 2480 3806 desaevit.
2503 3752 2734 3805 Exercit.
2755 3752 2806 3804 6.
2842 3751 3221 3821 Metaphrastes
3253 3759 3385 3810 scri-

1816 3856 1930 3913 ptor
1959 3847 2146 3913 oppido
2198 3862 2390 3909 recens,
2429 3856 2478 3898 et
2516 3861 2745 3912 μετεωρο
2780 3848 3111 3909 vanissimas,
3143 3866 3388 3919 magnus-

1815 3950 1911 4003 que
1929 3934 2229 4002 tabularum
2273 3934 2496 3986 anilium
2523 3934 2938 3987 consarcinator.
2975 3934 3314 4006 Tantumque
3338 3942 3385 3993 ei

1818 4025 2023 4091 tribuit,
2069 4036 2324 4094 quantum
2368 4026 2415 4078 ei
2471 4026 2637 4090 debet,
2697 4027 2785 4095 qui
2851 4027 3127 4097 diligentia
3177 4032 3387 4097 quidem

1813 4133 2038 4179 summa,
2070 4119 2160 4169 sed
2183 4118 2375 4169 indicio
2400 4116 2541 4169 nullo
2572 4118 2626 4169 in
2677 4134 2738 4170 ea
2788 4118 3086 4173 collectione
3114 4121 3183 4174 sit
3214 4137 3389 4176 versa-

1817 4216 1933 4270 tus;
1963 4224 2124 4277 neque
2171 4208 2324 4260 aliter
2354 4206 2617 4260 Baronius
2659 4208 2891 4275 judicat,
2923 4212 3122 4278 quoties
3161 4212 3383 4265 intendit

1816 4302 2077 4363 animum,
2123 4300 2260 4367 quod
2279 4300 2482 4351 utinam
2510 4315 2711 4365 semper
2747 4302 2968 4368 fecisset.
3007 4299 3091 4354 Ne
3125 4302 3234 4355 alia
3271 4304 3387 4355 loca

1817 4390 1927 4457 ejus
1955 4390 2217 4455 proferam
2268 4388 2319 4439 in
2359 4388 2543 4453 quibus
2580 4387 3024 4456 Metaphrastem,
3068 4400 3124 4443 ut
3163 4393 3386 4444 anilium

1816 4496 1949 4547 sirpe
1975 4480 2275 4549 fabularum
2327 4481 2701 4532 hamaxarium
2727 4496 2898 4534 severe
2930 4484 3173 4551 castigat,
3207 4485 3258 4534 in
3290 4485 3387 4535 hac

186 4571 371 4642 διανομὴ
409 4574 809 4641 παραγίνεται·
865 4574 1033 4643 μικρὰ
1070 4575 1168 4643 μὲν
1202 4572 1582 4640 ὀλιγοπίστοις,
1621 4591 1715 4639 με·
1740 4554 1828 4624 Dl

1743 4554 1793 4613 Ῑ)
1821 4574 1933 4640 ipsa
1972 4572 2188 4623 historia
2238 4586 2338 4622 non
2368 4580 2569 4622 constat
2621 4572 2728 4637 ipse
2756 4572 2876 4634 sibi,
2909 4582 3014 4627 etc.
3074 4574 3385 4627 Modestiant

187 4664 293 4731 τὰλη
325 4665 377 4715 δὲ
414 4667 529 4724 τοῖς
570 4664 781 4733 πολλὴν
832 4665 1043 4732 ἔχουσιν
1092 4666 1149 4716 ἐν
1168 4666 1397 4725 ἑαυτοῖς
1434 4665 1533 4731 τὴν
1562 4664 1720 4734 sitpu-

188 4757 352 4823 χωρέειν
374 4757 471 4823 τῆς
510 4758 782 4817 πίστεως.
822 4755 1067 4825 Plerique
1103 4772 1195 4823 pro
1232 4772 1309 4818 eo,
1342 4766 1593 4824 quantum
1623 4758 1720 4824 ipsi

188 4859 360 4909 possunt
393 4850 613 4917 eﬂicere,
648 4854 866 4901 credunt
905 4865 987 4912 ea,
1021 4863 1137 4917 quae
1166 4848 1429 4911 dicuntur,
1461 4864 1575 4915 qua:
1602 4864 1720 4901 vero

189 4938 409 4991 audientis
431 4946 698 5009 superant
736 4938 894 5001 uires,
928 4947 1181 5005 tanquam
1211 4953 1244 4990 a
1275 4938 1489 4991 ueritate
1523 4946 1719 4991 remota

189 5032 414 5083 mendacii
458 5031 848 5099 suspicionibus
891 5030 1231 5081 insectantur.
1268 5027 1491 5081 Proinde
1517 5030 1718 5081 miran-

188 5121 283 5171 dam
310 5123 451 5175 illam
479 5124 538 5176 in
564 5120 814 5192 penuria,
846 5129 892 5172 et
921 5121 1061 5189 fame
1093 5117 1471 5188 agriculturam
1507 5130 1721 5186 prater-

189 5212 325 5264 uitto.
368 5210 640 5275 Quomodo
692 5212 746 5262 in
792 5227 1080 5279 pauperum
1125 5226 1248 5262 usus
1281 5208 1569 5277 projectum
1605 5210 1718 5277 [ru-

190 5312 400 5369 Ientum,
432 5320 524 5357 nec
558 5306 691 5356 dum
729 5302 1144 5364 distribueretur,
1197 5317 1288 5353 nec
1324 5310 1434 5369 post
1466 5302 1715 5355 imminu-

191 5402 276 5445 ιιιι
292 5397 373 5459 sit,
409 5399 498 5450 sed
535 5397 729 5449 eadem
785 5410 1028 5446 mensura
1078 5410 1389 5461 numeroque
1418 5410 1716 5461 permanse-

191 5484 279 5537 rit:
308 5488 511 5557 aliaque
537 5487 622 5539 his
658 5486 810 5555 longe
837 5486 1003 5555 magis
1042 5485 1379 5547 admiranda,
1422 5486 1715 5539 morborum

190 5578 444 5632 curationes
473 5619 488 5640 ,
543 5578 880 5644 expulsiones
926 5580 1246 5641 demonum,
1293 5585 1340 5628 et
1371 5592 1519 5630 veras
1568 5578 1713 5647 futu-

190 5682 330 5720 rorum
358 5672 727 5735 prtzdictiones
753 5684 769 5721 :
802 5685 915 5736 qum
942 5669 1148 5736 quidem
1189 5669 1363 5720 omnia
1398 5669 1481 5733 iis,
1517 5670 1605 5737 qui
1630 5670 1714 5722 di-

192 5755 367 5829 ligenter
404 5765 774 5829 exploratum,
824 5776 943 5812 vera
979 5773 1085 5811 esse
1126 5766 1343 5821 constat,
1394 5759 1509 5810 licet
1560 5759 1714 5826 ﬁdem

192 5864 395 5915 superare
428 5856 728 5908 rideantur.
779 5866 869 5903 nec
906 5850 1019 5916 ﬁeri
1065 5851 1292 5916 potuisse
1316 5850 1617 5918 iudicentur
1646 5853 1711 5904 ab

467 5947 749 6005 PamOL.
794 5946 886 6004 Ga
956 5942 1169 6005 CXIV.

1823 4672 1991 4727 tuam,
2038 4671 2094 4716 et
2124 4662 2420 4729 pudorcml
2470 4660 2804 4723 Casaubone,
2843 4663 2887 4715 si
2930 4673 3033 4723 est.
3085 4664 3254 4717 Verba
3286 4666 3386 4718 ista

1824 4764 1911 4808 tua
1943 4764 2047 4807 tam
2101 4752 2381 4820 magniﬁca
2416 4752 2616 4805 habeto
2675 4752 2770 4807 tibi
2806 4753 2904 4822 ipsi
2954 4772 2966 4807 :
3022 4769 3092 4807 ne
3127 4756 3387 4825 appingas

1823 4843 2052 4897 Baronio
2078 4842 2328 4911 scriptori
2359 4843 2778 4905 modestissimo,
2813 4853 2867 4897 et
2898 4860 3027 4898 vere
3052 4844 3383 4899 Christiano.

1822 4933 2197 5002 Metaphrastte
2222 4934 2421 4988 dictum
2456 4934 2744 5003 aliquando
2772 4934 3037 4989 Batonius
3062 4952 3165 4990 non
3189 4953 3385 5005 appro-

1820 5026 1983 5087 bavit,
2017 5025 2307 5093 aliquando
2360 5025 2570 5093 rejecit,
2616 5024 2809 5078 ideone
2834 5034 2889 5078 et
2907 5028 3281 5088 vanissimum.
3330 5039 3384 5082 et

1819 5117 2042 5172 anilium
2096 5117 2395 5171 fabularum
2458 5115 2976 5181 consarcinatorem,
3033 5127 3088 5171 et
3127 5120 3382 5173 bamaxa-

1817 5210 1958 5263 rium
1994 5208 2324 5263 declaravit?
2346 5206 2487 5272 Quid
2517 5206 2722 5259 diceret
2736 5209 2803 5261 de
2840 5208 2953 5261 suis
2979 5209 3094 5261 istis
3110 5210 3385 5264 Exercita-

1820 5300 2059 5354 tionibus
2087 5300 2459 5358 Casaubonus,
2495 5297 2550 5351 in
2599 5298 2796 5367 quibus
2825 5314 2933 5352 non
2978 5314 3241 5369 persaepe,
3290 5301 3385 5354 sed

1817 5408 2051 5462 semper,
2085 5401 2140 5445 et
2179 5390 2401 5459 singulis
2432 5389 2642 5459 paginis
2683 5405 2715 5443 a
2745 5389 3072 5444 doctissimis
3106 5392 3384 5458 scriptori-

1816 5486 1938 5550 bus,
1974 5498 2080 5537 non
2107 5482 2355 5536 falsitatis
2383 5490 2615 5544 tantum,
2644 5490 2698 5535 et
2722 5482 3061 5544 temeritatis,
3109 5486 3201 5537 sed
3224 5486 3385 5537 etiam

1816 5575 2164 5645 malignitatis
2208 5572 2585 5627 convincitur?
2625 5572 2697 5627 Ut
2744 5587 2874 5643 ergo
2930 5574 3111 5626 minus
3156 5576 3388 5627 animosi

1815 5669 1983 5722 simus
2036 5667 2091 5718 in
2128 5664 2571 5732 hletapbrastem,
2625 5664 2774 5731 prius
2826 5673 2877 5716 et
2913 5673 3040 5717 ante
3089 5665 3288 5725 omnis,
3332 5678 3392 5719 ut

1814 5775 1976 5828 supra
2011 5757 2141 5819 dixi,
2182 5755 2296 5809 Vita
2332 5756 2501 5808 sancti
2562 5754 2918 5808 examinanda
2966 5766 3068 5814 est.
3110 5771 3177 5809 an
3209 5756 3280 5809 sit
3314 5757 3390 5806 le-

1814 5852 2002 5921 gitima
2040 5848 2439 5917 hletapltrastze,
2469 5862 2535 5901 ne
2567 5846 2793 5901 aliorum
2825 5848 2986 5911 male,
3022 5846 3381 5903 tnconstdera~

3036 5942 3077 5999 2
