4158 6472
175 441 229 504 is
765 435 859 493 DE
902 434 1247 492 Stilill’TlS
1283 431 1658 491 SYMEONlS
1709 428 2286 488 ME'I‘.\l'llli.\,ST.E
2329 427 2712 486 DIA'l‘ltlBA.
3302 424 3372 486 45

170 554 259 604 suis
307 564 320 600 :
361 547 432 616 [ui
482 553 654 595 autem
688 584 700 604 ,

172 643 303 694 Leone
329 638 485 688 beata’
507 633 771 686 memoria:
795 649 853 684 eo
877 632 1082 693 missus,
1119 629 1308 692 Leone,
1336 630 1387 680 in
1414 645 1593 698 quam,
1613 628 1702 680 illo

171 746 262 782 rere
299 729 560 796 fortunato
618 725 954 790 imperatore,
995 723 1084 788 qui
1133 722 1300 788 ipsam
1352 719 1704 772 Romanorum

171 821 424 889 felicitatem
447 831 622 869 secum
663 815 867 866 ridetur
901 815 956 865 in
977 813 1274 881 sepulcrum
1299 810 1556 864 intulisse.
1584 811 1704 864 Mit-

172 915 290 964 τείνειν
303 919 470 960 autem
483 923 587 960 una
611 906 848 959 militans
879 920 995 956 cum
1025 904 1319 956 clarissimo
1342 903 1432 955 illo
1450 901 1706 965 Himerio,

173 1009 315 1068 utpote
329 997 543 1051 ducendi
577 997 836 1048 exercitus
859 995 1197 1060 peritissimo,
1236 994 1417 1047 Dromi
1444 995 1705 1062 prcefecto,

172 1094 238 1161 qui
258 1102 296 1142 et
314 1090 556 1141 universae
580 1087 734 1138 classi
766 1084 1082 1154 imperabat,
1102 1095 1216 1148 aut,
1243 1095 1296 1137 ut
1325 1085 1492 1137 verius
1515 1085 1708 1149 dicam,

173 1185 270 1250 ipsis
282 1179 430 1232 animi
445 1177 967 1246 perturbationibus;
987 1178 1077 1228 scil
1110 1192 1171 1227 nc
1206 1176 1383 1228 multis
1399 1178 1710 1244 offerendam

174 1276 375 1325 laudibus
393 1272 534 1323 illius
557 1270 805 1339 peritiam
831 1268 947 1321 belli
1123 1268 1534 1320 administrandi
1554 1269 1712 1321 obiter

174 1366 411 1432 attingens,
437 1362 667 1429 leeiejus
708 1363 848 1429 facta
887 1363 1167 1420 mentione,
1215 1362 1433 1414 dedecus
1465 1365 1511 1415 ei
1547 1363 1713 1432 potius

177 1456 322 1506 tidear
355 1453 619 1515 inussisse,
663 1451 735 1504 ad
767 1453 1084 1520 propositam
1128 1452 1326 1504 interea
1357 1453 1716 1505 narrationem

176 1551 313 1603 redeo,
350 1547 408 1596 de
472 1560 532 1596 eo
571 1544 914 1611 opportunius
960 1544 1196 1594 dicturus
1271 1542 1428 1595 alias.
1473 1541 1719 1595 Mittebar

175 1635 302 1700 igitur
321 1633 506 1698 partim
527 1646 715 1682 cumeo
740 1629 991 1693 militans,
1021 1640 1069 1682 et
1095 1630 1164 1681 ad
1196 1630 1548 1696 imperatoria:
1587 1632 1718 1683 artis

175 1724 494 1774 documentum
513 1719 734 1788 aliquod
765 1721 1161 1787 promovendus,
1196 1728 1250 1771 ut
1283 1719 1502 1788 equnlus
1535 1722 1716 1783 matri,

175 1815 226 1864 ad
256 1813 494 1878 praeclara
566 1811 680 1879 ejus
719 1819 1104 1880 stratagemata
1165 1810 1407 1865 assiliens
1437 1811 1538 1879 :_id
1583 1814 1720 1866 enim

761 559 883 593 nam
923 543 977 592 in
1039 538 1252 593 Cretam
1303 539 1614 606 navigabant
1681 555 1710 587 a
1745 545 1784 598 Α
1821 535 2027 589 Partim
2057 537 2126 587 ad
2173 535 2372 586 Arabas
2405 532 2616 586 Cretam
2662 534 2945 586 obtinentes
2999 533 3252 601 legatione
3275 537 3367 604 {an

1809 642 1977 694 gerer.
2003 625 2078 676 Nc
2115 625 2201 678 hic
2228 624 2482 684 referam,
2513 637 2632 690 qui:
2665 620 2814 676 Plato
2852 623 2921 675 lih
2985 637 3060 677 xu
3094 624 3166 677 De
3183 625 3392 694 legibus

1808 715 2019 778 statuit,
2053 714 2286 782 majores
2319 713 2490 765 'annis
2543 713 2933 781 quinquaginta
2985 713 3050 767 ad
3112 713 3386 782 publicum

1811 820 2012 859 munus
2042 819 2266 873 peregre
2297 804 2432 858 mitti
2471 822 2485 858 :
2520 804 2752 872 ideoque
2785 802 3039 872 πρέσϐεις
3061 805 3189 865 dici.
3221 823 3388 866 senes,

1813 905 1941 948 nam
1993 894 2321 964 grandiores,
2370 904 2524 948 a’tate
2561 904 2824 963 prouecta.
2872 895 2941 949 Et
2990 896 3134 964 quod
3184 897 3394 953 Plinius

1813 986 2101 1053 scripserat
2158 987 2222 1039 ad
2255 985 2567 1054 Trajanum.
2620 983 2847 1038 Cautum
2906 994 2998 1048 est,
3067 984 3296 1047 domine,
3334 1004 3394 1039 ne

1814 1081 1927 1148 quis
1976 1081 2152 1146 capiat
2207 1081 2607 1150 magistrorum,
2659 1095 2780 1131 neve
2803 1079 2867 1130 sit
2923 1081 2975 1130 in
3007 1088 3199 1131 senatu
3224 1079 3395 1130 minor

1817 1185 2072 1221 annorum
2113 1172 2349 1239 triginta.
2383 1170 2524 1222 Ante
2550 1168 2696 1222 enim
2729 1168 2872 1222 illam
2905 1178 3119 1223 aetatem
3149 1170 3396 1224 homines

1817 1274 1992 1326 neque
2026 1258 2143 1329 [5|]
2167 1275 2356 1332 rerum
2387 1259 2748 1329 gerendarum
2782 1274 2904 1323 usu,
2951 1275 3127 1328 neque
3157 1261 3394 1315 auctori-

1822 1360 1928 1404 tate
1960 1350 2101 1419 apud
2147 1365 2262 1412 cos,
2292 1351 2488 1419 quibus
2528 1350 2856 1419 persuadere
2880 1363 3171 1415 conantur,
3221 1354 3398 1406 excel-

1821 1442 1973 1494 lunt:
2013 1442 2126 1494 imo
2169 1441 2310 1494 dolis
2359 1441 2520 1495 etiam
2559 1441 2702 1495 haud
2761 1440 3050 1496 diliiculter
3083 1443 3392 1511 capiuntur,

1821 1531 1962 1599 quod
1994 1529 2060 1585 de
2091 1530 2193 1584 illis
2228 1531 2539 1585 enuntiarat
2563 1530 2727 1585 Arist.
2760 1531 2854 1585 lib.
2885 1547 2921 1585 ιι
2955 1531 3392 1587 Rhetoricorum.

1893 1623 2042 1676 Addo
2087 1623 2249 1676 verba
2316 1622 2528 1692 Synesii
2585 1624 2652 1677 de
2709 1621 2896 1692 [ἰοειιο
2939 1625 3004 1678 ad
3041 1625 3330 1678 Arcadium
3378 1644 3392 1679 :

1836 1714 2078 1783 ’ἰσχυρὸν
2112 1713 2220 1783 γὰρ
2247 1717 2280 1783 ἡ
2327 1715 2516 1782 νεότης
2551 1713 2636 1782 ἐφ’
2666 1714 2900 1786 ἑκάτερα
2931 1718 3095 1786 ῥοπῇ,
3129 1717 3317 1787 ὥσπερ
3348 1720 3397 1769 οἱ

1828 1806 2063 1873 ποταμοὶ
2092 1807 2212 1868 ταῖς
2235 1805 2506 1868 δοθείσαις
2535 1806 2670 1858 ὁδῶν
2695 1807 2966 1876 ἀςορμαῖς
2991 1809 3397 1878 ἀπληστότερον

175 1907 394 1973 ρι-ωεξρηε
430 1905 699 1973 Augustus
753 1904 1056 1970 spectabat;
1094 1905 1290 1972 paru'm
1317 1913 1370 1958 ut
1419 1907 1486 1957 ad
1519 1905 1722 1959 Arabas
1757 1873 1793 1924 Β
1824 1893 2225 1965 ἐπεξέρχονται.
2298 1895 2570 1948 Vehemens
2635 1904 2706 1947 ρει
2782 1896 3003 1963 impetus
3063 1898 3284 1951 iuventte
3345 1899 3398 1950 in

176 1996 648 2049 Cretamrobtinentes
681 1993 944 2064 legatione
977 1996 1244 2063 fungerer.

230 2088 429 2140 Planum
463 2096 572 2150 est,
600 2086 729 2140 dum
771 2086 887 2139 haec
917 2097 1273 2156 componeret
1326 2083 1721 2156 Metaphrastes

177 2181 374 2235 Leonem
401 2180 785 2248 imperatorem
810 2178 918 2232 vita
940 2177 1259 2232 defunctum
1307 2176 1494 2242 fuisse,
1523 2191 1631 2230 non
1655 2191 1718 2230 ex

175 2274 361 2327 t'erbulo
386 2283 618 2337 tantum,
647 2270 754 2323 Τοῦ
788 2270 1116 2341 μακαρίτου,
1154 2269 1248 2324 sed
1283 2270 1426 2339 quod
1456 2269 1508 2324 id
1563 2284 1722 2338 aper-

175 2366 363 2420 tissimis
417 2365 599 2419 verbis
671 2363 1026 2426 enuntietur,
1088 2360 1354 2424 Λέοντος,
1409 2361 1584 2430 φημὶ,
1625 2359 1719 2413 τοῦ

175 2457 394 2526 εὐτυχοῦς
419 2458 589 2518 ὅντως
646 2454 931 2524 βασιλέως,
983 2453 1076 2506 καὶ
1129 2453 1229 2523 τὴν
1287 2453 1542 2522 εὐτυχίαν
1584 2451 1721 2505 Ῥω-

178 2551 320 2617 μαίων
357 2550 430 2619 τῷ
472 2549 632 2619 τάφῳ
674 2547 1077 2614 ἁναθάψαντος.
1113 2547 1303 2610 Leone,
1360 2546 1598 2616 inquam,
1628 2545 1719 2598 illo

176 2659 267 2694 rere
310 2643 572 2710 fortunato
624 2643 960 2708 imperatore,
1021 2640 1110 2710 qui
1160 2639 1332 2706 ipsam
1365 2637 1720 2691 Romanorum

177 2733 439 2797 felicitatem
464 2751 647 2787 secum
677 2734 880 2787 videtur
903 2733 956 2784 in
986 2731 1283 2800 sepulcrum
1316 2730 1574 2783 intulisse.
1608 2729 1719 2783 Risi

177 2819 358 2886 supius,
391 2819 574 2873 uthoc
635 2834 853 2890 quoque
910 2818 999 2872 hic
1020 2819 1216 2882 obiter,
1255 2817 1356 2872 etsi
1411 2833 1518 2872 non
1569 2828 1719 2870 cxtra

177 2907 417 2959 lttulﬂiam
449 2908 770 2972 observem,
799 2907 1082 2962 ridiculam
1114 2905 1448 2961 Geuebrardi
1479 2906 1719 2961 inChro-

177 3000 271 3050 ait.)
286 3014 418 3052 anno
449 3009 580 3054 ante
609 2998 888 3054 Christum
923 2999 1028 3053 965
1065 2999 1594 3068 interpretationem,
1649 3000 1718 3071 lui

175 3097 354 3143 urtens
415 3090 501 3144 illa
592 3092 774 3145 Suidze
867 3091 934 3146 de
1006 3091 1274 3161 Symeone
1333 3091 1718 3162 Metaphraste,

1825 1997 2104 2057 utramque
2134 1996 2358 2056 partem,
2393 2003 2491 2040 non
2521 1987 2678 2040 aliter
2706 2003 2767 2040 ac
2795 2003 2996 2051 amnes,
3028 2005 3130 2057 qua
3154 1991 3238 2042 via
3269 1990 3397 2042 datr.

1825 2089 1919 2141 est,
1941 2078 2298 2146 eruptionibus
2333 2077 2458 2130 illuc
2492 2087 2774 2130 excurrunt
2805 2079 3032 2132 avidius.
3057 2079 3290 2134 Lubrica
3315 2091 3401 2134 est

1824 2170 2066 2225 moribus
2111 2179 2262 2225 artas.
2314 2169 2425 2226 imo
2463 2171 2507 2226 si
2541 2187 2728 2227 rerum
2784 2181 2888 2237 est,
2932 2172 3077 2243 quod
3127 2189 3229 2227 nos
3267 2189 3365 2228 con

1823 2263 2031 2332 jectura
2062 2278 2167 2316 non
2209 2263 2310 2317 levi
2338 2264 2480 2318 ducti
2517 2265 2882 2329 asscruimus;
2925 2279 3102 2337 neque
3139 2280 3256 2322 eam
3299 2265 3396 2322 itu--

1827 2355 2074 2424 probavit
2125 2355 2433 2422 Bollandus,
2469 2356 2792 2427 Symeonem
2824 2373 2854 2412 a
2894 2361 3117 2414 secretis
3151 2361 3250 2414 sub
3299 2361 3401 2414 hm

1825 2448 2026 2512 Leone,
2070 2447 2161 2519 qui
2203 2465 2395 2504 aurum
2435 2465 2466 2503 a
2502 2450 2881 2520 Rhodophyllo
2925 2452 3174 2506 relictum
3230 2452 3398 2507 Lconi

1824 2540 2099 2610 Tripolim:
2146 2542 2335 2595 infami
2379 2551 2642 2611 apostattn
2693 2543 2986 2604 obtulerat,
3042 2554 3100 2597 ut
3157 2560 3280 2599 cum
3335 2545 3402 2596 alt

1824 2633 2037 2687 excidio
2067 2631 2542 2690 Thessalonicensi
2583 2645 2873 2699 averteret,
2910 2635 3143 2704 ideoque
3176 2636 3403 2707 dignita-

1821 2725 1968 2779 tibus
2026 2735 2245 2779 auctum
2303 2726 2369 2778 ah
2431 2725 2777 2795 imperatore,
2823 2743 2933 2780 non
2991 2729 3156 2782 alium
3208 2727 3399 2792 fuisse,

1824 2833 1982 2887 quam
2021 2817 2345 2888 Symeonem
2395 2819 2539 2873 hunc
2577 2819 3023 2890 Mctaphrastem,
3064 2821 3174 2891 jam
3231 2821 3401 2875 habe-

1823 2924 1945 2962 mus
1980 2909 2306 2972 certissime,
2363 2907 2684 2978 Symeoncm
2725 2925 2790 2965 eo
2822 2919 3087 2980 tempore,
3119 2927 3226 2982 quo
3270 2911 3402 2966 Cre-

1825 3011 1934 3056 tam
1996 3001 2354 3072 adnavigabat
2433 3012 2591 3056 πείθεο
2649 3003 2871 3071 plenum
2932 3003 3131 3066 fuisse,
3189 3012 3401 3058 tantum

1824 3093 1999 3157 abest,
2029 3102 2088 3147 ut
2124 3093 2280 3146 valde.
2329 3092 2766 3146 adolescentulus
2813 3101 2980 3156 esset,
3031 3104 3087 3146 et
3133 3092 3276 3146 infra
3320 3095 3401 3145 vi-

183 3181 251 3230 Ἐν
278 3186 332 3247 τῇ
364 3182 453 3234 τοῦ
487 3184 797 3252 μακαρίτου
824 3183 1120 3251 Λογοίὶὲτου
1149 3184 1508 3254 μεταφράσει,
1551 3186 1606 3254 ..ᾗ
1638 3187 1718 3248 είς
1747 3203 1789 3263 C
1824 3224 1825 3246 1

1761 3185 1956 3263 Cginti
2019 3194 2131 3239 tres
2195 3199 2368 3237 annos
2434 3193 2650 3238 aetatem
2709 3191 3047 3238 numeraret.
3117 3181 3403 3252 Expeditio

176 3271 220 3319 τὸ
253 3273 533 3342 μαρτύριον
563 3274 659 3326 τοῦ
697 3275 852 3341 ἁγίου
888 3273 1210 3339 Λουκιανοῦ,
1263 3275 1334 3328 ita
1393 3277 1716 3330 enuntiavit.

173 3362 300 3413 nobis
339 3367 623 3416 assentitnr
665 3365 949 3418 Macaritus
981 3365 1281 3435 Logotltetes
1314 3367 1364 3418 in
1411 3366 1499 3419 lib.
1558 3367 1719 3420 Meta-

173 3455 362 3515 phrasis,
394 3454 468 3506 Itis
492 3455 660 3507 verbis
694 3472 706 3506 :
735 3469 858 3506 cum
890 3454 1185 3518 debuisset,
1236 3455 1379 3508 nobis
1437 3457 1720 3510 assentitur

174 3543 319 3597 beatus
366 3545 676 3616 LOgOl/lela,
736 3546 1130 3617 Metaphrastes
1184 3549 1417 3614 scilicet,
1455 3551 1509 3601 in
1553 3549 1718 3603 Meta-

173 3637 334 3699 pltrttsl,
365 3637 462 3691 hoc
491 3648 599 3700 est,
635 3640 689 3691 in
718 3637 858 3704 Vita,
891 3649 944 3692 et
969 3639 1226 3709 Martyrio
1270 3642 1441 3693 sancti
1473 3641 1714 3693 Luciani.

173 3721 230 3775 ;\'c
263 3743 446 3781 novum
476 3729 628 3782 hunc
672 3739 950 3782 auctorem
988 3729 1302 3784 Macaritum
1335 3730 1714 3800 Loguthetam,

172 3831 247 3883 per
282 3817 696 3886 imprudentiam
755 3819 1043 3873 conﬂctum
1088 3819 1142 3873 in
1196 3821 1519 3889 antiquitate
1567 3838 1717 3892 quae-

173 3920 267 3958 rere
301 3909 499 3963 insulse
531 3925 815 3979 cogamur.
851 3909 987 3963 Tum
1020 3921 1136 3964 erat
1167 3912 1316 3965 valde
1354 3914 1717 3970 adolescentu-

172 4000 251 4058 lus,
281 3997 378 4059 vel,
421 4015 521 4051 non
549 4009 667 4052 erat
701 4000 985 4052 admodum
1039 4009 1167 4052 natu
1198 4011 1466 4066 provectus
1501 4020 1517 4055 :
1560 4005 1715 4073 fuerit

172 4095 267 4138 tunc
292 4090 488 4158 viginti,
511 4100 606 4142 aut
639 4091 826 4158 viginti
854 4091 1075 4142 duorum
1116 4107 1395 4144 annorum.
1430 4092 1543 4147 Hoc
1589 4110 1717 4150 vero

171 4190 256 4228 non
285 4181 557 4245 probatur.
581 4177 839 4242 Quinimo
867 4180 907 4233 si
931 4195 1036 4244 res,
1062 4180 1129 4233 de
1155 4196 1260 4250 qua
1300 4182 1428 4252 agit,
1455 4187 1717 4240 attentius

170 4269 526 4333 consideretur,
576 4270 748 4323 multo
793 4271 1004 4324 videtur
1041 4281 1169 4324 natu
1215 4273 1486 4343 grandior,
1512 4285 1567 4329 et
1600 4257 1714 4330 me;

170 4358 281 4412 diam
301 4361 530 4416 hominis
551 4371 770 4415 atatem
798 4361 1114 4416 decurrens.
1151 4365 1238 4417 Ait
1267 4363 1334 4417 de
1365 4380 1423 4418 se
1442 4365 1494 4419 in
1526 4369 1712 4422 eadem

170 4447 292 4503 Vita:
324 4452 456 4519 Ἐγὼ
483 4453 538 4505 δὲ
573 4454 994 4523 περιεργότερος
1019 4452 1114 4517 ὢν,
1147 4455 1241 4506 καὶ
1273 4457 1509 4508 συνιέναι
1543 4457 1712 4521 δεινὸς

1823 3277 1967 3331 enim
2028 3275 2252 3330 liimerii
2305 3275 2522 3345 ponitur
2568 3291 2714 3329 anno
2764 3275 2966 3330 Christi
3029 3276 3153 3330 902.
3207 3276 3404 3329 Leonis

1825 3369 2035 3439 imperii
2104 3384 2248 3420 anno
2311 3368 2525 3420 decimo
2578 3368 2842 3437 septimo,
2902 3367 3298 3438 Rhodophylli,
3349 3379 3402 3420 et

1824 3460 2107 3531 Symconis
2137 3477 2259 3516 cum
2293 3460 2556 3528 'l‘ripolita
2600 3458 2779 3513 Leone
2809 3468 2963 3528 pacta
3011 3474 3155 3512 anno
3195 3459 3397 3514 Christi

1822 3553 1945 3617 904,
1977 3569 2006 3606 a
2051 3551 2259 3606 Joanne
2315 3552 2619 3606 Caminiata
2675 3551 2820 3605 illius
2867 3553 2966 3605 teri
3021 3552 3306 3620 scriptore,
3348 3565 3404 3601 Η.

1821 3647 1910 3714 qui
1962 3646 2122 3699 rebus
2175 3646 2384 3711 aderat,
2453 3653 2813 3698 recensentur
2871 3644 3008 3696 libro
3065 3645 3130 3697 de
3191 3645 3401 3697 excidio

1822 3737 2318 3798 Thessalonicensi,
2340 3736 2393 3788 in
2417 3750 2524 3804 quo
2552 3735 2875 3804 Symconem
2908 3735 3055 3788 hunc
3086 3744 3245 3788 aetate
3277 3752 3396 3803 pm-

1823 3835 2038 3880 vectum
2099 3835 2278 3886 vocat,
2331 3825 2534 3894 ’Ἄνδρα
2562 3825 2818 3894 φρονήσει
2868 3824 3154 3894 βεϐηκότα,
3213 3835 3267 3878 et
3313 3825 3400 3876 613':

1823 3915 2016 3982 πείρας
2064 3914 2190 3967 ὄντα
2238 3914 2446 3966 πολλῶν
2501 3915 2860 3984 πραγμάτων.
2905 3914 3077 3967 Virum
3119 3917 3394 3980 prudentia

1821 4015 2140 4072 provectum,
2179 4014 2224 4057 et
2255 4005 2541 4057 multarum
2581 4019 2752 4056 rerum
2783 4005 3100 4072 experientia
3138 4005 3397 4057 munitum

1822 4107 1998 4164 pectus
2056 4107 2336 4166 gerentem.
2380 4097 2458 4149 An
2491 4097 2719 4148 duorum
2757 4111 3022 4148 annorum
3050 4097 3392 4149 intervallum

1823 4199 2031 4241 tantum
2077 4187 2375 4248 hominem,
2414 4196 2466 4240 ct
2501 4187 2822 4255 prudentiae,
2863 4195 2918 4240 et
2959 4187 3135 4240 aetatis
3188 4188 3242 4240 in
3287 4187 3394 4240 alio

1820 4289 1982 4349 atque
2011 4282 2114 4333 alio
2145 4291 2285 4333 statu
2319 4279 2687 4343 eollocaverit,
2711 4287 2764 4333 et
2791 4287 2992 4332 tantam
3023 4294 3202 4332 rerum
3227 4293 3392 4348 cxpe-

1822 4371 2074 4424 rientiam
2105 4370 2421 4425 acererorit.
2450 4379 2506 4421 ut
2537 4368 2911 4421 adolescentes
2941 4367 2995 4420 iu
3019 4367 3164 4421 viros
3196 4367 3394 4422 immu-

1821 4472 1914 4521 tet,
1949 4477 2002 4515 et
2039 4462 2218 4516 minus
2255 4460 2548 4528 prudentes
2593 4460 2658 4513 ad
2711 4459 3010 4528 prudentia:
3055 4459 3274 4512 ultimos
3322 4459 3388 4512 li~

168 4536 266 4607 ἦθος
289 4545 490 4614 ἀνδρός.
523 4544 640 4615 Ego
665 4562 780 4598 cum
804 4547 1252 4610 essemcuriosior,
1295 4559 1342 4602 et
1366 4551 1495 4602 satis
1527 4551 1708 4618 solers,
1746 4537 1787 4589 θ
1819 4557 1978 4609 miles
2020 4556 2223 4624 ponat?
2262 4554 2530 4618 Quoniam
2578 4567 2704 4604 vero
2747 4551 2966 4621 Legatio
3017 4551 3117 4604 ista
3157 4551 3383 4604 lthodo-

168 4648 213 4682 ac
241 4651 391 4703 sagax.
416 4651 588 4688 mores
643 4635 911 4687 hominum
938 4636 1278 4704 percipiendi.
1326 4637 1394 4691 At
1433 4639 1706 4694 solertiam

167 4726 585 4794 S'igaeitalcmque
617 4725 980 4788 consimilem,
1014 4735 1069 4780 et
1100 4727 1258 4797 longo
1311 4731 1704 4798 cuperimento,

166 4827 202 4864 et
225 4826 364 4870 a-tate
397 4807 662 4885 provecta
691 4817 1094 4886 consequimur.
1137 4817 1203 4871 Et
1232 4820 1449 4888 quidem
1483 4823 1534 4875 in
1566 4822 1708 4877 deri-

167 4905 309 4958 dteulo
338 4918 500 4968 esset,
546 4911 592 4962 si
635 4909 760 4977 quis
802 4909 852 4962 in
890 4910 1118 4978 juvenili
1158 4920 1316 4966 aelate
1357 4913 1549 4966 similia
1587 4931 1710 4982 νιος

168 4996 387 5054 iizerctur.
423 5001 560 5067 Quis
611 5009 872 5070 praeterea
919 5001 1320 5057 adolescentem
1375 5019 1497 5058 cum
1561 5015 1708 5060 tanto

167 5088 272 5140 «iure.
296 5091 444 5142 simul
486 5089 1018 5156 militantemiQuis
1067 5091 1367 5147 itnberbem
1438 5102 1706 5158 oratorem

167 5178 213 5229 ad
241 5179 414 5249 Reges,
468 5192 523 5236 ct
581 5181 926 5250 potissimum
995 5181 1288 5238 Barbarum
1336 5186 1565 5252 miserit,
1617 5189 1706 5258 qui

167 5273 467 5336 veneranda,
502 5273 880 5340 barbataque,
937 5283 996 5328 ut
1055 5275 1128 5328 ita
1177 5274 1375 5339 dicam,
1425 5275 1617 5339 forma,
1656 5277 1706 5331 in

169 5378 247 5428 qua
308 5367 533 5420 credunt
591 5365 939 5435 sapientiam,
998 5366 1364 5436 prudentiam,
1439 5367 1708 5437 fidemque

171 5453 315 5509 inesse
339 5458 504 5528 magis
536 5457 854 5520 ﬂectuntur,
880 5473 1042 5526 quam
1077 5458 1302 5512 imberbi
1328 5473 1391 5512 ac
1422 5459 1598 5528 depile
1632 5458 1709 5512 fa-

169 5545 408 5616 cic,eujus
458 5550 516 5602 in
563 5549 890 5618 peragendis
935 5549 1170 5618 negotiis
1213 5551 1412 5604 nullam
1447 5551 1705 5604 rationem

171 5634 355 5695 habent.
405 5639 468 5694 Et
513 5640 910 5709 Metaphrastes
961 5649 1073 5693 tum
1111 5640 1452 5704 mittclatur,
1493 5641 1707 5694 Cretam

170 5724 425 5781 alArabcs
456 5728 622 5799 legati
678 5744 876 5782 munus
928 5728 1118 5781 obiens
1173 5747 1185 5780 :
1233 5729 1402 5780 Τοῦτο
1469 5729 1525 5781 δὲ
1575 5746 1709 5799 πρε-

175 5815 451 5886 εεελόμενος
483 5822 626 5890 πρὸς
654 5823 776 5884 τοὺς
801 5821 900 5889 τὴν
936 5821 976 5872 Κ
991 5823 1159 5890 ρήτην
1186 5823 1404 5890 ἔχοντας
1437 5823 1499 5872 "A
1515 5821 1704 5891 pa6:;.

1820 4645 2005 4714 phylli,
2048 4654 2099 4697 et
2129 4645 2411 4714 Symoonis
2468 4659 2574 4696 non
2625 4644 2696 4695 ila
2745 4642 2904 4695 obvia
2949 4651 3052 4704 est,
3097 4651 3150 4695 et
3203 4642 3389 4710 jejuno

1821 4736 2108 4787 admodum
2143 4751 2170 4786 a
2200 4735 2446 4787 Cedrcno
2476 4743 2744 4797 narratur,
2779 4733 2882 4785 erit
2922 4747 3102 4800 operae
3133 4734 3390 4802 pretium.

1817 4826 1858 4877 si
1887 4842 1912 4877 ξι
1932 4823 2138 4877 Joanne
2157 4822 2476 4881 Cominium,
2501 4831 2720 4874 auctore
2739 4835 2845 4874 non
2870 4821 2941 4875 ita
2961 4829 3090 4875 noto
3107 4821 3390 4875 audiatur:

1816 4911 1922 4967 'Hv
1952 4914 2005 4966 δέ
2033 4931 2112 4975 τις
2139 4917 2273 4980 μετὰ
2296 4913 2388 4964 τοῦ
2419 4911 2603 4963 λοιποῦ
2627 4911 2865 4978 πλήθους
2894 4911 3000 4962 τῶν
3026 4909 3388 4979 αἰχμαλώτων

1820 5005 2140 5074 συλληφθεὶς
2176 5002 2426 5070 εὐνοῦχος
2478 5001 2571 5053 τοῦ
2607 5002 2888 5068 βασιλέως,
2929 5002 3023 5052 καὶ
3050 5000 3158 5052 τῶν
3190 5001 3390 5068 ὲξόχων

1819 5093 1899 5158 εἷς
1945 5093 2298 5161 Ῥοδοιρύλλης
2356 5093 2496 5143 οὕτω
2550 5089 2905 5159 καλούμενος,
2953 5091 3010 5152 ὃς
3075 5091 3230 5158 ἔτυχε
3285 5091 3390 5158 πρὸ

1825 5185 2019 5254 μικροῦ
2048 5183 2140 5235 τοῦ
2164 5182 2408 5236 κινδύνου
2431 5180 2527 5247 τὴν
2560 5181 2650 5230 ἐπὶ
2679 5179 2830 5230 δύσιν
2851 5177 3061 5239 σταλείς
3085 5196 3096 5206 ·
3121 5178 3210 5230 καί
3230 5195 3391 5232 τινων

1823 5277 2023 5348 χρειῶν
2057 5276 2243 5327 ’ἐνεκεν
2276 5274 2410 5343 πρὸς
2453 5274 2517 5340 τῇ
2569 5273 2721 5323 πόλει
2755 5271 3041 5338 γενόμενος
3078 5271 3197 5340 μεθ’
3233 5270 3389 5340 ἡμῶν

1820 5367 2263 5434 συγκλεισθῆναι,
2283 5365 2500 5416 καὶτῶν
2525 5363 2798 5431 ῥηθέντων
2818 5362 3059 5430 ἀνιαρῶν
3075 5364 3383 5430 μετασχεῖν.

1824 5458 1918 5519 Ὃς
1948 5459 2040 5510 καὶ
2076 5455 2300 5523 ἐκόμιζε
2349 5452 2465 5521 μεθ’
2511 5451 2698 5504 ἑαυτοῦ
2732 5450 2933 5518 πλῆθος
2976 5450 3223 5520 χρυσίου,
3252 5451 3387 5517 ὅπερ

1819 5548 2003 5613 ἔλεγεν
2044 5546 2281 5610 ἀπάγειν
2331 5542 2653 5609 ἐπικουρίας
2701 5541 2846 5604 τινὸς
2892 5541 3053 5610 χάριν
3100 5540 3196 5592 τοῦ
3249 5543 3391 5594 κατὰ

1820 5637 2065 5690 Σικελίαν
2116 5635 2348 5704 στρατοῦ
2405 5634 2850 5702 συμπλεκομένου
2907 5635 3020 5694 τοῖς
3087 5633 3228 5684 κατὰ
3291 5639 3389 5699 τὴν

1835 5726 2096 5796 Ἀφρικὴν
2137 5725 2440 5795 Βαρὸἁριις
2486 5724 2597 5787 ἀεὶ,
2642 5725 2734 5776 καὶ
2771 5723 2968 5792 πολλῆς
3001 5722 3252 5789 δεομένου
3291 5723 3390 5788 τῆς

1821 5821 1876 5871 ἐν
1931 5822 2040 5881 τοῖς
2097 5818 2383 5886 πράγμασι
2437 5815 2772 5884 συνεργείας.
2813 5808 2976 5877 Οὗτος
2999 5809 3089 5866 οὖν
3123 5813 3262 5866 κατὰ
3289 5811 3388 5881 τὴν
