4158 6472
212 436 262 496 (Ἰ
805 429 902 488 DE
944 430 1288 489 SCRIPTIS
1333 428 1472 488 SYM
1489 427 1629 485 ΕΘΝ
1646 428 1710 484 IS

1842 423 2328 486 I'I'.-\PlIR.\i-3T.E
2371 428 2768 489 DIATRIBA.
3345 434 3414 496 50

210 552 258 603 ἐκ
282 543 396 599 Θεοῦ
428 545 619 609 μισθὸς
673 543 956 610 πολεμίοις
987 544 1244 610 ἀνδράσιν
1276 545 1332 594 ἐν
1373 543 1548 610 καιρῷ
1583 541 1740 608 νίκης

1845 543 2122 610 πυρκαϊᾶς
2171 543 2520 598 διεσώσαντο.
2564 547 2972 602 Advenientibus
3021 553 3290 605 nonnullis
3335 557 3423 620 qui

210 643 278 690 τὶν
309 635 522 688 θάνατον
561 636 892 700 συγχωρεῖν,
927 633 984 684 ὃν
1012 634 1166 685 αὐτοὶ
1197 633 1395 701 μᾶλλον
1428 634 1737 686 ἐτέκταινον

209 728 299 780 καθ’
323 726 502 794 ήμι7›ν;
541 725 690 776 Ἀλλ’
723 724 913 793 ἐπειδὴ
943 724 1102 792 χρεία
1126 741 1209 784 τις
1250 725 1481 789 ἐπείγει,
1517 724 1638 776 καθ’
1671 725 1737 794 ἦν

207 826 321 874 ἐστιν
369 820 677 882 ἐπάναγκες
733 815 1020 884 ζωωθῆναι
1071 817 1312 878 τούτους,
1348 818 1503 885 εἴπερ
1550 817 1734 869 αἰτίου

207 913 327 978 τύχοι
352 909 433 977 τού
469 911 728 978 πέρατος,
776 910 902 977 περὶ
933 908 1124 960 τούτου
1161 909 1282 961 καθ’
1317 909 1541 971 ἑαυτοὺς
1582 908 1738 976 ὑμεῖς

209 1003 434 1071 σιένζιασθε
454 1019 467 1032 ·
504 1002 796 1071 ἐπείγομαι
820 1002 928 1070 γὰρ
953 1001 1052 1070 ἤδη
1083 1001 1176 1053 τοῦ
1201 1000 1394 1068 καιροῦ
1421 1017 1486 1070 με
1513 999 1738 1052 καλοῦν-

206 1115 272 1159 τος
293 1097 408 1163 πρὸς
436 1095 537 1163 τὴν
581 1095 714 1146 ἰδίαν
762 1093 1026 1146 ἀποπλεῖν
1077 1094 1331 1164 πατρίδα.
1368 1094 1605 1146 Δύνασθε
1645 1095 1736 1146 οὖν

205 1186 587 1256 ἀντιποιηθῆναι
607 1187 816 1237 τούτοιν
849 1186 1018 1237 εντων
1049 1185 1337 1238 διακοσίων
1364 1186 1453 1238 τὸν
1481 1185 1732 1255 ἀριθμὸν,

205 1283 254 1333 δι’
280 1283 542 1348 ἐγγράφου
570 1279 796 1346 ἐγγύης.
833 1277 905 1338 ὡς
938 1278 1121 1329 λαϐεῖν
1149 1279 1293 1346 ἡμᾶς
1324 1279 1438 1331 ἀντ’
1471 1276 1650 1329 αὐτῶν
1681 1278 1737 1329 ἐν

205 1374 262 1441 τῷ
288 1371 448 1438 καιρῷ
477 1372 580 1438 τῆς
619 1369 969 1436 καταλλαγῆς
1013 1371 1334 1439 ἰσαρίθμους
1382 1371 1734 1439 Ἀγαρηνοδς.

205 1465 355 1516 mini
385 1480 436 1514 τε
466 1464 555 1513 τὸν
577 1461 884 1533 κρατοῦντα
907 1462 1014 1514 τῶν
1051 1463 1336 1530 Ῥωμαίων
1359 1463 1426 1514 τὰ
1456 1465 1729 1532 σκῆπτρα,

206 1557 435 1624 piam-21v
468 1555 600 1623 περὶ
639 1555 830 1606 τούτου
865 1553 1196 1622 ἀμφιϐολίαν
1231 1554 1398 1623 ἔχειν,
1447 1553 1580 1606 ἀλλὰ
1614 1571 1732 1606 συν--

202 1649 355 1703 θέσθαι
381 1651 489 1710 τοῖς
524 1649 612 1712 ὑφ’
656 1647 810 1715 ὑμῶν
848 1646 1258 1714 πεπραγμένοις
1282 1661 1296 1676 ο
1345 1646 1376 1713 ἢ
1430 1646 1734 1698 δεδίττεσθε

203 1745 282 1807 μὲν
327 1738 414 1805 τὴν
459 1737 691 1804 ἐγγύην,
735 1737 809 1794 ὡς
843 1735 916 1804 μὴ
948 1737 1003 1787 ἐν
1044 1736 1171 1802 ὑμῖν
1206 1735 1487 1804 κειμένην,
1543 1736 1738 1801 ἄδηλον

201 1833 264 1894 ὃν,
291 1833 317 1900 ἦ
349 1830 812 1898 παραδεχθησεται
850 1827 938 1880 ὑπ’
986 1826 1219 1888 ἐκείνου,
1249 1826 1280 1896 ἢ
1333 1827 1440 1894 μήν
1473 1827 1529 1876 ἐν
1562 1825 1738 1876 οὐδενὶ

200 1924 243 1976 δὲ
268 1924 451 1974 τίθεται
476 1921 732 1972 τοσοῦτον
767 1920 953 1983 κακὸν,
979 1921 1180 1987 μικρᾶς
1213 1918 1555 1988 προμηθείας
1595 1919 1735 1984 μέγα

200 2012 454 2084 προξενοῦν
493 2015 608 2074 τοῖς
653 2011 946 2080 ὁμοφύλοις
976 2011 1065 2062 τὸν
1112 2009 1331 2079 ὄλεθρον
1357 2026 1368 2038 ·
1409 2011 1600 2060 εἴπατε
1646 2005 1736 2061 οὖν

199 2108 406 2174 ὁποτέρῳ
436 2106 643 2158 τούτων
681 2105 962 2171 στοιχείτε,
993 2103 1058 2155 ἵν’
1093 2102 1173 2154 ἐνί
1201 2119 1261 2169 γε
1296 2101 1393 2170 τὴν
1428 2101 1607 2169 ψῆφον
1631 2099 1737 2151 δῶο

202 2198 352 2268 μεν,ἦ
379 2197 468 2248 τοῦ
496 2195 739 2258 ζωῶσαι,
770 2194 801 2263 ἢ
836 2193 930 2247 τοῦ
962 2192 1267 2258 ἀπαλλάξαι
1296 2191 1512 2252 αὐτούς.
1555 2193 1612 2243 Ὀ
1646 2186 1736 2244 οὖν

198 2289 356 2358 ῥηθεὶς
385 2286 629 2354 Συμεὼν,
672 2285 767 2338 an
815 2284 876 2354 δὴ
927 2284 1034 2336 τῶν
1078 2285 1253 2338 ἄλλων
1307 2285 1551 2351 προέχων
1604 2283 1739 2351 πρὶς

197 2381 334 2436 αὐτὸν
359 2379 480 2449 ἔφη·
539 2379 683 2444 Ἐγὼ
714 2379 920 2448 ταύτην
953 2379 1051 2446 τὴν
1092 2377 1303 2446 ἐγγύην
1338 2377 1495 2446 μόνος
1538 2393 1738 2441 κατεγο

196 2475 403 2541 γνῶμαι,
444 2473 632 2541 σαφῶς
671 2470 826 2532 εἰδὼς
870 2471 929 2522 τὸ
985 2471 1112 2541 περῖ
1154 2472 1331 2523 πάντα
1357 2469 1737 2540 φιλάνθρωπον

196 2564 270 2615 τοῦ
312 2563 427 2615 καθ“
474 2565 623 2632 ἡμᾶς
679 2562 1102 2632 αὐτοκράτορος,
1156 2562 1251 2613 καί
1284 2562 1358 2624 ὡς
1406 2562 1528 2631 δίχα
1578 2562 1736 2622 λόγον

196 2656 364 2715 παντὸς
388 2656 682 2722 παρέξεται
710 2655 915 2707 τούτων
939 2653 1148 2712 ἕνεκεν.
1180 2654 1238 2719 ἐξ
1258 2647 1332 2706 ὧν
1363 2654 1476 2722 ἔχει
1502 2653 1738 2720 δεσμίων

206 2741 490 2808 ’Δγαρηνῶν
544 2739 856 2803 τοσούτους,
881 2740 994 2792 ὅσοι
1046 2742 1140 2792 καὶ
1185 2733 1331 2793 οὗτοι
1381 2742 1738 2810 τυγχάνουσιν

194 2832 336 2893 ειτες.
367 2831 457 2894 οὖς
498 2831 594 2883 καὶ
626 2831 792 2892 αὐτὸς
826 2829 934 2896 ἐγὼ
961 2833 1026 2900 τῇ
1061 2831 1262 2899 Ταρσῷ
1310 2831 1637 2899 διακομίσαι,
1672 2835 1737 2885 ἶν’

194 2923 264 2976 ἐπ’
295 2921 403 2996 [54]
442 2923 568 2993 ἐμοὶ
615 2923 779 2974 πάλιν
817 2924 883 2975 τὰ
912 2922 1042 2993 περὶ
1077 2924 1176 2992 τῆς
1211 2924 1416 2993 ἐγγύης
1456 2925 1611 2994 λυθῇ,
1646 2928 1738 2978 καὶ

196 3017 336 3086 μηδὲν
376 3019 506 3088 ἔχῃς
555 3019 677 3070 κατ’
708 3016 844 3086 ἐμοῦ
879 3015 1198 3086 προφέρειν,
1235 3017 1372 3070 ἐπὰν
1397 3017 1494 3085 τὴν
1517 3017 1739 3087 ὀφειλὴν

193 3108 525 3179 ἐκπληρώσω.
548 3107 728 3160 Μόνον
748 3106 953 3176 τύχωσι
976 3108 1079 3160 κᾶν
1103 3103 1248 3161 οὗτοί
1265 3123 1408 3169 τινος
1441 3109 1736 3178 σωτηρίας,

193 3199 264 3252 ἵνα
311 3196 659 3261 συλλέξαντες
700 3199 844 3265 ταφῇ
908 3196 1040 3248 δῶσι
1083 3196 1192 3249 τῶν
1231 3197 1610 3266 ἀποιχομένων
1673 3197 1740 3250 τὰ

193 3287 414 3358 σώματα,
444 3290 481 3342 ἃ.
498 3288 590 3340 διά
617 3288 801 3355 πάσης
823 3287 922 3356 τῆς
945 3286 1154 3348 πόλεως
1184 3286 1438 3355 κείμενα,
1460 3289 1554 3340 καὶ
1577 3288 1742 3340 αὑτὸν

189 3378 263 3429 τὸν
283 3379 413 3446 ἀέρα
441 3379 585 3446 πρὸς
632 3376 829 3447 θρῆνον
863 3376 1173 3442 ἐφέλκεται.
1219 3377 1406 3429 Ταῦτα
1436 3378 1677 3440 ἀκούσας
1713 3380 1741 3430 ὁ

190 3468 439 3538 κακοήθης
489 3469 725 3530 ἐκεῖνος,
767 3467 1042 3538 ἔγγραφον
1088 3485 1150 3520 τε
1202 3469 1398 3530 πείσας
1448 3469 1538 3520 τὸν
1577 3469 1740 3522 αὐτὸν

190 3560 387 3629 Συμεὼν
426 3561 523 3614 καὶ
547 3559 823 3629 ἐνώμοτον
848 3563 1151 3630 παρασχεῖν
1181 3561 1273 3613 τὸν
1296 3563 1426 3630 περὶ
1455 3561 1739 3630 συνθηκῶν

188 3652 369 3706 τούτων
398 3651 581 3718 λόγον,
618 3651 953 3713 ἀπολυθῆναι
986 3651 1192 3712 πάντας
1226 3651 1468 3712 ὲκείνθυς
1513 3653 1637 3714 τοὺς

188 3744 319 3812 ἡμῶν
345 3744 815 3810 περιττεύσαντας
839 3743 1039 3810 ἀνδρας
1067 3741 1390 3812 ἐπέτρεψεν.
1408 3743 1624 3813 Ἐπειδὴ
1647 3744 1742 3796 καὶ

187 3837 240 3887 τὰ
263 3837 380 3903 περὶ
414 3838 614 3887 τούτου
645 3834 822 3895 καλῶς
864 3830 1010 3903 εἶχεν
1035 3835 1206 3903 αὐτῷ,
1251 3835 1346 3887 καὶ
1381 3837 1438 3887 ἐν
1473 3835 1742 3906 ἀσφαλείᾳ

188 3920 241 3994 ἦν
264 3928 320 3978 τὸ
345 3926 765 3996 πανούργευμα,
793 3926 978 3995 ἓτερον
998 3926 1158 3979 πάλιν
1179 3927 1277 3978 οὐκ
1304 3926 1522 3979 ἔλαττον
1549 3928 1738 3980 τούτου

186 4021 238 4086 τῇ
265 4019 524 4086 δολιοτητι
554 4018 667 4070 τῶν
702 4016 912 4086 φρενῶν
961 4018 1290 4085 ἐπενίησενο
1329 4019 1738 4086 πυρπολυθῆναι

188 4112 276 4176 γὰρ
310 4111 528 4162 Ξιπασαν
554 4109 660 4174 τὴν
692 4107 850 4159 πόλιν
883 4109 1273 4176 προσέταττεν,
1300 4109 1366 4159 ἵν’
1392 4104 1425 4181 ᾖ
1459 4109 1552 4162 καὶ
1585 4109 1741 4161 τοῦτο

187 4198 312 4265 αὖτῷ
354 4200 414 4249 οὐ
451 4184 520 4248 τὸ
551 4196 715 4264 τυχὸν
751 4197 1219 4265 παρεμπόρευμα,
1259 4196 1378 4266 ᾔδει
1427 4197 1538 4266 γὰρ
1587 4198 1662 4261 ὡς
1691 4199 1741 4250 οἱ

185 4288 289 4346 τοὺς
325 4287 713 4355 αἰχμαλώτους
758 4285 1087 4354 ὠνούμενοι,
1124 4285 1245 4338 ούδέ
1283 4285 1440 4338 τοῦτο
1479 4288 1740 4356 πράττειν

185 4377 317 4428 αὑτὸν
360 4378 417 4442 ἐξ
471 4378 727 4444 ἀνάγκης
775 4377 1113 4444 ἀνάσχοιντο,
1163 4377 1478 4445 αἱρούμενοι
1539 4379 1739 4445 μᾶλλον

183 4468 352 4529 αὐτοὺς
397 4469 651 4529 ἐκείνους
683 4467 1159 4536 καταπρησθῆναι,
1193 4469 1224 4538 ἢ
1270 4469 1512 4522 τοιοῦτόν
1540 4487 1593 4523 τι
1637 4471 1739 4523 κᾶν

1843 641 2104 701 utcunque
2135 637 2419 704 e/fugerant
2459 649 2571 706 post
2597 641 2826 692 excisam
2872 641 3071 706 urbem,
3103 652 3150 694 et
3194 647 3422 711 captives

1841 728 2076 793 proprios
2108 729 2498 795 redimentibus,
2534 747 2638 782 una
2665 747 2780 782 cum
2805 731 2868 782 iis
2897 733 3179 784 advenerat
3213 733 3310 792 vir,
3339 737 3422 786 cui

1841 816 2085 885 Symaoni
2121 834 2305 870 nomen
2344 830 2476 884 erat,
2516 832 2756 889 provecta
2790 825 3090 890 prudentia,
3125 834 3172 877 et
3228 825 3420 878 utullu-

1840 923 1955 957 rum
2006 925 2180 960 rerum
2211 911 2528 976 experientia
2577 913 2810 964 colubris.
2852 912 2948 965 Ille
2997 913 3060 992 alt
3107 915 3421 982 imperatore

1842 999 2000 1061 paulo
2034 1010 2156 1051 ante
2187 1001 2238 1051 in
2273 1003 2448 1053 urbem
2480 1003 2540 1056 ob
2580 1020 2797 1056 causam
2831 1006 3060 1057 maxime
3102 1021 3420 1073 percommo-

1841 1090 1965 1141 dum.
1999 1092 2186 1142 missus
2225 1106 2542 1158 accesserat,
2577 1097 2637 1148 de
2681 1113 2780 1164 qua
2835 1113 2970 1148 nunc
3011 1096 3215 1164 aliquid
3253 1098 3424 1150 dicere

1841 1199 2012 1250 operte
2055 1185 2276 1252 pretium
2307 1203 2404 1238 non
2452 1188 2629 1256 fuerit.
2684 1188 2780 1241 llis
2818 1190 2992 1259 itaque
3023 1190 3252 1257 quotidie
3299 1205 3422 1242 con-

1841 1275 2118 1342 fertimque
2151 1277 2218 1332 ad
2248 1293 2502 1330 recessum
2529 1295 2693 1347 usque
2723 1283 2940 1332 navium
2974 1281 3422 1344 concurrentibus,

1841 1365 2117 1417 consilium
2142 1382 2292 1418 suum
2325 1368 2579 1421 adversus
2600 1370 2720 1437 jam
2759 1371 2924 1423 dictos
2949 1373 3170 1424 immitis
3203 1373 3297 1423 iste
3323 1370 3426 1423 Leo

1841 1459 2261 1511 communicarit.
2302 1459 2434 1528 Ego,
2471 1463 2566 1522 ait,
2602 1463 2740 1515 vobis
2785 1464 2850 1516 ab
2885 1463 3038 1515 initio
3087 1464 3317 1532 infensus
3364 1481 3426 1516 ελ·

1842 1549 2061 1614 captivis
2100 1551 2355 1603 neminem
2393 1553 2562 1605 vivum
2618 1556 2910 1624 relinquere
2948 1557 3000 1607 in
3030 1557 3209 1608 animo
3248 1555 3424 1608 habui.

1843 1637 1968 1700 Qua'
2001 1642 2136 1691 enim
2167 1658 2228 1692 et
2271 1641 2377 1694 Deo
2413 1659 2607 1697 merces
2641 1653 2712 1697 est
2753 1645 2986 1698 hostibus
3023 1647 3252 1698 victoria:
3288 1655 3422 1697 tem—

1843 1745 1966 1795 pore
2023 1741 2240 1782 mortem
2295 1734 2622 1799 condonare,
2687 1736 2776 1804 qui
2833 1736 2985 1788 illaut
3043 1737 3286 1789 adversus
3335 1753 3426 1788 nos

1845 1821 2010 1887 magis
2058 1821 2236 1872 sedulo
2275 1826 2673 1888 procurabant?
2711 1824 2813 1879 Sed
2861 1842 2978 1878 cum
3012 1828 3296 1879 necessitas
3333 1845 3423 1882 nr-

1839 1921 1980 1977 geat,
2010 1921 2064 1961 ut
2092 1913 2146 1962 hi
2177 1917 2476 1980 superstites
2508 1917 2704 1979 vivant,
2736 1918 2995 1982 siquidem
3027 1919 3299 1986 fortunato
3323 1921 3424 1987 ﬁne

1841 2017 1922 2053 res
1955 2004 2228 2069 sortiatur,
2258 2007 2320 2058 de
2359 2008 2452 2059 hoc
2491 2008 2627 2061 inter
2665 2026 2752 2062 vos
2810 2012 3108 2080 rosmetipsi
3151 2013 3424 2066 consulite.

1839 2093 1960 2144 Jam
1993 2095 2128 2146 enim
2168 2113 2340 2166 cogor,
2376 2108 2680 2168 tempestate
2721 2111 2960 2168 poscente
2986 2104 3056 2154 ad
3085 2105 3296 2170 propria
3344 2121 3424 2157 re—

1843 2201 2036 2237 meare.
2081 2184 2342 2242 Valetisne
2383 2192 2434 2241 in
2484 2207 2570 2243 vos
2613 2209 2896 2257 assumere,
2927 2209 3042 2246 cum
3089 2195 3142 2246 hi
3179 2196 3285 2248 sint
3325 2212 3425 2249 nn-

1842 2291 1984 2328 mero
2024 2279 2251 2344 ducenti,
2282 2283 2646 2349 [ideijussione
2698 2286 2893 2354 scripto
2935 2287 3270 2356 consignata,
3313 2305 3422 2351 nos,

1841 2384 1934 2433 pro
1961 2370 2042 2429 iis,
2072 2386 2184 2422 cum
2219 2374 2576 2426 reconciliatio
2611 2375 2906 2428 concordia:
2939 2367 3211 2430 subsecuta
3243 2380 3423 2446 fuerit.

1843 2469 1914 2510 tot
1943 2461 2076 2513 alios
2106 2461 2376 2529 Agat-cnes
2401 2475 2720 2530 recepturos,
2745 2469 3168 2536 persuadereque
3207 2485 3287 2522 res
3321 2466 3424 2521 Ro-

1842 2566 2120 2602 manorum
2176 2553 2469 2606 moderanti
2509 2557 2620 2606 sine
2663 2557 2774 2608 ulla
2832 2559 3165 2611 haesitatione
3199 2576 3231 2612 a
3281 2559 3426 2612 vobis

1841 2642 2009 2706 pactis
2042 2659 2312 2695 ascensum
2347 2645 2575 2710 pra'bere
2605 2661 2621 2697 :
2653 2663 2721 2699 an
2763 2664 2878 2700 vero
2909 2649 3167 2702 dubitatis
3200 2651 3425 2704 similent

1841 2734 2258 2800 [idcijussionem
2299 2737 2352 2788 in
2397 2748 2565 2788 vestra
2611 2749 2868 2804 potestate
2899 2756 3003 2792 non
3037 2757 3170 2804 esse,
3213 2757 3331 2794 cum
3374 2744 3428 2794 in

1841 2824 2038 2875 incerto
2071 2841 2147 2877 res
2182 2827 2427 2893 pendent.
2462 2845 2532 2880 an
2565 2830 2630 2881 ab
2661 2846 2720 2882 eo
2777 2832 3081 2899 excipienda
3119 2833 3210 2898 sit,
3261 2835 3427 2904 negli—

1841 2923 2034 2982 gatque
2060 2924 2263 2966 tantum
2293 2917 2514 2977 malum.
2545 2919 2838 2988 pusilloque
2867 2921 3124 2973 desiderio
3150 2932 3427 2991 postponat

1842 3005 2093 3056 damnum
2151 3023 2246 3058 suo
2303 3011 2475 3074 generi
2522 3012 2848 3062 tantumdem
2896 3012 3156 3065 noxium?
3204 3013 3430 3068 DicitOle

1844 3111 1966 3166 ergo
2014 3108 2188 3150 utrum
2236 3102 2557 3168 approbatis,
2593 3103 2844 3166 ritamne,
2887 3120 2957 3156 an
3013 3105 3260 3158 cladem?
3304 3106 3427 3159 Tum

1842 3186 2014 3240 dictus
2063 3187 2311 3256 Sumeon,
2347 3201 2602 3262 tanquam
2643 3194 2767 3248 aliis
2813 3198 3153 3265 prastantior
3188 3198 3264 3250 sto
3311 3215 3427 3251 eum

1843 3279 2228 3349 a/fatur:£go
2276 3282 2410 3335 hanc
2455 3285 2868 3352 ﬁdeijussionsm
2907 3287 3049 3340 solus
3085 3288 3260 3354 ﬁrmo,
3311 3306 3427 3342 cum

1843 3370 1967 3422 bene
1999 3373 2163 3422 nostri
2209 3373 2542 3439 imperatoris
2579 3378 2647 3426 ad
2674 3379 2850 3429 omnia
2890 3378 3276 3431 humanitatem
3320 3381 3431 3432 cal-

1843 3464 1980 3516 luam
2005 3481 2021 3516 :
2045 3475 2090 3516 et
2121 3464 2236 3534 [57$]
2269 3467 2463 3534 absque
2483 3465 2590 3518 ulla
2620 3467 3043 3535 tergiversatione
3065 3483 3159 3535 pro
3183 3469 3261 3520 his
3283 3469 3426 3520 exhi-

1843 3555 1973 3608 bebit
2002 3574 2064 3609 ex
2093 3559 2307 3624 captiris
2335 3560 2698 3626 Agar-enarunt
2730 3567 2803 3611 tot
2851 3559 3008 3625 alios,
3039 3568 3161 3629 quot
3189 3559 3241 3611 hi
3282 3574 3427 3621 sunt,

1841 3667 1969 3720 quos
1999 3652 2108 3716 ipse
2127 3651 2345 3703 Tarsum
2371 3652 2628 3719 deferam,
2658 3661 2712 3704 ut
2745 3669 2927 3706 rursus
2953 3654 3005 3705 in
3035 3669 3114 3705 me
3139 3653 3421 3720 ﬁdeijussi-.

1843 3740 2176 3804 dissolvatur,
2212 3742 2441 3810 nihilque
2489 3744 2784 3809 pra'lendas
2821 3753 3002 3795 contra
3042 3760 3140 3808 me,
3179 3760 3295 3796 cum
3335 3747 3424 3796 (lC--

1844 3833 2007 3886 bitunt
2041 3835 2376 3887 exsolvet-im.
2416 3835 2638 3887 Tantum
2674 3836 2727 3887 hi
2764 3836 3006 3889 libertate
3044 3837 3334 3904 potiantur,
3370 3850 3422 3886 ut

1844 3926 2117 3978 recollecta
2159 3929 2439 3987 cadavera,
2474 3943 2590 3992 qua:
2616 3944 2708 3993 per
2739 3928 3036 3980 universam
3082 3929 3259 3980 urbem
3300 3944 3428 3992 pro-

1835 4015 1979 4084 jecta
2005 4032 2176 4068 aerem
2204 4017 2373 4083 ipsum
2397 4018 2449 4068 in
2489 4018 2571 4068 sui
2603 4018 2992 4070 miserationem
3047 4033 3109 4070 ac
3163 4020 3428 4088 lacrymas

1844 4108 2079 4169 trahunt,
2115 4109 2392 4175 sepeliant.
2426 4107 2520 4160 llis
2558 4107 2646 4160 ille
2679 4108 2869 4171 malus,
2901 4125 3276 4175 perversusque
3305 4125 3426 4175 per-

1844 4197 2024 4261 ceptis,
2073 4200 2259 4250 suadet
2301 4197 2570 4268 Symconi,
2608 4209 2662 4250 ut
2714 4202 2911 4267 scripto
2962 4209 3118 4268 pacta
3167 4201 3265 4252 illa
3309 4217 3430 4252 con-

1841 4285 2028 4352 signet,
2059 4297 2106 4338 et
2136 4287 2492 4354 jurejurando
2522 4289 2794 4355 conﬁrmet
2824 4305 2841 4342 :
2871 4299 2978 4341 tum
3007 4305 3181 4342 omnes
3200 4289 3318 4343 illos
3339 4291 3428 4343 ho-

1843 4379 2026 4439 mines,
2075 4380 2164 4445 qui
2211 4395 2276 4431 ex
2320 4381 2510 4432 nostris
2560 4389 2894 4447 supererant,
2937 4379 3068 4433 solvi
3133 4381 3428 4439 mandavit.

1846 4468 1974 4522 Ηατε
2010 4487 2126 4522 cum
2157 4487 2399 4537 prospere
2427 4471 2751 4534 absolvisset,
2787 4473 3130 4541 fraudemque
3169 4474 3422 4540 comples-

181 4559 291 4628 ἀκοῇ
326 4558 775 4629 παραδέξασθαι·
827 4560 992 4628 μήπω
1024 4561 1135 4628 γάρ
1179 4559 1288 4612 τῶν
1331 4562 1630 4630 Βαρϐάρων
1653 4563 1740 4616 διὰ

1846 4571 1942 4621 set,
1980 4562 2144 4613 aliant
2180 4579 2282 4614 non
2332 4564 2583 4615 minorem
2619 4564 2912 4616 calliditate
2958 4563 3172 4630 propria
3208 4563 3428 4615 commi-

185 4657 323 4715 μέσον
353 4652 449 4720 τῆς
502 4651 718 4711 πόλεως
759 4650 858 4720 τὴν
889 4651 1062 4718 φλόγα
1113 4651 1570 4721 διασπειράντων,
1623 4655 1737 4707 ἀλλ’

181 4743 364 4802 Era-.1;
428 4740 849 4804 πλησιαζούσας
899 4744 966 4810 τῇ
1023 4741 1268 4810 θαλάσσῃ
1321 4744 1741 4811 πυρπολούντων

179 4836 349 4896 οἰκίας,
383 4834 549 4900 μόνον
585 4833 668 4884 ὅτι
696 4831 829 4900 πρὸς
863 4832 924 4883 τὸ
955 4833 1316 4885 καταϐάλλειν
1345 4835 1442 4893 τὰς
1475 4835 1617 4904 ὑπὲρ
1642 4837 1740 4904 τῆς

181 4927 359 4987 πόλεως
390 4927 563 4994 τιμάς
589 4925 639 4976 oi
677 4923 940 4993 παρύντες
972 4926 1108 4993 πρὸς
1138 4925 1406 4992 ἀλλήλους
1432 4926 1737 4995 ἐκύρωσαν,

180 5019 256 5069 καὶ
273 5018 427 5069 πάλιν
448 5017 788 5086 πρόσταγμα
805 5016 1081 5084 πανταχοῦ
1100 5017 1453 5087 διεπέμπετο,
1470 5018 1740 5071 παύεσθαι

181 5112 260 5177 τῆς
281 5113 484 5171 οἰκείας
525 5125 656 5159 συντ
669 5108 855 5174 ργείας
889 5108 948 5159 τὸ
977 5106 1111 5176 πῦρ,
1137 5109 1210 5170 ὼς
1235 5112 1312 5170 είς
1337 5110 1570 5179 χρηστὸν
1595 5111 1742 5178 αὐτῷ

181 5205 326 5270 πέρας
389 5204 486 5254 καὶ
531 5201 742 5268 ταύτης
787 5199 1154 5269 προελθούσης
1211 5200 1307 5269 τῆς
1362 5202 1624 5264 ἐπινοίας.
1680 5203 1740 5252 Οί

179 5297 267 5363 rip
307 5295 497 5363 ἄνδρες
561 5295 767 5344 ἐκεῖνοι
821 5295 916 5344 συν
968 5292 1045 5361 τῷ
1087 5291 1304 5362 ῥηθέντι
1360 5293 1606 5362 Συμεὼν,
1669 5295 1741 5364 μὴ

181 5388 367 5449 ἕξοντες
391 5384 623 5438 ἄλλοθέν
652 5383 812 5435 ποθεν
842 5383 1248 5436 καταϐαλέσθαι
1270 5383 1367 5454 τὴν
1399 5401 1463 5436 πε
1477 5385 1528 5452 pl
1554 5385 1740 5438 τούτου

182 5482 452 5547 πττὸτητα,
489 5479 559 5531 τά
597 5477 692 5528 δύο
721 5478 1018 5544 ὑπέσχοντο
1060 5477 1154 5529 τοῦ
1206 5478 1432 5545 χρυσίου
1481 5478 1738 5541 τάλαντα,

183 5572 301 5638 Ξτερ
325 5568 389 5640 ἦν
415 5575 442 5623 ὁ
464 5569 651 5623 θανὼν
683 5571 744 5621 ἐκ
767 5570 873 5620 τῶν
907 5569 1156 5639 ῥοπάλων
1205 5569 1456 5638 εὐνοῦχος
1487 5571 1621 5638 πρὸς
1653 5573 1741 5623 τὴν

183 5663 483 5731 Στρυμμονα
521 5660 940 5724 ἐξαποστείλας,
991 5659 1026 5713 ἃ.
1055 5660 1148 5712 καὶ
1201 5659 1392 5712 θάττον
1443 5662 1740 5729 ἀγαγόντες

185 5750 251 5800 Τιίι
300 5768 454 5803 τινων
500 5749 890 5818 ταχυδρὸμων,
942 5748 1066 5800 ὃθεν
1101 5749 1463 5819 ἐκρύπτοντο,
1499 5752 1587 5803 καὶ
1632 5755 1741 5811 τοῖς

186 5843 462 5914 ι’τρεάρτις
515 5842 1015 5912 ἐναριθμήσαντες,
1065 5841 1239 5904 οὕτως
1278 5843 1375 5910 τὴν
1437 5843 1589 5895 πόλιν
1645 5846 1741 5913 τῆς

1846 4655 2088 4710 niscitur.
2149 4653 2454 4707 ("inversum
2506 4656 2685 4708 urbem
2735 4656 2852 4724 igne
2899 4655 3141 4707 succendi
3161 4655 3332 4724 jubet,
3373 4665 3427 4705 ut

1844 4747 1937 4797 hoc
1959 4762 2159 4814 quoque
2189 4748 2538 4814 negotialioni
2569 4747 2771 4798 lucrum
2806 4745 3094 4803 accederet.
3116 4761 3209 4797 nec
3237 4746 3426 4797 incom-

1847 4836 2011 4886 mode.
2039 4835 2246 4888 Sciebat
2277 4837 2438 4898 enim,
2462 4836 2552 4904 qui
2578 4837 2813 4904 captivos
2839 4835 3185 4896 redimebant,
3217 4835 3424 4885 omnino

1845 4939 2115 4989 nunquam
2151 4927 2204 4976 id
2243 4926 2606 4992 permissuros,
2642 4927 2894 4978 electurus
2925 4925 3098 4990 potius
3125 4933 3284 4976 semet
3311 4939 3427 4975 suc-

1845 5018 2012 5068 censis
2062 5017 2268 5084 ignibus
2315 5017 2524 5080 torreri,
2555 5032 2713 5086 quam
2750 5015 2856 5069 tals
2894 5014 3168 5084 quid-piam
3197 5013 3275 5068 vel
3318 5013 3426 5065 solo

1846 5105 2030 5156 auditu
2064 5107 2340 5158 sustinere.
2375 5103 2625 5157 Nondum
2653 5105 2789 5157 enim
2822 5121 2853 5156 a
2883 5102 3138 5156 Barbaris
3168 5103 3222 5154 in
3252 5101 3425 5153 media.

1845 5199 1969 5249 urbe
2011 5199 2232 5263 [lamina
2277 5206 2574 5263 asportata,
2621 5199 2711 5249 sed
2775 5197 2943 5248 adhuc
2993 5196 3130 5247 mari
3173 5194 3426 5262 proximis

1845 5289 2044 5340 (edibus
2077 5288 2518 5357 deﬂuat-antibus.
2551 5288 2641 5354 qui
2671 5295 2779 5337 tum
2810 5288 3032 5338 aderant
3069 5285 3290 5350 pretium
3333 5299 3426 5348 pro

1845 5386 1968 5436 urbe
2016 5400 2203 5450 ponere
2249 5384 2386 5434 inter
2435 5399 2488 5433 se
2535 5381 2807 5434 stabiliunt
2851 5397 2868 5432 .'
2921 5393 3230 5430 rursnmaue
3272 5377 3421 5443 jussu

1845 5491 2046 5544 quoque
2089 5483 2434 5543 sparguntur,
2476 5476 2641 5542 ignem
2675 5478 2740 5524 ab
2777 5471 2974 5525 a'dibus
3002 5470 3424 5527 submovenaum,

1845 5583 1960 5619 cum
1994 5576 2040 5618 et
2073 5568 2209 5618 hanc
2248 5567 2546 5618 machinam
2575 5580 2819 5632 prospere
2849 5565 2947 5616 sibi
2982 5563 3292 5614 successisse
3339 5577 3422 5612 co—
3455 5609 3466 5622 ,

1845 5669 2133 5727 gnosceret.
2194 5659 2301 5712 Viri
2352 5661 2488 5714 enim
2525 5659 2604 5710 illi
2659 5675 2774 5710 cum
2819 5657 2956 5708 dicto
2998 5656 3270 5724 Symeone.
3307 5669 3422 5704 cum

1849 5769 1946 5803 non
1978 5753 2226 5804 haberent
2256 5753 2468 5804 aliunde
2504 5751 2729 5817 pretium
2767 5750 2836 5800 rei
2868 5748 3142 5814 conﬁcere,
3173 5747 3275 5796 duo
3303 5743 3422 5793 auri

1849 5845 2047 5898 talenta
2089 5846 2456 5910 promiserunt,
2497 5857 2610 5911 (μα’
2658 5841 2920 5893 eunuchus
2981 5837 3205 5908 fustibus
3244 5849 3426 5886 eneca-
