4158 6472
744 426 805 493 51
2037 429 2309 490 LEONIS
2341 429 2642 489 ALIATII
3942 434 4017 494 52

747 548 828 588 tus
852 535 923 587 ad
949 534 1333 607 Strymmoaem
1362 538 1662 606 dimiserat,
1691 540 1799 595 illis
1833 542 2081 596 citissime
2107 560 2198 612 per
2232 559 2317 597 ve-
2349 549 2392 604 Α
2423 542 2576 595 tibus.
2612 540 2896 611 Postquam
2946 555 3122 596 autem
3164 542 3275 607 eius
3327 544 3455 611 ﬁdes
3510 544 3610 613 fuit
3651 545 3704 597 in
3743 544 3818 597 bis
3847 546 4015 599 rebus

742 626 882 679 loces
930 643 1185 692 cursores,
1228 630 1364 685 unde
1406 629 1664 696 latebant,
1696 631 1949 696 advectis,
1978 644 2026 687 et
2063 633 2319 688 Barbaris

748 717 1060 776 numeratis,
1087 716 1269 770 urbem
1290 719 1354 770 ab
1372 720 1611 772 incendio
1634 732 2030 777 conservaram.
2052 721 2146 777 llis
2164 725 2322 793 plane

740 809 1103 871 com-luditur,
1153 810 1325 865 multo
1357 826 1519 881 quam
1572 811 1662 867 isti
1713 812 1945 880 iaciunt,
1992 813 2317 886 Symeonem

741 907 899 953 :etate
933 900 1273 969 grandiorem
1310 901 1497 956 fuisse.

810 992 903 1054 Et,
952 1003 1009 1045 ut
1051 994 1219 1064 magis
1266 1009 1516 1062 urgeam,
1576 994 1810 1067 Symeon
1866 998 1982 1067 ipse
2032 1012 2187 1052 suam
2230 1014 2296 1053 eo

744 1093 990 1152 tempore
1041 1094 1258 1140 aetatem
1297 1086 1601 1142 edisserat:
1650 1088 1705 1142 in
1739 1088 1858 1145 Vita
1892 1098 2095 1144 sancta:
2136 1090 2314 1145 Theo-

744 1175 931 1230 Clistes
956 1186 1175 1247 rogatur
1207 1191 1236 1231 a
1276 1177 1550 1237 Srmcone
1581 1182 1910 1236 anachoreta
1940 1197 2010 1237 ne
2042 1183 2315 1238 scribendi

742 1282 880 1319 ιιιιιιε
901 1268 1185 1333 detrectet,
1204 1284 1504 1341 causasque
1522 1273 1845 1342 pratendat,
1864 1274 2063 1342 quibus
2079 1290 2136 1328 se
2152 1292 2181 1329 a
2199 1290 2317 1331 sus-

2422 642 2682 702 spectata,
2714 645 2761 687 et
2796 637 3087 703 pradicata
3143 637 3302 690 simu!
3339 654 3457 691 cum
3509 639 3721 692 arcanis
3763 639 4013 705 publicas

2422 742 2623 795 quoque
2654 742 2809 780 curas
2840 730 3062 797 suscepit
3091 746 3112 793 ;
3164 730 3296 783 adeo
3350 741 3405 783 ut
3457 731 3772 797 imperatori
3801 748 4009 785 renun-

2423 816 2581 869 tiaret
2622 834 2707 878 ea,
2762 834 2878 889 qua!
2915 821 3200 890 afferebant
3253 823 3437 886 exteri,
3471 832 3519 875 et
3571 839 3754 877 rursus
3804 826 4008 878 exteris

2420 922 2535 976 quae
2550 909 2764 979 jubebat
2788 912 3096 979 imperator.
3116 910 3248 978 Quae
3268 922 3449 967 autem
3482 919 3609 967 sunt
3631 913 3737 967 illm
3765 914 4006 985 πράξεις

2424 999 2845 1069 μυστικώτεραι,
2882 1001 3027 1056 illius
3057 1004 3316 1073 temporis
3346 1005 3581 1074 scriptor
3606 1004 3843 1075 lgnaties
3864 1007 3997 1061 dia-

2421 1109 2591 1147 conus
2628 1094 2679 1147 in
2718 1092 2833 1147 Vita
2855 1095 3026 1149 sancti
3066 1093 3354 1165 Nicephori
3380 1096 3704 1165 patriarchae
3729 1096 4009 1153 Constan—

2424 1185 2788 1254 tiuopolitani,
2852 1187 2923 1241 ita
2945 1187 3202 1257 explicat.
3260 1188 3369 1240 Καὶ
3393 1188 3495 1259 si]:
3537 1188 3624 1241 διὰ
3660 1190 3843 1260 χειρὸς
3900 1191 4008 1244 καὶ

2424 1277 2650 1347 μέλανος
2673 1280 2869 1349 τέχνην
2905 1280 3225 1348 ποιούμενος
3245 1296 3260 1309 ⁸
3298 1281 3471 1353 gate»,
3495 1281 3603 1349 γὰρ
3632 1285 4004 1351 υπογοαφείρς

743 1359 994 1425 (-ipiendo
1037 1360 1309 1416 scribendi
1343 1378 1568 1418 munere
1597 1366 1903 1420 subtrahat.
1933 1364 2159 1430 Causas,
2184 1382 2319 1435 quas

746 1457 958 1515 poterat
972 1449 1168 1505 afferre
1186 1451 1580 1521 Metapbrastes
1598 1455 1889 1524 praecipua:
1906 1470 2028 1509 esse
2045 1464 2312 1524 poterant:

754 1538 937 1601 Λόγων
970 1538 1223 1607 ἀπορίαν,
1258 1540 1526 1606 δουλείας,
1555 1546 1787 1611 γυναῖκα
1821 1545 1915 1597 καὶ
1943 1546 2129 1609 τέκνα,
2161 1546 2313 1599 οτκου

749 1630 1053 1698 φροντίδας.
1082 1633 1288 1687 dicendi
1310 1635 1564 1703 inopiam,
1598 1638 1927 1691 servitiorum
1947 1640 2313 1709 frequentiam,

750 1724 944 1782 uxoris,
969 1735 1014 1774 et
1043 1723 1270 1789 ﬁliorum
1283 1727 1597 1792 molestiam,
1612 1739 1660 1782 et
1675 1738 1860 1783 domus
1878 1734 2119 1799 proprias
2135 1748 2311 1784 curas.
2419 1741 2716 1806 factitatur.
2741 1755 2982 1792 exercens
3012 1756 3028 1792 ε
3082 1757 3307 1809 namque
3348 1741 3538 1793 electus
3575 1741 3747 1807 fuerat
3802 1742 3977 1794 scriba

749 1811 1019 1882 Neglettls
1051 1815 1292 1885 reliquis,
1342 1818 1498 1881 duas,
1529 1820 1625 1874 sed
1679 1821 2003 1876 brevissime
2036 1822 2313 1875 examina-

2425 1832 2807 1884 dumtnantium
2858 1833 3071 1885 arcanis
3117 1834 3460 1887 subseruiens.
3513 1830 3717 1902 Lingua
3756 1832 4002 1887 Ausonia

748 1903 837 1966 bo,
883 1903 1147 1968 δουλείας,
1180 1908 1395 1961 seruitia
1428 1910 1637 1976 publica
1668 1910 1837 1966 fuisse
1874 1912 1943 1966 ab
1990 1913 2317 1981 imperatore

2425 1927 2674 1994 siquidem
2707 1943 2739 1979 α
2790 1927 2997 1980 secretis
3040 1936 3392 1994 nuncupatur,
3439 1925 3531 1995 qui
3577 1927 3721 1994 apud
3776 1942 3864 1980 nos
3927 1927 4001 1978 ab

750 1999 802 2050 in
834 2000 995 2053 variis
1040 2002 1267 2071 negotiis
1315 2004 1626 2074 reipublicm
1670 2005 2029 2072 demandata,
2089 2006 2315 2061 dubium

749 2106 858 2145 non
887 2102 992 2147 est.
1020 2092 1157 2164 Ergo
1186 2110 1295 2149 non
1322 2105 1436 2150 tum
1476 2097 1713 2166 primum
1750 2099 1908 2169 legati
1937 2115 2162 2154 munere
2190 2098 2316 2153 iun-

749 2182 994 2248 gebatur,
1040 2184 1134 2238 sed
1168 2184 1439 2240 similibus
1490 2198 1761 2250 assuetus,
1806 2199 1967 2258 atque
2021 2190 2313 2255 exercitus,

753 2282 810 2322 ut
840 2273 957 2325 sine
1005 2272 1288 2328 mendacio
1313 2273 1514 2345 aliquid
1562 2277 1661 2331 sibi
1694 2278 2005 2347 imponendi
2033 2281 2100 2334 ad
2150 2294 2318 2334 excu-

754 2360 993 2416 tiendum
1024 2362 1289 2431 laborem,
1313 2365 1800 2438 denegandumque
1836 2371 1980 2439 quod
2006 2371 2317 2439 petebatur,

753 2450 884 2504 satis
914 2461 1122 2505 essent.
1157 2452 1334 2507 Altera
1369 2465 1472 2519 est,
1531 2471 1685 2517 uxor.
1710 2466 1765 2511 et
1796 2455 1914 2521 lilii,
1943 2457 2014 2510 Σὺ
2045 2458 2142 2527 μὲν
2188 2458 2319 2522 ἴσως

753 2543 1065 2612 προφασίσῃ
1101 2546 1226 2615 περὶ
1265 2540 1339 2598 ὧν
1385 2546 1572 2611 ἀξιοῦν
1613 2547 1782 2601 ἐθέλω
1821 2564 1915 2600 σου
1941 2547 2040 2619 τὴν
2070 2548 2316 2619 ἀγάπην,

752 2636 988 2704 ἀπορίαν
1017 2635 1266 2707 λόγων,ἢ
1299 2636 1554 2690 δουλειῶν
1585 2639 1913 2710 ἀφορμᾶ;.ἧ
1948 2639 2204 2707 γυναικὸς
2226 2644 2320 2694 καὶ

754 2727 979 2791 τέκνων,
1006 2728 1099 2780 καὶ
1123 2728 1272 2781 οἴκου
1312 2731 1594 2798 φροντίδας
1624 2771 1638 2796 ,
1689 2733 1723 2801 ἦ
1766 2749 1918 2796 τινας
1948 2731 2111 2795 ἄλλας
2145 2733 2320 2797 αἰτίας

754 2817 1173 2887 διακρουόμενος
1223 2818 1519 2890 ήμῶναὴν
1550 2819 1792 2886 ἀξίωσιν.
1828 2820 1971 2889 Ἐγὼ
1995 2822 2051 2875 δέ
2103 2839 2183 2875 σοι
2229 2824 2321 2874 καὶ

755 2910 1078 2980 εὐημερίαν,
1130 2910 1223 2964 καὶ
1271 2911 1531 2982 εὐπορίαν
1587 2913 1807 2967 πάντων
1866 2912 2317 2981 ἐπαγγέλλομαι,

756 3004 850 3056 καὶ
891 3001 1088 3073 τολ).ὴν
1137 3004 1442 3073 ἐκεχειρίαν
1493 3005 1691 3075 εὑρεῖν.
1737 3009 1806 3059 Tu
1841 3006 2046 3073 quidem
2101 3006 2322 3074 fortasse

758 3095 828 3145 nd
861 3106 908 3147 te
935 3096 1285 3147 excusandum
1307 3096 1370 3148 de
1390 3112 1492 3148 non
1525 3095 1853 3164 suscipienda
1883 3112 1961 3154 eo.
1987 3097 2051 3148 de
2076 3110 2177 3163 quo
2205 3110 2321 3147 sum

758 3196 904 3238 tuam
952 3195 1232 3256 rogaturus
1269 3189 1613 3253 charitatem,
1666 3189 1721 3241 in
1761 3189 1991 3241 medium
2046 3189 2271 3241 adduces
2305 3228 2320 3252 ,
2348 3220 2394 3280 Ε

757 3293 1054 3331 sermonum
1098 3279 1351 3347 inopiam,
1380 3290 1472 3333 aut
1501 3281 1825 3333 servitiorum
1857 3283 2174 3343 occasiones,
2232 3288 2324 3331 aut

757 3371 960 3435 uxoris,
1005 3380 1056 3424 et
1089 3372 1392 3438 liberorum,
1422 3384 1469 3426 et
1515 3376 1698 3427 domus
1746 3390 1950 3438 curam,
1994 3382 2085 3425 aut
2118 3372 2326 3441 aliquas

759 3462 899 3515 alias
947 3478 1157 3527 causas,
1205 3480 1448 3518 recusans
1498 3466 1572 3529 id,
1606 3466 1668 3519 de
1704 3481 1805 3534 quo
1833 3481 1923 3517 nos
1970 3475 2019 3518 te
2057 3480 2325 3533 rogamus.

761 3553 872 3624 Ego
915 3565 1091 3608 autem
1138 3557 1230 3609 tibi
1270 3573 1445 3610 rerum
1503 3559 1926 3627 prosperitatem,
1974 3556 2323 3626 fertilitatem,

761 3653 810 3696 et
860 3644 1241 3699 abundantiam
1298 3645 1411 3717 [56]
1459 3663 1632 3701 rerum
1663 3649 1894 3701 omnium
1950 3647 2224 3715 polliceor,
2278 3657 2329 3699 et

763 3735 875 3802 fore
908 3745 964 3787 ut
989 3752 1235 3805 magnum
1266 3738 1358 3791 tibi
1395 3748 1633 3804 suppetat
1666 3740 1850 3791 otium.
1884 3737 2166 3804 Quomodo
2203 3753 2332 3806 ergo

764 3825 855 3894 qui
886 3826 1089 3893 maiora
1113 3828 1169 3881 in
1198 3829 1476 3897 republica
1518 3844 1684 3899 opera
1726 3830 1997 3885 sustinere
2026 3840 2081 3885 et
2123 3839 2334 3901 poterat

763 3917 822 3962 et
891 3910 1099 3964 solebat
1145 3952 1159 3976 ,
1206 3913 1408 3982 quique
1454 3915 1604 3968 uxori
1668 3916 1956 3985 adjunctus
2015 3915 2213 3971 liberos
2270 3930 2334 3969 ex

766 4002 858 4057 illa
906 4013 1288 4071 procreaverat
1320 4006 1504 4074 plures
1540 4047 1555 4071 ,
1589 4006 1776 4077 viginti
1833 4011 2064 4062 duorum
2114 4008 2199 4062 rel
2255 4008 2338 4060 vi-

765 4092 900 4163 ginti
955 4102 1011 4148 et
1073 4105 1308 4165 quatuor
1355 4112 1621 4151 annorum
1674 4107 1791 4152 erat
1822 4138 1837 4162 ,
1900 4105 1956 4153 et
1997 4098 2162 4152 nimis
2203 4098 2333 4152 adu-

767 4181 1119 4250 lescentulus,
1176 4196 1231 4239 et
1277 4201 1385 4240 non
1435 4187 1612 4256 potius
1663 4189 2053 4259 quadraginta,
2105 4198 2197 4242 aut
2249 4188 2339 4242 tri-

2418 1370 2529 1430 τοῖς
2576 1367 2686 1420 τῶν
2739 1368 3089 1438 κρατούντων
3140 1372 3463 1440 μυστηρίοις
3526 1373 3998 1443 ὑπηρετοὺμενοτ.

2417 1457 2576 1512 Οῦτω
2617 1460 2726 1530 γὰρ
2785 1460 2939 1531 παρὰ
2996 1465 3061 1534 τῇ
3111 1463 3358 1516 Δύπονίδι
3400 1464 3668 1534 διαλέκτῳ
3732 1467 3791 1518 τὸ
3837 1467 4003 1531 am;-

2417 1550 2632 1618 κρῆτις
2660 1554 2850 1618 ὑνιομα,
2869 1554 2993 1607 diu!
3012 1554 3121 1606 τῶν
3149 1555 3464 1625 μυστηρίων
3491 1556 4005 1625 μεθερμηειεύεσθαι

2419 1644 2686 1715 βούλεται.
2748 1646 2810 1700 Et
2858 1663 2997 1711 eam,
3056 1663 3172 1717 quae
3214 1664 3375 1701 manu
3450 1658 3499 1702 et
3538 1658 3837 1701 atramento
3904 1666 4004 1701 ar.»

2420 2018 2628 2070 arcanis
2657 2018 2879 2085 exprimi
2909 2020 3098 2072 suevit.
3126 2016 3365 2071 Primum
3394 2032 3523 2088 ergo
3553 2017 3655 2071 fuit
3679 2032 3706 2070 a
3745 2018 3998 2080 secretis,

2419 2116 2475 2162 et
2510 2122 2540 2160 a
2587 2108 2832 2162 consiliis
2879 2108 3226 2177 imperatoris
3264 2127 3275 2160 :
3310 2107 3574 2176 deinceps
3618 2123 3727 2161 non
3782 2119 3991 2168 statim,

2420 2194 2515 2249 sed
2555 2206 2842 2265 postquam
2868 2198 2987 2262 eius
3028 2197 3160 2252 ﬁdes
3197 2207 3436 2266 spectata
3474 2197 3595 2260 fuit,
3630 2198 3859 2266 publicis
3893 2214 4000 2252 ne-

2421 2287 2580 2356 gotiis
2636 2289 2980 2344 destinatur:
3036 2299 3091 2343 ct
3122 2305 3218 2344 uos
3247 2290 3738 2353 adolescentulum,
3781 2300 3832 2343 et
3881 2305 4000 2344 non

2422 2378 2563 2432 ultra
2602 2380 2786 2449 viginti
2819 2390 3053 2450 quatuor
3075 2396 3344 2435 annorum
3370 2382 3802 2435 somniabimus?
3825 2383 3999 2436 Tem»

2421 2487 2525 2543 pus
2555 2472 2714 2542 idque
2745 2488 2852 2527 non
2878 2474 3155 2545 exiguum,
3190 2485 3244 2528 et
3268 2474 3604 2544 etperientia
3627 2474 3782 2545 longa
3811 2490 4002 2529 anno-

2422 2574 2542 2612 rum
2569 2561 2709 2614 serie
2739 2561 3045 2614 examinata
3082 2561 3241 2614 ﬁdem
3272 2561 3508 2617 hominis
3530 2562 3976 2632 comprobabvnt

2424 2652 2721 2722 Sophocles
2749 2654 2801 2707 in
2835 2654 3045 2724 OEdipo
3069 2667 3298 2724 tyranno
3344 2675 3355 2707 :

2496 2806 2699 2879 Χρόνος
2726 2808 2933 2879 δίκαιον
2954 2808 3123 2878 ἄνδρα
3145 2808 3327 2862 δείκνυ
3339 2826 3387 2861 τι
3423 2809 3601 2879 μυί-θος,

2494 2878 2680 2930 lictbe
2717 2880 2772 2932 δὲ
2811 2878 2913 2932 κᾶν
2940 2882 2998 2931 ἐν
3037 2882 3217 2948 ἡμέρῃ.
3252 2878 3441 2946 γνοίης
3480 2882 3600 2950 μιᾷ.

2502 2992 2719 3057 Tempus
2749 2991 2937 3042 bonum
2965 2993 3200 3042 declarat
3226 2991 3534 3042 immensum
3566 2990 3756 3042 cirum.

2495 3058 2623 3114 Cum
2655 3061 2720 3113 sit
2746 3062 2855 3113 dics
2887 3060 3016 3113 satis
3042 3076 3143 3112 una
3172 3060 3451 3127 prodendis
3480 3061 3654 3112 malis.

2496 3186 2565 3238 At
2589 3185 2822 3253 ponebat
2847 3194 2959 3237 tum
2992 3182 3211 3236 virtutis
3260 3182 3571 3236 tirocinium
3608 3182 3708 3236 sub
3731 3181 3978 3237 Himerio

2430 3274 2504 3330 Ita
2526 3284 2628 3329 est.
2659 3275 2765 3329 Sed
2793 3275 2950 3343 cujus
3000 3274 3221 3328 virtutis
3247 3274 3270 3326 ?
3303 3274 3459 3327 Aliud
3488 3285 3574 3326 est
3608 3274 3815 3327 militia:
3845 3283 4001 3345 tyro-

2430 3365 2630 3419 cinium
2681 3378 2804 3417 cum
2852 3364 2906 3416 in
2956 3372 3130 3416 castra
3171 3362 3514 3423 deducimur,
3572 3363 3756 3431 ibique
3803 3363 4004 3431 primis

2430 3459 2561 3512 artis
2612 3456 2860 3509 militaris
2919 3455 3209 3524 praeceptis
3278 3455 3596 3516 initiantur,
3648 3469 3767 3524 quae
3817 3456 4005 3525 potius

2433 3547 2635 3600 militia:
2691 3546 3119 3613 auspicamenta,
3153 3553 3208 3598 et
3241 3544 3531 3605 elementa,
3561 3552 3615 3596 ct
3668 3542 4007 3598 incunabula

2433 3640 2539 3694 dici
2584 3647 2906 3691 merentur:
2955 3637 3100 3690 aliud
3124 3645 3209 3691 est
3248 3636 3611 3703 imperatoriae
3651 3637 3867 3690 virtutis
3927 3637 4004 3690 ti-

2435 3729 2721 3792 rocinium,
2763 3741 2887 3781 cum
2934 3724 3174 3779 atriensis
3198 3723 3449 3777 militaris
3497 3721 3614 3794 [57]
3647 3723 3853 3791 peritia:
3905 3739 4010 3776 ru-

2436 3818 2693 3874 dimentis
2720 3818 2786 3871 ad
2831 3816 3060 3885 majora,
3090 3824 3147 3868 et
3171 3814 3438 3868 nobiliora
3487 3815 3713 3883 gradum
3749 3813 4005 3878 iacimus,

2435 3923 2490 3967 et
2518 3909 2733 3982 regendi
2796 3909 2950 3973 alios,
2982 3918 3033 3962 et
3072 3907 3308 3962 ducendi
3359 3906 3651 3967 exercitus.
3688 3914 3742 3958 et
3778 3905 4009 3958 fallendi

2438 4001 2716 4055 inimicum
2774 4008 2944 4052 artem
2992 3997 3302 4057 ediscimus.
3352 3994 3595 4063 provecti
3648 3994 3761 4062 jam
3820 4002 4009 4048 atate,

2438 4108 2548 4145 non
2597 4092 2846 4159 juvenes,
2906 4088 3081 4158 qualis
3117 4097 3235 4140 erat
3285 4085 3521 4156 Symeon
3554 4085 3656 4138 iste
3708 4083 3851 4154 apud
3906 4082 4010 4137 lli-

2439 4182 2691 4244 ntcrium,
2732 4189 2791 4234 ut
2838 4180 2953 4249 ipse
3003 4185 3191 4247 aperte
3220 4177 3329 4229 ait:
3390 4175 3591 4227 Τούτου
3657 4174 3757 4243 μὲν
3807 4174 4009 4242 ἐκείνῳ

769 4278 917 4347 ginta
964 4278 1206 4347 quinque
1274 4278 1555 4332 minimum
1620 4279 1847 4334 natus?
1913 4277 2062 4333 Ordo
2124 4295 2323 4348 quoqut

2440 4271 2966 4341 συστρατευόμενος,
3014 4271 3108 4322 καὶ
3161 4266 3624 4337 προόιὸαζόμενος
3674 4265 3752 4327 εἰς
3806 4266 4011 4334 πεῖραν

770 4368 885 4437 ipse
936 4384 1117 4422 rerum
1172 4379 1444 4439 gestarum
1486 4370 1537 4425 id
1576 4371 1833 4440 postulat,
1875 4371 1926 4425 id
1974 4371 2238 4440 exposcit,
2285 4370 2323 4423 it

2441 4363 2851 4435 στρατηγικὴν,
2902 4356 2990 4414 οἷα
3040 4360 3218 4423 πῶλος
3278 4361 3443 4428 μητρὶ
3524 4359 3659 4427 πρὶς
3739 4358 3805 4409 τι
3881 4374 4011 4423 γεν-

769 4458 992 4512 stabilit.
1038 4460 1341 4528 Antequam
1392 4461 1539 4514 enim
1582 4459 1973 4531 Metaphrastes
2015 4460 2200 4513 munia
2234 4474 2323 4528 pu-

2442 4456 2699 4509 ναιὸτατα
2748 4455 2857 4507 τῶν
2910 4453 3382 4524 στρατηγημάτων
3417 4450 3749 4517 συσκαέρων.
3796 4448 4012 4503 Partim

772 4551 931 4612 bliea,
966 4560 1021 4604 et
1064 4551 1360 4621 legationes
1396 4553 1541 4622 apud
1577 4562 1791 4607 exteras
1840 4552 2089 4605 nationes
2135 4551 2331 4609 obiret.
2368 4558 2413 4613 ι)
2442 4563 2557 4599 cum
2601 4563 2659 4599 eo
2691 4545 2924 4598 militans
2972 4543 3042 4597 ad
3094 4543 3448 4611 imperatoria:
3491 4543 3625 4593 artis
3693 4542 4010 4594 documenta

772 4642 827 4694 in
857 4641 974 4695 aliis
1015 4640 1224 4704 olliciis,
1257 4656 1377 4710 quae
1415 4642 1689 4712 privatim.
1721 4649 1778 4696 et
1822 4642 1963 4695 inter
2006 4639 2337 4693 domesticos
2438 4638 2831 4708 prontovettdus,
2856 4645 2911 4688 ut
2934 4634 3152 4704 equulus
3176 4633 3336 4685 matri
3361 4634 3485 4685 solet
3512 4632 3581 4683 ad
3600 4632 4016 4700 prwclarisst'ma

776 4732 1008 4800 parietes
1046 4740 1388 4794 exercentur,
1429 4731 1570 4800 apud
1616 4731 2002 4800 imperatorem
2033 4728 2118 4782 sui
2157 4728 2337 4796 speci-
2440 4735 2821 4795 stratagemata
2840 4724 3098 4778 assiliens.
3121 4722 3419 4792 Strategica
3454 4723 3597 4775 enim
3630 4731 3730 4782 est,
3768 4730 3825 4774 ut
3857 4723 4013 4775 Uno—

775 4838 897 4876 mcn
925 4822 1168 4887 dederat,
1223 4830 1444 4890 tumque
1491 4837 1615 4876 cum
1647 4823 1699 4875 in
1736 4822 1968 4884 arcanis,
2013 4830 2067 4874 et
2110 4820 2339 4874 secretis
2439 4818 2636 4872 sandcr
2652 4826 2708 4871 et
2730 4815 3155 4883 Leoimperator
3177 4813 3418 4873 tradunt,
3440 4811 3762 4879 στρατηγῶ)
3786 4811 4015 4876 ἀγαθῶν

775 4913 1016 4967 consiliis
1046 4913 1177 4965 fides
1210 4912 1351 4967 illius
1377 4912 1632 4978 innotuit,
1661 4913 2047 4981 imperatorum
2082 4911 2339 4965 mandato
2439 4911 2691 4977 ἄσκησις,
2719 4917 3053 4960 strenuarum
3103 4905 3295 4956 ducum
3339 4902 3667 4955 exercitatio.
3696 4902 3878 4969 quue
3908 4917 4014 4970 po-

776 5006 1019 5073 pubticas
1069 5019 1227 5058 curas
1259 5004 1518 5072 suscepit.
1571 5003 1776 5057 l‘sellus
1811 5021 1823 5056 :
1864 5003 1971 5055 Καὶ
2014 5002 2205 5070 πρῶτα
2239 5001 2341 5070 μὲν
2442 5000 2730 5061 tissimum,
2754 4998 2897 5066 quod
2919 5004 3127 5050 asserat
3146 4993 3562 5063 Metapbrastes,
3586 5006 3695 5045 non
3720 4991 3783 5045 ad
3810 4992 4016 5059 πεῖραν

775 5100 897 5159 ταῖς
951 5096 1382 5166 μυστικωτὲραις
1427 5095 1720 5165 ἐφεστήκει
1769 5092 1878 5146 τῶν
1929 5092 2201 5161 πράξεων,
2246 5093 2323 5146 κα¹

2442 5089 2841 5159 στρατηγικὴν,
2872 5087 3297 5139 exercitationem
3346 5085 3739 5152 stratageticam
3774 5091 4015 5148 tantum,

776 5191 888 5249 τοῖς
932 5186 1262 5257 ἀπορρήτοις
1305 5185 1634 5256 βουλεύμασι
1677 5185 1929 5246 κοινωνὸς
1976 5186 2339 5255 παρειστήκει
2444 5182 2538 5237 sed
2598 5181 2665 5234 ad
2725 5183 2793 5233 τὰ
2843 5178 3199 5246 γενναιότατα
3253 5175 3360 5227 τῶν
3404 5173 3898 5243 στρατηγημάτων,
3943 5185 4016 5227 ad

778 5281 889 5338 τοῖς
938 5277 1415 5346 συμϐουλεύουσιν.
1456 5277 1607 5330 Ἐπεὶ
1640 5276 1753 5346 tu,
1803 5275 1897 5329 τοῦ
1914 5276 2119 5346 τρόπου
2156 5277 2323 5335 πίστις

2442 5269 2852 5339 prtcclarissima
2884 5274 3290 5335 stratagemata.
3322 5262 3497 5325 Dites,
3536 5276 3596 5315 se
3628 5276 3821 5314 vocare
3847 5277 4017 5328 equu-

781 5371 839 5420 ἒν
863 5368 1071 5430 τούτοις
1115 5369 1302 5421 τοῦτον
1332 5368 1586 5438 ἐκήρυξε,
1624 5369 1762 5437 μετὰ
1811 5368 1920 5421 τῶν
1953 5367 2185 5431 ἀδύτων,
2249 5367 2323 5420 κα⁴

2447 5365 2553 5417 lum
2586 5362 2655 5414 ad
2685 5369 2928 5421 ntatrem,
2962 5355 3140 5409 πῶλον
3187 5355 3321 5422 πρὸς
3351 5356 3417 5422 τῇ
3454 5352 3642 5422 μητρί.
3698 5352 4018 5407 δίηιιιὶιυάο

780 5459 880 5519 τὰς
916 5459 1180 5527 κοσμικὰς
1205 5459 1489 5527 φροντίδας
1516 5458 1854 5527 συνείληφεν,
1876 5458 1950 5521 ὡς
1979 5459 2141 5511 αὑτὸν
2180 5473 2323 5525 γεγε

2447 5470 2556 5509 non
2595 5461 2807 5507 aetatem
2842 5449 3083 5519 respicit,
3114 5462 3174 5502 se
3194 5447 3524 5501 docilitatem
3558 5454 3614 5498 et
3639 5444 4013 5512 disciplinam.

783 5551 975 5620 νῆσΟαι
1034 5552 1359 5619 εἰσαγγελέα
1396 5567 1454 5604 τε
1487 5551 1565 5621 τῷ
1612 5549 1902 5620 κρατοῦντι
1948 5550 2057 5602 τῶν
2120 5548 2321 5613 ἔξωθεν

2449 5542 2914 5610 Quemadmodum
2955 5539 3099 5593 enim
3128 5538 3358 5607 equulus
3405 5536 3562 5590 matri
3608 5535 4017 5604 obtemperans,

784 5646 876 5697 καὶ
913 5643 1209 5710 ἐξαγγελὲα
1239 5643 1345 5695 τῶν
1379 5642 1474 5695 τοῦ
1524 5642 1851 5711 κρατοῦντος
1874 5644 1984 5704 τοῖς
2018 5642 2235 5708 ἔξωθεν.
2276 5640 2323 5694 Ε

2449 5634 2836 5701 obediensquc,
2893 5644 2957 5684 ea
3011 5644 3131 5698 quae
3163 5629 3349 5682 matris
3387 5637 3536 5692 sunt,
3574 5626 3825 5689 addiscit,
3861 5626 3932 5679 ita
3965 5636 4016 5678 ·;ι

786 5739 1011 5804 primunt
1077 5737 1285 5804 quidem
1334 5736 1544 5804 prefuit
1584 5736 1734 5788 rebus
1784 5735 1951 5803 magis
2014 5735 2245 5797 arcanis,
2297 5743 2344 5786 et
2450 5731 2543 5800 qui
2575 5729 2827 5783 aliorum.
2858 5727 3088 5795 imperio
3116 5725 3417 5795 morigerus
3454 5723 3663 5787 subest,
3713 5724 4015 5791 cujusctzn-

790 5838 1094 5882 su'rutorum
1139 5828 1470 5882 consiliorum
1509 5828 1606 5893 fuit
1640 5828 1896 5895 particeps
1926 5825 2336 5879 t'ttmt'onsulen-
2449 5838 2553 5890 quc
2610 5820 2697 5873 illc
2756 5817 2828 5872 sit
2864 5817 3058 5877 muttis.
3112 5831 3142 5870 a
3186 5815 3439 5878 ducente,
3479 5828 3541 5868 as
3596 5820 4009 5876 manutcncntc,
