4158 6472
710 439 790 505 89
2035 430 2307 491 LEOle
2346 428 2652 490 ALLATlI

3897 415 3979 482 60

710 569 825 606 i-ms
854 551 1064 606 litteras
1086 551 1138 604 in
1181 551 1346 613 linea,
1370 558 1425 603 et
1458 548 1591 603 alias
1619 563 1783 618 supra
1826 549 1882 603 in
1903 549 2078 619 spatio
2107 549 2289 603 medio
2317 561 2367 618 Α
2391 547 2510 601 aliis
2556 544 2950 610 circumvestit,
2992 559 3283 614 reponens,
3317 542 3511 611 ἐλέχθη
3530 539 3587 594 δὲ
3619 540 3677 592 ὲν
3707 541 3772 608 τῇ
3805 538 3976 609 (Mys.

708 643 910 712 aliquid
956 640 1418 710 deesse.ideoquc
1462 639 1604 693 facili
1653 638 1871 707 negotio
1923 639 2185 710 suppleri,
2236 639 2281 693 si

710 744 926 789 extento
967 732 1251 801 Ῥογερίου
1306 747 1504 786 nomen
1539 730 1818 801 proferas:
1878 746 2004 785 nam
2033 731 2078 785 si
2124 731 2282 801 ρόγου

711 827 984 890 i-ntttltias,
1012 827 1205 881 miram
1230 825 1513 895 scriptoris
1558 826 2095 888 inconsiderantiam,
2121 834 2283 895 atque

711 919 968 987 ineptiam
1014 917 1390 987 deprehendes
1437 917 1529 986 qui
1562 918 1712 972 nullo
1761 917 1960 982 fructu,
1997 926 2053 972 et
2093 927 2151 971 ut
2209 917 2282 971 ita

707 1010 904 1071 dcam,
959 1008 1258 1061 litterarum
1307 1005 1517 1061 fenore
1557 1021 1757 1061 nomen
1814 1004 1945 1059 illud
1976 1021 2038 1060 ea
2074 1007 2284 1061 ratione

717 1101 1042 1163 tit-curtavit,
1105 1100 1252 1168 quod
1285 1108 1502 1168 poterat
1539 1097 1750 1154 facilius
1796 1099 1985 1152 eadem
2035 1099 2175 1152 linea
2202 1099 2285 1152 in-

712 1200 918 1260 hgrum
972 1192 1300 1260 exprimere.
1352 1191 1489 1244 Tum
1525 1191 1668 1245 enim
1710 1190 1928 1244 nomina
1966 1189 2037 1243 ita
2087 1191 2283 1244 decur-

720 1295 925 1349 tantur,
974 1293 1032 1338 ut
1082 1284 1276 1338 litterrc
1318 1283 1452 1337 alias
1490 1284 1545 1337 in
1576 1282 1717 1336 linea
1747 1282 1861 1352 pari
1889 1283 2280 1353 exprimendze,

710 1375 1111 1442 quodammodo
1172 1375 1490 1443 interceptae
1546 1389 1612 1428 ex
1650 1372 1829 1429 indice
1882 1374 2174 1441 superioris
2217 1373 2287 1427 lio

711 1466 902 1529 ueolm,
929 1475 985 1521 et
1030 1467 1330 1520 litterarum
1351 1465 1573 1534 integra:
1605 1465 1908 1519 habeantur
1942 1482 1955 1517 :
1991 1464 2133 1534 quod
2162 1465 2220 1519 fit
2255 1480 2286 1518 a

713 1559 1071 1627 scriptoribus
1097 1561 1180 1612 vel
1209 1573 1334 1612 cum
1368 1558 1550 1627 inopia
1589 1557 1780 1628 papyri
1815 1566 1991 1626 urget,
2028 1558 2114 1613 vel
2143 1566 2285 1612 tem-

712 1665 813 1717 pus
846 1648 1011 1703 breve
1040 1664 1222 1703 moras
1248 1648 1505 1703 sollicitat
1533 1667 1545 1700 :
1581 1648 1783 1716 saepius
1820 1649 1983 1703 etiam
2013 1647 2079 1703 ad
2114 1648 2288 1717 scrip-

717 1748 851 1791 turae
879 1737 1326 1800 concinnitatem,
1376 1747 1431 1789 et
1467 1735 1815 1805 elegantiam,
1845 1745 1900 1788 et
1943 1734 2287 1803 potissimum

713 1828 938 1892 Graecrc.
963 1846 1083 1897 qua:
1138 1828 1409 1882 similibus
1435 1827 1741 1881 litterarum
1768 1826 2051 1890 tractibus,
2089 1833 2144 1880 et
2195 1825 2288 1879 de-

2390 639 2474 693 vel
2519 637 2768 692 fortassis
2796 635 3029 690 ἐνώπιον
3074 636 3175 704 τῆς
3211 635 3401 705 ῥόγας,
3444 648 3501 688 re
3548 632 3665 702 ipsa
3697 639 3751 685 et
3778 631 3973 684 distri-

2388 727 2610 782 butione
2669 740 2955 779 munerum
3025 739 3126 794 pro
3200 731 3478 778 conventu
3508 760 3523 783 ,
3596 733 3974 787 consessuque

2391 826 2608 886 sumpta
2639 835 2650 870 :
2686 816 2831 886 quod
2864 816 2933 870 ab
2966 814 3360 886 ignorantibus,
3408 812 3540 883 quid
3590 812 3691 867 sibi
3745 810 3876 864 velit
3908 812 3978 861 tv

2386 912 2453 981 τῇ
2493 909 2652 981 ρόγᾳ,
2715 910 2796 963 vel
2830 909 3012 977 ρόγου,
3041 916 3097 963 et
3135 907 3533 963 hariolantibus
3591 919 3791 960 nomen
3828 901 3974 958 illud

2386 1016 2507 1056 esse
2538 1001 2758 1056 concise
2781 1001 3046 1070 scriptum
3085 1015 3184 1070 pro
3226 1000 3504 1070 Ῥογερίου
3533 997 3752 1053 titulum
3784 997 3975 1066 ipsum

2388 1092 2659 1147 addidisse
2692 1091 2786 1145 τοῦ
2823 1093 3011 1161 ρηγός.
3055 1093 3185 1159 Quae
3205 1092 3276 1146 ita
3307 1091 3469 1146 velim
3494 1108 3524 1145 a
3551 1089 3848 1145 lectoribus
3869 1102 3975 1141 ac-

2388 1193 2566 1253 cepta,
2600 1194 2657 1237 ut
2684 1199 2746 1237 ex
2784 1184 2870 1237 his
2902 1184 3029 1237 illud
3074 1200 3133 1239 se
3163 1183 3302 1239 scire
3328 1183 3667 1254 profiteatur,
3704 1197 3811 1236 non
3841 1195 3975 1236 esse

2389 1291 2508 1330 eam
2554 1274 2841 1329 ilomiliam
2894 1275 2962 1330 ad
3012 1275 3229 1347 [logei-ii
3276 1287 3517 1345 tempora
3578 1273 3972 1338 referendam;

2387 1376 2583 1421 cattera
2632 1368 2699 1421 de
2737 1368 3056 1438 cpigraphe,
3101 1377 3159 1421 ut
3197 1368 3500 1439 excogitata
3542 1382 3573 1422 a
3597 1382 3668 1422 se
3688 1375 3743 1421 et
3766 1366 3973 1437 Opina-

2389 1468 2440 1513 ta
2470 1474 2576 1513 non
2615 1460 2912 1528 explorata,
2940 1470 3102 1530 atque
3135 1470 3412 1530 comperta
3451 1460 3581 1515 dici.

2462 1548 2686 1604 Subtilis
2710 1557 2813 1614 est,
2845 1560 2901 1605 et
2933 1552 3067 1605 satis
3095 1562 3252 1605 acuta
3284 1549 3504 1622 Rogerii
3537 1549 3590 1604 in
3643 1551 3826 1622 ρόγου.
3871 1549 3972 1603 vei

2392 1642 2557 1712 ῥόῖας
2592 1643 2938 1697 immutatio:
2978 1652 3036 1697 ut
3067 1653 3277 1698 tantum
3326 1644 3671 1713 antiquitatis
3711 1654 3975 1699 servetur

2390 1734 2708 1805 Theophani
2740 1738 2841 1790 sub
2865 1735 3085 1801 Basilio,
3142 1748 3197 1792 et
3228 1738 3428 1792 Leone.
3475 1738 3603 1791 Eam
3631 1748 3811 1792 tamen
3839 1737 3974 1791 nul-

2390 1826 2495 1879 lam
2533 1841 2681 1889 esse,
2725 1836 2784 1881 ut
2821 1828 3036 1896 opinor,
3079 1843 3201 1882 cum
3259 1844 3422 1898 supra
3475 1828 3691 1882 abunde
3728 1828 3972 1882 demon-

714 1922 943 1976 curtatis
986 1921 1210 1991 syllabis
1249 1929 1590 1975 venustatur.
1624 1918 1807 1973 Scorsi
1858 1917 2121 1971 machinae
2157 1931 2287 1971 exa-
2314 1906 2362 1965 Β
2390 1926 2620 1972 stratum
2663 1920 2755 1982 sit,
2786 1920 2934 1974 nulla
2963 1935 3128 1974 causa
3166 1919 3348 1985 fuerit,
3386 1931 3447 1975 ut
3480 1920 3621 1975 vires
3655 1920 3856 1991 ingenii
3896 1922 3971 1974 ad

714 2014 995 2068 minantur
1031 2031 1044 2066 :
1078 2013 1293 2083 Rogerii
1324 2013 1467 2083 regis
1494 2021 1737 2079 tempore
1761 2008 2284 2063 Tauromenitanum

714 2107 1027 2176 episcopum
1050 2105 1319 2167 floruisse,
1351 2104 1437 2157 vel
1470 2102 1631 2157 etiam
1671 2100 1840 2154 fuisse
1875 2101 1928 2154 in
1965 2100 2151 2154 Sicilia
2182 2115 2282 2154 ne-

715 2215 805 2254 mo
829 2200 1045 2263 dixerit,
1079 2198 1160 2253 vel
1204 2200 1425 2263 lectum,
1467 2196 1550 2251 vel
1581 2197 1865 2258 traditum,
1897 2196 2059 2251 modo
2108 2196 2284 2251 histo-

716 2292 918 2350 riarum
951 2290 1204 2355 lectione,
1238 2300 1294 2343 et
1339 2288 1641 2357 prasertim
1674 2287 2041 2342 Siciliensium
2099 2302 2283 2341 rerum

714 2383 993 2453 paululum
1019 2382 1091 2435 sit
1141 2381 1403 2435 imbutus.
1436 2378 1637 2434 Probat
1676 2379 1991 2435 testimonio
2040 2377 2284 2434 Gaufridi

716 2474 998 2530 Malaterra
1049 2488 1236 2528 eorum
1287 2482 1593 2541 temporum
1620 2469 1921 2539 scriptoris,
1952 2470 2042 2540 qui
2080 2470 2134 2524 in
2187 2485 2283 2526 sua

718 2565 956 2619 Historia
986 2565 1150 2619 unius
1185 2572 1394 2617 tantum
1438 2562 1809 2618 Pauormitani
1841 2563 2283 2632 archiepiscopa-

719 2666 807 2713 tus
842 2657 1238 2712 restitutionem
1292 2672 1319 2709 a
1362 2655 1595 2726 llogerio
1620 2655 1844 2719 comite,
1901 2668 1956 2711 et
1984 2656 2122 2711 duce
2179 2654 2285 2711 Ro-

721 2751 875 2804 berto
908 2758 1318 2804 commemorat.
1380 2746 1481 2811 Qui
1515 2763 1645 2800 sane
1691 2764 1810 2800 cum
1861 2757 1972 2800 tam
2006 2747 2287 2816 diligenter

719 2855 897 2891 eorum
952 2850 1242 2907 temporum
1274 2840 1415 2907 (acta
1470 2837 1751 2900 describat,
1803 2838 1847 2889 is
1876 2839 1992 2905 quis
2030 2836 2165 2890 alius
2219 2838 2285 2889 ab

720 2927 813 2979 illa
841 2928 988 2980 clade
1017 2927 1291 2978 incolumis
1337 2927 1584 2980 evasisset
1617 2928 1907 2995 episcopus,
1943 2927 2111 2979 dicere
2147 2937 2286 2979 certe

719 3034 820 3071 non
838 3018 1113 3070 omisisset.
1149 3016 1426 3070 Siluerunt
1447 3017 1685 3070 Thomas
1716 3015 1983 3077 l-‘acellus,
2009 3014 2123 3077 alii,
2147 3030 2287 3085 quo-

723 3125 840 3161 ium
892 3110 995 3163 hoc
1026 3109 1199 3176 ipsum
1246 3107 1346 3161 fuit
1393 3108 1700 3161 institutum
1740 3107 2094 3176 perscrutari,
2129 3118 2179 3161 et
2230 3107 2285 3160 in

723 3201 896 3254 lucem
949 3201 1179 3269 prodere
1233 3201 1483 3254 notitiam
1528 3200 1932 3269 episcoporum.
1971 3200 2026 3253 Si
2080 3201 2283 3269 aliquid

722 3294 788 3346 de
821 3292 1281 3348 Tauromenitano
1300 3294 1558 3361 episcopo
1589 3294 1654 3345 ad
1704 3292 1917 3361 ltogcrii
1952 3293 2094 3362 regis
2150 3303 2288 3345 tem-
2314 3262 2358 3323 Ο

725 3399 851 3440 pora
887 3385 1178 3453 superstite
1215 3384 1407 3437 alicubi
1467 3385 1727 3452 scriptum
1768 3397 1889 3437 esse
1933 3384 2285 3451 reperissent.

722 3476 1083 3545 evulgassent.
1131 3475 1195 3528 Et
1235 3490 1358 3528 cum
1395 3476 1460 3528 de
1512 3475 1632 3528 aliis
1662 3474 2068 3543 episcopatibus
2127 3475 2290 3528 resti-

725 3568 875 3629 tutis,
926 3566 1040 3618 sive
1075 3567 1273 3619 erectis
1317 3580 1440 3618 cum
1477 3582 1506 3618 a
1541 3566 1795 3633 Iingerio,
1836 3575 1948 3618 tum
1978 3582 2006 3618 a
2056 3580 2289 3634 sequen-

724 3658 869 3712 tibus
906 3659 1122 3728 regibus
1151 3661 1405 3712 memoria
1455 3659 1738 3724 baheatur,
1772 3662 1815 3714 si
1871 3659 2290 3714 Tauromenita-

725 3766 827 3804 nos
865 3751 1195 3804 instauratus
1226 3767 1256 3804 a
1304 3753 1536 3822 ltogerio
1570 3767 1694 3819 rege
1748 3752 1960 3814 fuisset,
1992 3754 2044 3807 id
2094 3753 2291 3821 aliquis

712 3842 956 3910 scriptor
983 3841 1261 3896 memoriae
1298 3844 1645 3910 prodidisset.
1681 3841 1972 3912 Propterea
2009 3844 2290 3911 inscriptio

721 3932 813 3983 et)
860 3933 1023 4000 ρηγδς
1063 3948 1171 3985 non
1206 3934 1461 3987 convenit
1490 3950 1614 3988 cum
1646 3935 1730 3997 iis,
1757 3949 1878 4003 qu:e
1939 3935 1990 3988 in
2036 3937 2149 4003 ipsa
2181 3936 2288 3989 llo-

725 4026 865 4078 niilia
916 4026 1189 4089 dicuntur,
1244 4026 1295 4078 in
1339 4042 1443 4094 qua
1500 4026 1753 4095 βασιλεὺς
1805 4026 1918 4096 16η
1961 4027 2287 4095 appellatur,

722 4123 869 4180 cuius
896 4120 1194 4185 prcesentia,
1226 4135 1385 4186 qnam
1429 4134 1568 4171 nunc
1616 4120 1790 4182 timeo,
1850 4128 1898 4170 et
1950 4120 2289 4172 contremisco

721 4210 909 4261 sudore
933 4225 1197 4275 aspersus,
1233 4225 1425 4277 pavore
1455 4218 1759 4275 occupatus,
1792 4211 2081 4262 reverentia
2119 4211 2290 4263 deten-

722 4309 822 4364 tus,
859 4310 1075 4369 parente
1122 4304 1325 4363 anima,
1363 4312 1582 4355 nutante
1624 4312 1815 4367 mente,
1852 4312 1898 4355 et
1958 4303 2289 4357 subsultante

721 4393 892 4453 corde,
920 4392 1199 4445 intercluso
1249 4394 1410 4446 etiam
1448 4394 1583 4447 vocis
1612 4409 1757 4456 sono,
1806 4397 1943 4463 quod
1980 4394 2286 4462 βατιλικλῖς

721 4485 935 4545 ἀκοαῖς,
958 4485 1313 4551 imperatoriis
1344 4485 1559 4538 auribus
1600 4502 1907 4551 sermonem,
1939 4487 2090 4555 quasi
2118 4486 2289 4539 salsu-

2394 2018 2474 2065 tot
2497 2011 2962 2067 comminiscenda
3020 2026 3391 2066 exerceamus.
3425 2010 3642 2083 Rogerii
3695 2027 3811 2067 aevo
3841 2012 3975 2066 nul-

2391 2101 2476 2158 lus
2531 2102 2632 2158 fuit
2664 2102 3159 2158 Tauromenitanus
3190 2103 3500 2174 episcopus,
3548 2104 3974 2173 comprobatur-

2391 2210 2498 2264 que
2531 2195 2747 2250 silentio
2788 2195 3137 2264 scriptorum.
3194 2196 3584 2266 Argumentum
3624 2196 3691 2250 ab
3725 2197 3975 2248 auctori-

2393 2296 2504 2342 tate
2533 2288 2814 2358 negativzr,
2865 2298 3129 2357 quantum
3166 2288 3360 2349 valeat,
3406 2287 3714 2343 doctissimi
3763 2288 3975 2357 quique

2391 2378 2490 2433 viri
2521 2380 2722 2434 sciunt.
2743 2380 2876 2434 Cum
2904 2381 3087 2435 omnia
3126 2382 3452 2451 scriptorum
3482 2389 3835 2435 monumenta
3852 2395 3973 2436 non

2392 2468 2502 2524 sint
2529 2469 2596 2524 ad
2637 2485 2851 2525 manus.
2887 2468 2954 2524 Et
2981 2470 3121 2525 forte
3151 2469 3272 2530 fuit.
3301 2471 3397 2540 qui
3429 2471 3572 2525 illius
3628 2469 3971 2534 meminerit,

2393 2557 2601 2614 incuria
2649 2570 2829 2614 tamen
2892 2559 3196 2625 hominum,
3247 2560 3333 2616 vel
3385 2560 3580 2629 injuria
3634 2570 3971 2630 temporum,

2393 2666 2516 2705 cum
2540 2652 2856 2720 deperditus
2884 2652 2954 2707 sit
3002 2652 3257 2722 scriptor,
3291 2667 3398 2706 non
3435 2652 3608 2722 potuit
3631 2651 3790 2706 nobis
3819 2651 3977 2705 indi-

2393 2743 2521 2797 cari.
2576 2743 2633 2796 ld
2667 2742 2734 2796 de
2787 2741 3172 2798 Panormitano
3215 2744 3378 2798 etiam
3420 2743 3676 2797 restituto
3708 2742 3977 2812 contigis-

2394 2841 2493 2894 set,
2526 2831 2626 2885 nisi
2649 2840 2928 2899 superstes
2952 2829 3244 2886 Gaufridus
3278 2829 3562 2885 Malaterra
3584 2840 3968 2886 memorasset.

2393 2922 2459 2976 Et
2486 2924 2694 2993 liogerii
2719 2934 2962 2993 tempore
2991 2926 3174 2994 plures
3201 2926 3254 2979 in
3287 2925 3468 2979 Sicilia
3500 2926 3788 2995 episcopos
3811 2923 3971 2980 Grae-

2394 3030 2488 3069 cos
2517 3015 2683 3069 fuisse
2710 3016 2923 3083 probari
2957 3027 3137 3080 potest
3168 3033 3231 3071 ex
3285 3016 3500 3087 Rogerii
3526 3018 3751 3088 Ectypo,
3807 3017 3976 3087 cujus

2392 3106 2633 3160 Clamant
2684 3109 3092 3175 inscriptionem
3126 3109 3284 3162 nobis
3327 3108 3559 3164 Scorsus
3604 3110 3672 3162 ab
3700 3110 3821 3163 aliis
3873 3124 3975 3163 ac-

2394 3209 2603 3267 ceptam
2639 3201 2922 3268 expressit.
2965 3200 3082 3265 Qua
3125 3203 3268 3255 enim
3302 3218 3465 3256 causa
3499 3202 3767 3273 Rogerius
3817 3201 3973 3257 Cras-

2392 3294 2470 3348 cis
2503 3294 2695 3346 litteris
2729 3310 2927 3346 nomen
2970 3294 3209 3362 imprimi
3233 3309 3392 3348 suum
3427 3295 3789 3363 procurasset,
3832 3294 3875 3348 si
3941 3310 3971 3347 a

2391 3389 2612 3440 nemine
2665 3387 2746 3439 κει
2805 3386 3222 3456 intelligeretur,
3256 3386 3339 3439 vel
3379 3389 3671 3454 legeretur,
3707 3396 3761 3440 et
3825 3403 3971 3455 prte-

2393 3478 2578 3531 sertim
2604 3491 2670 3529 eo
2702 3486 2966 3545 tempore,
3006 3492 3112 3541 quo
3148 3476 3430 3530 barbaries
3463 3476 3576 3531 fere
3623 3479 3805 3530 omnia
3870 3493 3968 3531 oc-

2393 3579 2706 3637 cupaverat,
2739 3570 3023 3623 exstinctis
3058 3570 3379 3622 litteratum
3414 3569 3684 3638 politioris
3746 3572 3977 3624 lumini-

2394 3662 2536 3715 bus?
2585 3663 2650 3720 Et
2682 3677 2812 3715 sane
2861 3661 3064 3716 nemini
3097 3663 3324 3715 dubium
3353 3677 3473 3716 esse
3512 3662 3673 3716 debet
3704 3679 3769 3715 eo
3829 3675 3976 3716 tem-

2392 3766 2523 3821 pore
2553 3750 2757 3805 Graecis
2781 3750 3019 3805 Siciliam
3052 3752 3380 3817 abundasse,
3425 3755 3667 3806 nondum
3707 3768 3798 3821 per
3824 3752 3976 3807 Lati-

2393 3859 2494 3899 nos
2524 3842 2725 3898 Graecis
2774 3844 3050 3913 episcopis
3106 3845 3368 3914 expulsis,
3416 3846 3499 3899 vel
3549 3861 3761 3899 summo
3801 3847 3972 3900 etiam

2392 3938 2576 3992 studio
2615 3953 2643 3990 a
2691 3936 2921 4006 liogerio
2967 3937 3102 4005 ipso,
3138 3938 3223 3990 cui
3265 3953 3388 3991 cum
3437 3935 3694 3991 Romanis
3745 3939 3976 4006 pontifi-

2393 4029 2550 4082 cibus
2579 4028 2875 4081 inimicitia:
2911 4028 3084 4088 fuere.
3108 4039 3163 4081 et
3191 4043 3397 4098 magna:
3426 4028 3500 4080 rei
3533 4028 3813 4081 familiaris
3832 4044 3975 4082 cor;-

2393 4120 2692 4182 troversire,
2718 4121 3021 4187 procuratis
3048 4162 3061 4186 ,
3096 4130 3154 4173 ut
3176 4121 3355 4173 medio
3372 4118 3694 4178 Schismaic.
3736 4118 3848 4191 [63]
3886 4125 3975 4173 vel

2392 4227 2581 4267 eorum
2615 4226 2831 4281 quoque
2854 4211 3206 4266 auxiliaribus
3257 4213 3542 4266 conatibus
3568 4228 3624 4265 se
3654 4213 3767 4267 suis
3800 4212 3980 4266 hosti-

2393 4303 2495 4358 bus
2519 4303 2769 4357 redderet
2824 4302 3327 4357 formidabiliorem.
3357 4301 3496 4357 Dicit
3527 4301 3806 4356 Malaterra
3862 4303 3978 4359 Ro—

2391 4396 2621 4464 gerium,
2664 4406 2719 4450 et
2750 4395 3043 4450 Robertum
3099 4395 3296 4464 adepto
3346 4394 3614 4449 Panormo
3670 4395 3977 4453 Ecclesiam

2395 4486 2607 4540 Sancta“:
2652 4485 2834 4541 Mariae
2876 4526 2891 4550 ,
2939 4502 3059 4557 quae
3117 4486 3415 4556 antiquitus
3469 4487 3978 4557 archiepisc0patus

723 4575 840 4638 gine
865 4589 1108 4626 amarum
1153 4575 1393 4640 propino.
1435 4573 1606 4629 Tanta
1657 4576 1934 4639 demissio,
2001 4586 2288 4646 tantusque
2322 4593 2367 4652 ι)
2398 4579 2595 4645 fuerat,
2638 4581 2892 4634 violatam
2925 4597 2953 4633 a
2982 4580 3291 4645 Saracenis,
3343 4580 3689 4635 reconciliata
3740 4580 3886 4645 dote,
3918 4593 3979 4637 et

724 4677 925 4717 i-emor
972 4666 1202 4719 dicentis
1251 4667 1469 4719 nonnisi
1510 4668 1578 4721 ab
1608 4668 1955 4736 imperatoria
2006 4669 2289 4737 majestate

721 4755 942 4808 excitari
1005 4756 1219 4809 videtur
1272 4772 1452 4825 posse.
1509 4756 1713 4811 Nomen
1782 4756 2047 4827 βασιλέως
2090 4775 2290 4813 conve-

724 4847 840 4898 nire
872 4845 1105 4915 Hogerio
1133 4862 1238 4899 non
1273 4847 1448 4916 potuit
1479 4857 1534 4901 et
1573 4849 1746 4903 solum
1776 4849 2081 4917 appellatos
2121 4850 2287 4919 impeo

726 4947 931 4990 ratores
975 4954 1004 4990 a
1045 4937 1324 4993 Michaelis
1386 4937 1552 4992 Tertii
1614 4942 1948 5009 temporibus
2001 4958 2171 5011 usque
2223 4946 2289 4998 ad

724 5028 1010 5081 concilium
1069 5031 1441 5084 Florentinuin
1502 5033 1760 5086 trecentis
1818 5043 1941 5103 post
2000 5034 2289 5106 fiogerium

724 5121 881 5173 :tEIlliS
904 5121 1232 5174 celebratum
1255 5125 1603 5193 comperitur.
1637 5125 1792 5189 Ilinc,
1830 5142 2042 5181 necnon
2088 5146 2151 5183 es
2178 5130 2291 5183 dia-

724 5213 957 5277 demate,
983 5223 1038 5267 et
1064 5229 1344 5279 consessu,
1382 5217 1724 5287 adventuque
1750 5220 2147 5290 episcoporum,
2171 5237 2292 5291 quae

725 5321 831 5357 non
865 5307 1012 5369 alibi,
1052 5324 1211 5376 quam
1240 5310 1290 5361 in
1329 5311 1462 5366 urbe
1489 5312 1602 5380 ipsa
1633 5311 2099 5383 Constantinopoli
2156 5331 2288 5369 con-

723 5394 1005 5461 gruentius
1022 5397 1239 5450 evenire
1261 5413 1418 5466 posse
1445 5400 1714 5465 videntur,
1753 5410 1807 5455 et
1841 5401 2141 5471 frequentia
2176 5404 2285 5457 du-

723 5500 868 5547 cum,
919 5496 971 5538 et
1034 5487 1440 5555 magistratuum
1491 5491 1629 5545 aula:
1672 5493 2290 5563 Constantinopolitanm

724 5577 868 5630 illam
907 5578 1193 5632 llomiliam
1237 5580 1706 5651 Constantinopoli
1774 5585 2030 5649 habitam,
2070 5595 2124 5641 et
2156 5588 2287 5641 titu-

724 5669 835 5720 lum
865 5681 1177 5738 corruptum
1202 5674 1509 5740 suspicatur
1539 5676 1768 5730 Scorsus
1800 5693 1815 5739 τ
1857 5685 1912 5731 et
1946 5693 2069 5731 cum
2104 5695 2170 5734 eo
2202 5680 2285 5733 die

728 5761 1079 5827 imperatores
1104 5762 1230 5815 oliui
1250 5778 1313 5817 ac
1337 5764 1653 5833 patriarcha:
1700 5766 1881 5836 ῥῦγας,
1920 5768 2022 5822 hoc
2054 5779 2135 5822 est
2164 5786 2283 5822 Inu-

728 5870 877 5906 nrra.
922 5870 973 5907 rt
1005 5855 1143 5909 ila-ua
1173 5857 1584 5923 distribuerent,
1629 5860 1900 5924 emendat,
1932 5872 1982 5917 ct
2048 5862 2285 5917 vestibus

2392 4673 2727 4727 ornamentis
2784 4673 3167 4727 ecclesiasticis
3220 4674 3458 4735 auxisse.
3537 4685 3977 4745 renovantesque

2394 4766 2700 4819 restituisse
2733 4765 3206 4834 archiepiscopum
3233 4766 3453 4820 natione
3475 4765 3746 4830 Graecum,
3782 4769 3877 4835 qui
3916 4769 3975 4821 in

2395 4873 2632 4926 paupere
2682 4858 2920 4911 Ecclesia
2956 4867 3156 4910 sancta:
3187 4857 3425 4926 (Syriaca:
3466 4858 3670 4911 cultum
3706 4857 3977 4912 Christia-

2395 4968 2475 5004 na».
2501 4950 2773 5020 religionis
2795 4968 2892 5020 pro
2943 4967 3100 5020 posse
3142 4951 3563 5019 exsequebatur.
3592 4950 3868 5020 Quidquid
3902 4953 3973 5006 sit

2393 5041 2459 5095 de
2495 5043 2955 5095 Tauromenitana
2989 5044 3263 5111 episropo,
3294 5056 3358 5094 ex
3406 5042 3492 5096 bis
3524 5040 3819 5096 Malaterrze
3847 5059 3975 5095 ver-

2394 5134 2475 5187 bis
2501 5133 2633 5187 nihil
2660 5134 2724 5187 de
2754 5132 2957 5187 Latinis
3008 5133 3280 5201 episcopis
3319 5133 3535 5186 elicitur
3572 5151 3583 5184 :
3628 5131 3738 5185 imo
3769 5133 3809 5185 si
3844 5147 3973 5185 ver-

2395 5226 2458 5277 ba
2488 5224 2629 5277 illius
2654 5226 2908 5278 attentius
2943 5224 3376 5285 considerentur,
3415 5223 3830 5277 I‘anormitanus
3853 5228 3973 5293 cpi-

2394 5331 2591 5384 ευομυς
2648 5316 2867 5369 Grzecus
2915 5324 3032 5369 erat
3095 5317 3313 5369 natione
3371 5316 3424 5368 in
3491 5315 3694 5384 templo
3760 5327 3970 5369 sauctm

2395 5406 2630 5474 Cyriaca:
2680 5421 3044 5465 commorans.
3098 5415 3149 5458 ιι
3200 5407 3336 5459 forte
3390 5407 3555 5459 etiam
3603 5404 3791 5461 Graeco
3853 5408 3966 5459 ritu

2395 5500 2696 5563 ordinatus,
2728 5499 3024 5567 Grzecoque
3073 5500 3177 5551 ritu
3233 5501 3437 5553 cultum
3479 5497 3806 5553 Christiana:
3840 5501 3973 5553 reli~

2394 5592 2568 5661 gionis
2615 5606 2909 5645 exercens:
2944 5599 2999 5645 et
3039 5597 3183 5645 hunc
3240 5592 3490 5643 eumdem
3523 5606 3630 5644 non
3663 5590 3825 5644 alium
3881 5608 3969 5645 rc-

2395 5695 2646 5738 vocantes
2689 5684 3063 5737 rcstituerunt.
3121 5683 3309 5737 Solent
3338 5684 3387 5735 id
3436 5683 3608 5737 Gncci
3655 5683 3815 5737 etiam
3860 5689 3967 5738 sub

2396 5772 2678 5841 tyrannide
2736 5773 3086 5826 liarbarorum
3140 5812 3152 5831 .
3204 5785 3252 5826 et
3311 5772 3635 5826 Cbristiaum
3690 5774 3968 5843 religionis

2396 5865 2628 5921 hostium
2678 5866 2959 5936 episcopos
3018 5882 3044 5916 :l
3091 5885 3146 5919 sc
3198 5865 3476 5919 ur-liuulos
3526 5865 3737 5919 iuitlcrr
3767 5867 3815 5918 in
3868 5884 3965 5919 6'."-
