4158 6472
758 412 825 473 ΕἹ
2056 414 2330 474 LEONIS

2441 415 2666 474 .I.:\Tll
3930 427 4010 488 ὃς

818 517 952 573 Nam
1035 517 1208 587 excipi
1262 517 1477 571 videtur
1527 518 1750 570 heroum
1788 516 1916 570 illud
1952 536 2141 587 genus.
2172 519 2332 575 Jose-
2362 536 2404 590 Λ
2435 522 2621 575 salutis
2651 521 2776 577 900.
2839 523 2899 575 1·ἰῑ
2953 524 3020 577 de
3073 533 3233 580 aelate
3292 527 3668 600 Metaphrastm
3705 535 3819 592 hac
3876 541 4016 596 satis

747 614 883 683 phus
915 610 1171 680 Scaliger,
1218 611 1307 680 qui
1343 612 1394 662 in
1429 627 1629 665 musaeo
1676 611 1890 664 abditus
1952 613 2321 683 iuclususque,

746 698 892 778 quod
920 715 984 753 ex
1035 700 1153 753 aliis
1187 715 1294 752 non
1338 708 1604 769 potuerat,
1637 715 1695 753 se
1748 701 2003 771 magistro
2024 701 2233 768 didicit,
2270 713 2325 758 ct

746 793 834 845 vix
865 791 1117 845 delibatis
1143 790 1619 860 conjugatiouibus
1641 790 1842 845 Graecis
1874 791 2164 847 llotucrum
2195 810 2320 850 cum

749 882 1195 959 interpretatione
1256 891 1561 951 arreptum,
1616 898 1723 936 uno
1792 892 1845 937 et
1892 883 2079 953 viginti
2132 885 2325 942 diebus

751 984 922 1028 totum
947 973 1134 1027 didicit
1167 973 1429 1042 :poetieae
1459 988 1589 1028 vero
1626 974 1841 1029 dialecti
1873 975 2116 1043 vestigiis
2159 976 2324 1031 insis-

752 1068 870 1119 tens
900 1065 1302 1135 grammaticam
1334 1066 1434 1119 sibi
1486 1066 1584 1136 ipsi
1621 1066 1873 1120 formavit
1904 1085 1916 1120 :
1954 1081 2130 1136 neque
2163 1068 2323 1122 ullam

750 1159 909 1210 aliun
948 1157 1154 1220 didicit,
1182 1172 1344 1226 quam
1376 1174 1496 1227 qua:
1529 1159 1631 1212 sibi
1665 1173 1729 1211 ex
1768 1159 2010 1229 analogia
2037 1161 2325 1213 verborum

752 1250 1156 1303 llomericorum
1187 1252 1466 1304 observata
1510 1251 1628 1304 fuit.
1665 1250 1922 1319 Reliquos
1973 1266 2098 1305 vero
2144 1263 2330 1321 poetas

753 1338 972 1391 (ξι-πέρας.
1029 1355 1222 1393 omnes
1270 1340 1412 1393 intra
1465 1350 1703 1409 quatuor
1763 1356 1980 1395 menses
2031 1342 2329 1397 devoravit.

754 1429 947 1483 Nescio
988 1447 1056 1483 an
1085 1430 1244 1484 citius
1289 1446 1347 1485 se
1382 1433 1732 1500 expediisset,
1766 1434 1807 1486 si
1852 1432 1905 1485 in
1947 1441 2153 1485 vastam
2211 1433 2331 1487 illos

753 1522 1065 1586 voraginem
1121 1521 1283 1574 simul
1353 1522 1630 1591 colligatos
1703 1521 2042 1590 pt'Oth'lSSCL
2105 1523 2330 1576 lmmani

752 1611 935 1663 t'auces
958 1611 1196 1665 diducta:
1234 1611 1402 1674 hiatu,
1448 1627 1582 1679 quas
1615 1622 1719 1664 tam
1759 1613 2330 1680 operosus,indtscre-

753 1718 947 1770 iusque
1001 1702 1156 1755 holus
1193 1716 1301 1754 non
1347 1703 1722 1772 strangulavit,
1783 1705 1874 1758 sed
1907 1704 1975 1757 de
2016 1701 2098 1757 his
2144 1704 2231 1756 alii
2260 1705 2335 1759 di-

753 1802 876 1842 t-ettl
904 1806 916 1840 :
962 1790 1076 1856 ipse
1099 1804 1311 1859 nequeo
1342 1791 1473 1844 satis
1499 1792 1816 1845 decernere.
1858 1793 2062 1847 Addam
2094 1803 2334 1848 tantum-

2429 612 2617 666 tnulta.

2498 704 2592 758 llis
2617 706 2782 759 etiam
2820 716 2987 776 patet,
3023 722 3186 777 quam
3226 709 3462 767 absurde
3517 713 3552 768 ii
3605 726 3785 786 agant,
3822 720 3913 788 qui
3940 736 4012 775 ex

2432 811 2542 850 uno
2565 795 2932 866 Metapbraste
2960 799 3097 853 duos
3126 799 3334 855 faciunt
3373 816 3387 854 :
3423 806 3670 873 quamvis
3718 810 3863 863 enim
3896 811 4015 867 Me-

2429 886 2722 955 taphrastze
2774 902 3074 957 cognomen
3122 905 3151 943 a
3203 893 3597 959 posterioribus
3649 897 3848 956 Graecis
3888 903 4013 957 aliis

2427 974 2599 1029 doctis
2651 974 2982 1040 hominibus,
3043 985 3098 1031 et
3144 977 3255 1032 illis
3298 981 3636 1049 potissimum
3706 987 3798 1049 qui
3856 988 4015 1042 Vitas

2428 1070 2741 1120 sanctorum
2785 1079 2894 1117 non
2934 1065 3073 1119 bene
3113 1077 3391 1133 consutas,
3446 1085 3621 1140 neque
3673 1075 3854 1144 aliquo
3918 1077 4011 1131 di-

2430 1156 2587 1209 cendi
2626 1157 2822 1211 decore
2854 1159 3197 1227 conspicuas,
3225 1176 3364 1215 nova
3398 1161 3613 1219 dicendi
3653 1165 3842 1233 forma,
3892 1184 4010 1224 no—

2430 1264 2604 1317 vaque
2639 1249 2929 1319 ﬁgurarum
2963 1259 3234 1306 structura
3290 1269 3320 1307 a
3351 1268 3476 1309 rure
3530 1265 3583 1310 et
3612 1259 3754 1328 agris
3799 1260 3849 1313 in
3897 1263 4017 1315 elc-

2434 1340 2780 1411 gantissimas
2811 1341 3078 1404 civitates,
3112 1352 3172 1396 ut
3202 1359 3326 1399 cum
3355 1346 3476 1401 aliis
3501 1347 3709 1403 civibus
3738 1352 4013 1419 viverent,

2436 1433 2801 1497 deduxerunt,
2835 1443 2895 1488 ut
2938 1435 2992 1488 in
3044 1434 3405 1491 Constantino
3456 1439 3762 1510 Acrepolita
3806 1443 4015 1498 factum

2435 1525 2690 1590 vidimus,
2724 1535 2963 1580 attamen
2995 1527 3123 1581 dum
3156 1528 3220 1582 de
3239 1528 3506 1599 Symeone
3541 1548 3720 1589 sermo
3759 1544 3858 1597 est,
3893 1538 4016 1591 solo

2437 1614 2818 1685 Metaphrasta:
2870 1620 3196 1687 cognomine
3253 1623 3492 1675 contenti
3550 1623 3699 1679 fuere
3740 1643 3859 1681 cum
3891 1629 4017 1683 aliis

2436 1707 2867 1770 communicant,
2892 1708 2985 1762 τοῦ
3021 1711 3162 1775 νέου,
3199 1711 3442 1767 .lunioris
3470 1715 3668 1771 addere
3706 1733 4017 1774 consueve-

2438 1805 2583 1850 runt.
2641 1798 3108 1863 Quemadmodum
3145 1803 3326 1871 itaque
3356 1804 3649 1860 absurdum
3700 1808 4016 1879 Metaphra-

758 1883 912 1933 .ltmltt
942 1882 1174 1934 Psv‘lnm
1224 1892 1491 1944 nostrum,
1518 1884 1765 1952 quamvis
1793 1893 1848 1937 et
1886 1884 2088 1954 ingenii
2127 1885 2328 1940 acutis-
2357 1876 2404 1935 B
2433 1895 2569 1942 stem
2627 1890 2923 1957 duplicare,
2979 1892 3047 1945 ita
3111 1908 3175 1946 ex
3219 1892 3484 1963 Symeone
3535 1912 3676 1951 novo
3712 1899 4012 1973 Theologo,

754 1973 872 2026 simi
914 1973 1094 2036 fuerit,
1131 1982 1182 2027 ct
1219 1976 1492 2028 memoria:
1546 1975 1899 2029 tenacissima:
1949 1986 2003 2030 ct
2056 1992 2334 2045 numquam

754 2064 1048 2117 ilttcrtnissi
1083 2064 1283 2118 laboris
1331 2064 1608 2118 hominem
1640 2065 1828 2130 fuisse,
1855 2081 1955 2120 uec
1986 2082 2148 2136 supra
2171 2084 2333 2137 quam

753 2154 930 2206 ferant
954 2154 1102 2207 vires
1139 2154 1390 2208 humanm
1416 2157 1695 2224 potuisse;
1733 2171 1902 2225 quare
1930 2172 2055 2211 cum
2090 2166 2336 2230 tempore

752 2256 805 2298 et
834 2254 990 2297 :etate
1035 2246 1085 2297 in
1141 2248 1352 2308 studiis,
1409 2255 1463 2301 et
1496 2249 1858 2317 comparanda
1890 2251 2177 2319 prudentia
2208 2267 2339 2321 pro-

754 2333 969 2397 iecisse,
1020 2345 1075 2387 et
1109 2335 1247 2397 haec,
1290 2352 1411 2405 qute
1461 2354 1524 2391 ex
1577 2340 1694 2407 ipso
1737 2341 2043 2406 retulimus,
2084 2357 2192 2397 non
2227 2343 2332 2397 alia

753 2439 914 2490 (piam
942 2423 1083 2475 dicta
1109 2434 1265 2477 amite
1293 2435 1610 2495 attentassc,
1628 2428 1967 2498 ausisseque.
2014 2430 2338 2487 Pervenisse

755 2514 918 2567 etiam
949 2513 1013 2567 ad
1046 2513 1350 2567 Romanum
1402 2516 1691 2587 Diogenem
1737 2535 1801 2573 ex
1834 2521 2077 2589 ejusdem
2108 2523 2171 2576 ad
2204 2525 2340 2578 alios

755 2611 809 2655 et
838 2603 1089 2655 eumdem
1123 2603 1481 2666 orationibus,
1510 2607 1872 2663 certissimum
1896 2610 1974 2662 tit.
2008 2612 2185 2675 Quare
2213 2628 2337 2666 cum

757 2694 990 2761 imperio
1046 2692 1229 2748 Basilii
1267 2693 1529 2762 Junioris,
1579 2707 1634 2751 et
1693 2698 2035 2755 Constantini
2101 2703 2343 2776 Porphy-

757 2789 1112 2851 roga-nuette,
1190 2784 1290 2836 sui)
1370 2798 1479 2852 quo
1574 2784 1964 2855 Metapbrastes
2052 2789 2339 2857 ﬂorebat,

758 2880 1016 2938 nepotqu
1049 2870 1190 2924 circa
1222 2886 1423 2926 annum
1474 2873 1820 2931 millesimqu
1872 2890 2059 2939 natum
2108 2898 2217 2936 non
2254 2884 2342 2937 in-

758 2976 996 3032 congrue
1034 2963 1371 3029 dixerimus;
1422 2966 1769 3037 potuisseque
1817 2972 2102 3026 commode
2148 2974 2335 3039 abiis,

760 3055 851 3122 qui
883 3055 1202 3108 defunctum
1237 3054 1657 3125 Metapbrastem
1690 3061 1958 3128 viderant,
1983 3077 2104 3132 quas
2138 3066 2191 3119 in
2223 3068 2342 3137 ejus

761 3146 911 3199 obitu
939 3160 1195 3210 evenere,
1220 3148 1427 3213 audire,
1453 3160 1508 3203 et
1527 3150 1646 3204 aliis
1661 3152 1864 3220 scripto
1889 3155 2119 3210 tradere.
2141 3156 2341 3221 Quem-

762 3239 1054 3291 admodum
1097 3243 1196 3309 cgb
1248 3241 1359 3309 jam
1404 3241 1519 3296 fere
1562 3244 1943 3313 sexagenarius
1999 3248 2164 3302 multa
2192 3264 2221 3302 a
2250 3264 2336 3304 se-

764 3330 1031 3396 nioribas,
1064 3332 1156 3401 qui
1191 3331 1456 3397 viderant,
1498 3335 1815 3391 adolescens
1838 3338 2015 3393 audivi
2056 3350 2181 3395 ante
2213 3356 2341 3397 een-

765 3429 878 3475 tum
906 3438 1079 3477 annos
1108 3433 1277 3493 gesta.
1307 3423 1488 3493 Neque
1509 3425 1560 3479 id
1586 3427 1824 3496 implicat
1846 3432 1989 3483 :ntati
2009 3448 2339 3503 mezc,quam

766 3531 899 3585 ago,
928 3531 1105 3583 neque
1136 3516 1365 3584 tempori
1401 3534 1509 3587 quo
1536 3519 1649 3572 haec
1684 3521 1881 3574 scribo.
1916 3520 2094 3586 Quare
2121 3540 2221 3578 nec
2259 3534 2345 3580 est

763 3607 902 3660 alius
961 3605 1163 3662 l’sellus
1198 3607 1381 3675 junior
1436 3611 1780 3678 quaerendus,
1840 3613 1928 3681 qui
1980 3614 2338 3671 laudationem

766 3699 909 3750 illam
934 3700 1230 3769 scripserit.
1258 3698 1397 3765 Quid
1428 3704 1494 3755 de
1534 3700 1711 3756 Psello
1736 3705 1998 3772 prtefante
2029 3707 2081 3760 in
2123 3706 2341 3778 Dioptra

767 3787 1001 3857 Philippi
1057 3790 1399 3846 sentiendum
1453 3793 1540 3858 sit,
1590 3796 1809 3850 abunde
1841 3797 2045 3852 dixiin
2099 3799 2340 3856 Diatriba

769 3895 887 3933 mea
912 3883 979 3935 de
1008 3882 1220 3938 Psellis.

838 3971 1011 4025 Nmis
1037 3974 1250 4027 tandem
1282 3976 1559 4031 subtiliter
1582 3979 1921 4047 explicantur
1947 3981 2111 4036 verba
2142 3981 2301 4037 Pselli
2326 4002 2339 4050 ;

768 4060 895 4112 dum
931 4063 1295 4117 narrationem
1327 4080 1420 4119 ore
1441 4066 1636 4121 laetam
1690 4082 1812 4122 cum
1864 4085 1947 4136 ea,
1988 4087 2108 4141 qua
2138 4077 2342 4143 scripto

771 4152 1000 4204 traditur
1021 4154 1433 4209 contundimus.
1488 4156 1571 4210 Ita
1607 4158 1888 4228 loquimur,
1935 4164 2105 4217 dicere
2137 4168 2345 4236 aliquid

769 4240 1084 4307 Ciceronem,
1156 4243 1378 4309 Lit-ium,
1451 4246 1721 4311 Tacitum,
1780 4266 1879 4302 non
1938 4256 2088 4315 quasi
2121 4257 2158 4308 ii
2222 4267 2343 4311 tunc

769 4332 966 4395 vivant,
1027 4335 1115 4387 sed
1189 4338 1315 4404 quia
1358 4339 1524 4390 omnis
1576 4341 1749 4392 (etatis
1797 4342 2090 4397 hominibus
2128 4346 2338 4401 illorum

770 4425 965 4491 scripta
1028 4425 1331 4494 loqutmtur.
1358 4426 1426 4481 Ut
1461 4436 1666 4482 taceam
1702 4433 1845 4501 cogit
1893 4438 2196 4491 reverentia
2217 4440 2340 4502 viri,

769 4530 928 4582 quem
954 4516 1024 4567 ob
1053 4514 1352 4568 doctrinam
1384 4518 1733 4585 singularem,
1759 4529 1810 4574 et
1841 4521 2077 4577 laborem
2107 4527 2336 4583 immen-
2363 4543 2415 4602 Ι)
2446 4514 2687 4603 tsi-rum,

772 4614 891 4651 sum
925 4615 1275 4668 summopere
1299 4604 1554 4668 suspicio.
1587 4605 1743 4660 Plura
1775 4624 1933 4676 posse
1963 4613 2146 4668 dicere
2172 4619 2342 4673 satius

772 4700 878 4752 est,
907 4705 1066 4758 quam
1122 4691 1321 4745 dicere.
1371 4692 1467 4746 llis
1506 4711 1718 4765 quoque
1771 4702 2035 4755 refellitur
2075 4709 2346 4763 sententia

771 4780 916 4835 l’ctri
983 4778 1220 4835 Lansclii
1269 4783 1630 4852 disputatione
1687 4792 2020 4861 apologetica
2049 4796 2115 4850 de
2158 4810 2345 4853 sancto

774 4868 1045 4938 Dionysio,
1071 4880 1232 4939 atque
1258 4874 1374 4941 ejus
1400 4877 1636 4945 scriptis,
1680 4889 1880 4935 temere
1908 4884 2120 4941 decimo
2143 4892 2343 4945 smeulo

776 4958 1098 5028 Svmeonem
1149 4962 1569 5033 Metaphrastrm
1605 4972 1900 5037 portentis:
1940 4990 2171 5046 namque
2216 4996 2342 5036 eum

774 5054 932 5107 initio
965 5056 1092 5107 noni
1134 5054 1525 5125 Mctapbrastes
1564 5074 1727 5127 esset,
1779 5075 1835 5118 ut
1891 5083 2051 5136 supra
2090 5072 2345 5140 probavi-

775 5161 916 5205 mus.
959 5156 1116 5199 aetate
1151 5150 1506 5215 provectiore,
1542 5169 1644 5206 non
1679 5156 1852 5223 potuit
1913 5160 2124 5216 decimo
2153 5180 2343 5232 super-

775 5234 975 5298 vivere,
1010 5236 1111 5289 nisi
1143 5251 1266 5291 eum
1295 5241 1607 5293 centenario
1646 5246 1903 5312 majorem
1948 5250 2109 5304 vitam
2141 5253 2341 5310 obiisse

772 5325 1034 5378 dicamus.
1082 5325 1271 5381 Nullus
1302 5327 1539 5393 interim,
1568 5341 1627 5385 ut
1657 5333 1712 5387 id
1742 5350 1959 5406 quoque
1988 5351 2171 5395 notem
2200 5344 2343 5399 inter

774 5412 1070 5466 ll.ereticos
1089 5415 1299 5468 cautius
1339 5417 1550 5472 locutus
1596 5429 1699 5485 est,
1731 5433 1787 5477 et
1842 5440 1954 5478 rem
2017 5444 2116 5482 acu
2144 5433 2340 5501 tetigit,

774 5520 787 5554 ι
815 5515 829 5553 ῖ
860 5504 1146 5570 proverbio
1176 5505 1366 5567 fertur,
1416 5507 1529 5580 [72]
1562 5526 1724 5579 quam
1784 5515 2106 5576 Franciscus
2156 5523 2341 5580 Godu-

780 5615 793 5637 ι
835 5593 1011 5645 -μιςόιε
1041 5592 1371 5650 Pra-sulibus
1398 5600 1602 5667 Anglia:
1644 5617 1766 5672 cap.
1812 5622 1848 5659 ι.
1886 5608 1950 5662 de
1969 5610 2341 5671 Conuersione

779 5685 828 5731 l.l
869 5700 1078 5738 ’.ιηιιιέῐέσ
1107 5684 1515 5755 Metaphrastes,
1562 5694 1868 5763 octingentis
1899 5710 1943 5751 ct
1978 5706 2205 5771 amplius
2236 5724 2334 5761 an-

774 5792 847 5825 :ig
896 5788 1000 5826 mil
1044 5777 1232 5831 obitum
1262 5780 1321 5832 Ι).
1356 5779 1501 5834 Petti
1536 5786 1680 5843 vivit,
1707 5805 1732 5837 ε·
1758 5807 1843 5841 tm
1884 5810 2079 5847 (mnum
2109 5798 2342 5853 t'iclcllrt"

2431 1977 2547 2032 sive
2572 1980 2791 2048 juniore
2819 1991 2873 2035 et
2905 1980 3174 2053 Symeone
3215 1984 3584 2055 Metapbraste
3615 2007 3781 2046 unum
3828 1994 4015 2050 facere

2431 2069 2775 2140 Symeonem,
2807 2073 2951 2143 quod
2996 2076 3303 2145 suspicatur
3341 2077 3648 2147 Gretserus,
3680 2084 4016 2142 absurdissi-

2432 2176 2580 2214 mum
2637 2162 2822 2217 t‘uerit.
2872 2163 3190 2235 Suspieatur
3248 2170 3395 2223 enim
3456 2172 3787 2242 ipsissimum
3841 2176 4021 2233 Meta-

2432 2252 2711 2322 phrastem
2746 2270 2868 2311 esse
2911 2257 3237 2328 Symeonem
3272 2261 3425 2316 illum
3470 2263 3746 2321 Juniorem
3781 2267 4025 2325 Theoloc

2432 2360 2583 2415 gum,
2636 2347 2794 2416 cujus
2841 2346 3129 2404 Orationes
3176 2352 3244 2406 de
3301 2354 3544 2410 moribus
3594 2355 3919 2417 Christianis
3948 2364 4020 2417 'et

2435 2439 2783 2493 monasteriis
2817 2443 2979 2495 vertit
3007 2457 3073 2496 ex
3097 2440 3288 2498 Gmco
3310 2444 3588 2503 Pontanus
3615 2459 3669 2504 et
3700 2451 4020 2520 publicavit.

2438 2526 2561 2581 Vult
2592 2529 3442 2606 dictumJunioremTheologum
3472 2550 3721 2609 respectu
3738 2542 4023 2613 antiquio-

2435 2617 2509 2670 ris
2534 2616 2777 2689 Gregorii
2833 2618 3188 2686 Nazianzeni,
3230 2628 3320 2694 qui
3372 2625 3631 2700 Tbeologi
3662 2645 3860 2686 nomen
3885 2633 4027 2686 ade-

2438 2717 2562 2776 ptus
2591 2708 2790 2765 fuerat.
2819 2710 3015 2767 Subdit
3046 2714 3103 2767 in
3139 2712 3320 2771 Indice
3362 2716 3713 2776 Bibliotheca:
3744 2722 4025 2779 Vaticana:

2438 2800 2490 2852 in
2524 2801 2645 2854 cod.
2679 2801 2770 2866 '58,
2805 2803 2908 2873 legi
2949 2821 2959 2856 :
2988 2804 3092 2857 Τοῦ
3151 2806 3545 2877 Μεταφραστοῦ
3594 2811 3762 2883 κυροῦ
3792 2813 4026 2881 Συμεὼν

2437 2890 2529 2942 ταῦ
2557 2890 2676 2944 νέου
2704 2891 2967 2961 Θεολόγου
3000 2895 3129 2965 περὶ
3157 2899 3448 2969 προσοχῆς.
3500 2898 3873 2969 Metapltrastte
3907 2903 4028 2957 Do—

2439 2980 2857 3051 mim’Symeom's
2880 2986 3018 3049 novi,
3050 3001 3159 3063 seu.
3176 2987 3407 3055 junioris
3453 2970 3697 3064 Tlteologi
3726 2996 3789 3048 de
3834 2994 4030 3049 Atten-

2442 3072 2597 3124 tioue.
2628 3071 2790 3127 Vides
2818 3089 2965 3139 eum,
3020 3075 3110 3144 qui
3137 3077 3321 3145 junior
3361 3078 3666 3153 Theologus
3695 3096 3799 3148 est,
3836 3088 4029 3142 nomia-

2443 3162 2561 3214 nari
2595 3161 3055 3232 Metapbrastem?
3082 3164 3193 3221 Nec
3235 3168 3471 3234 obstare,
3497 3174 3640 3241 quod
3677 3173 3883 3229 Psellus
3912 3179 4025 3233 alia

2444 3253 2689 3318 ejusdem
2730 3255 2933 3324 scripta
2969 3271 3079 3311 non
3111 3262 3469 3328 recensuerit,
3506 3277 3609 3318 nec
3664 3268 4029 3324 monachatus

2446 3346 2793 3413 meminerit;
2844 3362 2973 3403 nam
3005 3348 3215 3406 Psellus
3245 3352 3378 3409 satis
3402 3354 3591 3410 habuit
3616 3357 3864 3415 historica
3890 3378 4030 3416 san-

2444 3445 2657 3492 elerum
2721 3441 2994 3496 volumina
3048 3444 3339 3515 attingere,
3395 3456 3445 3502 et
3498 3449 3740 3504 brevitati
3794 3454 4031 3509 studens

2445 3544 2554 3583 non
2593 3532 2774 3585 omnia
2805 3532 2873 3587 de
2899 3547 2986 3596 eo,
3017 3549 3138 3604 quae
3177 3546 3406 3606 poterat,
3463 3540 3553 3593 sed
3574 3542 3813 3610 quaedam
3843 3544 4029 3599 addu-

2446 3637 2570 3676 cere
2601 3624 2813 3691 voluit;
2851 3627 3404 3700 testariqucidipsum
3437 3634 3741 3688 cncomium
3783 3636 3937 3691 valde
3970 3649 4033 3692 et

2448 3715 2632 3777 rebus,
2665 3725 2719 3769 et
2744 3716 2925 3771 verbis
2945 3719 3244 3774 concisum.
3274 3721 3495 3777 Poterat
3532 3723 3710 3791 plures
3736 3725 3868 3779 alios
3904 3742 4034 3781 ma-

2450 3813 2758 3877 nuscriptos
2799 3811 3017 3866 codices
3065 3827 3191 3866 cum
3220 3827 3287 3866 ex
3316 3813 3593 3879 Vaticana,
3626 3824 3737 3868 tum
3789 3832 3852 3872 ex
3898 3819 4031 3873 aliis

2449 3898 2793 3955 bibliothecis
2836 3902 3103 3957 adducere
3133 3945 3146 3967 ,
3197 3903 3288 3973 qui
3341 3903 3757 3973 Metapbrastem
3815 3923 4027 3964 novum

2450 3988 2785 4063 Thcologum
2849 3994 3150 4049 nominant.
3216 3996 3439 4066 Συμεὼν
3471 3997 3563 4050 τοῦ
3622 4001 4028 4071 Menapis-.66

2449 4084 2544 4136 καὶ
2574 4084 2696 4136 νέου
2736 4084 2999 4153 Θεολόγου
3046 4087 3315 4155 κεφάλαια
3348 4088 3528 4159 ἕτερα.
3552 4089 3819 4159 Symeonis
3850 4097 4027 4147 Meta-

2448 4174 2700 4243 pttmsm',
2738 4185 2783 4228 et
2798 4176 3033 4244 junioris
3062 4177 3301 4249 Tlteologi
3333 4183 3510 4248 capita
3541 4183 3671 4236 alia.
3704 4184 3807 4237 Τοῦ
3832 4185 4028 4239 Μεταο

2450 4262 2713 4330 opas-:05,
2751 4264 2782 4334 ἦ
2816 4264 2937 4317 νέου
2983 4265 3243 4334 Θεολόγου
3308 4270 3434 4341 περὶ
3490 4272 3661 4342 ἀρχῆς
3726 4272 3839 4342 giae
3905 4279 4027 4339 τυῖς

2447 4355 2731 4425 ἀρχαρίθις
2793 4361 3062 4429 μοναχοῖς.
3118 4359 3510 4429 Mctaphrastaz,
3542 4367 3647 4419 sive
3700 4368 3815 4419 nori
3860 4367 4027 4421 Theo.

2448 4446 2550 4515 logi
2566 4448 2628 4501 de
2667 4449 2925 4518 principio
2967 4452 3368 4509 enutrirc/rariis
3398 4459 3680 4511 monachis.
3718 4460 3854 4514 Ante
3883 4459 4029 4514 Grc-

2747 4540 3167 4611 Metapbrastem
3219 4561 3342 4599 cum
3399 4548 3502 4601 hoc
3563 4565 3704 4603 novo
3740 4550 4027 4623 Theologo

2446 4628 2759 4685 confudisse
2783 4632 2934 4687 visus
2962 4645 3046 4689 est
3077 4634 3347 4706 Josephus
3374 4638 3742 4697 Methonensis
3761 4644 4027 4715 Apologia

2448 4734 2545 4787 pro
2583 4722 2786 4790 synodo
2826 4723 3136 4779 l‘lorentina
3166 4737 3353 4782 contra
3409 4729 3645 4786 Marcum
3700 4732 4025 4802 Ephesium,

2449 4810 2554 4861 Καὶ
2591 4810 2816 4879 Συμεὼν
2843 4813 2898 4864 δὲ
2932 4815 2960 4865 ὁ
2987 4815 3102 4878 νέος
3130 4816 3410 4884 Θεολὸγος,
3441 4821 3469 4872 ὁ
3493 4822 3587 4873 καὶ
3617 4823 4027 4895 Μεταεξραςτῆς

2443 4899 2797 4969 καλούμενος.
2823 4903 2888 4956 Et
2917 4904 3125 4960 Simeou
3155 4924 3313 4962 naeus
3333 4910 3632 4983 Tlteologus,
3658 4916 3745 4983 qui
3769 4926 3813 4967 et
3848 4917 4025 4971 ,νεω-

2443 4989 2679 5055 pltrastes
2727 4992 2939 5047 dicitur.
2986 4994 3091 5050 Sed
3133 4997 3444 5055 Gretserum
3504 5006 3895 5074 cxscriptorum
3933 5010 4020 5063 in-

2445 5079 2593 5132 curia
2646 5080 2780 5134 nihil
2836 5083 2988 5152 juvat
3041 5106 3052 5139 :
3095 5103 3194 5142 nec
3250 5090 3454 5145 dictum
3494 5093 3859 5153 Methonensis
3896 5102 4020 5155 aliis

2443 5169 2639 5225 intenti
2691 5175 2959 5241 prolatum
3007 5186 3229 5235 temere.
3290 5181 3499 5250 Obstat,
3532 5202 3600 5241 ne
3635 5188 3686 5242 hi
3725 5190 3832 5243 duo
3876 5208 4021 5247 unus

2444 5261 2573 5326 sint,
2611 5272 2743 5319 aetas
2772 5268 3056 5337 utriusque
3091 5270 3245 5343 longe
3267 5274 3507 5339 diversa;
3559 5278 3681 5333 vitae
3707 5280 4024 5338 institutum

2442 5353 2675 5415 varium.
2725 5356 2882 5412 ofﬁcii
2917 5359 3150 5431 dignitas
3206 5380 3315 5420 non
3346 5368 3556 5422 eadem.
3594 5370 3819 5441 hnpedit
3860 5374 4027 5429 deni-

2444 5458 2551 5511 que
2599 5446 2810 5502 dicendi
2876 5450 3068 5518 forma,
3139 5458 3353 5521 modus,
3397 5462 3657 5516 orationis
3721 5475 4027 5537 structura,

2447 5535 2675 5603 reliqua,
2711 5555 2829 5607 qum
2864 5558 2959 5595 nos
2992 5560 3114 5600 cum
3142 5548 3206 5602 de
3230 5548 3497 5618 Symeone
3532 5552 3631 5608 hoc
3660 5571 3799 5611 novo
3832 5556 4026 5613 Then-

2444 5624 2566 5693 logo
2587 5643 2828 5697 agemus,
2867 5646 2981 5701 post
3025 5649 3265 5694 nostrum
3301 5641 3714 5713 Metaphrastem
3740 5665 3975 5705 evamm.
4001 5686 4027 5695 ς

2444 5714 2643 5771 bimus.

2522 5807 2630 5877 [733i
2661 5811 2883 5869 Ξυιξυέι
2915 5818 3306 5890 Sicanium-tes
3331 5827 3472 5884 Vitas
3507 5845 3829 5887 sanctarum.
3866 5834 4026 5891 Ξ,τί-
