4158 6472
146 441 193 503 73
766 441 864 501 DE
907 441 1257 501 SCRIPTIS
1299 442 1677 502 SYMEONIS
1714 438 2292 501 METAPHRAS'LE
2332 439 2715 499 DIATBIBA.
3263 440 3332 504 74

139 545 318 609 droaici,
362 553 414 598 et
452 544 791 600 Athanasius.
844 552 1019 601 Mense
1074 548 1287 601 Martio.
1331 550 1387 604 9.
1420 548 1665 612 Quadra-
1696 556 1743 613 Α
1772 546 1962 617 Agapii
1992 554 2045 599 ct
2075 546 2417 615 Theopistes.
2471 546 2758 616 Acindyni,
2787 547 3016 619 Pegasii,
3069 549 3341 622 Anempo-

136 640 241 711 ginta
264 643 567 705 martyrum.
601 635 686 690 10.
716 635 955 699 Codrati.
988 636 1261 708 Cypriani,
1283 648 1336 692 et
1362 641 1659 694 sociorum.

138 730 198 783 12.
222 728 571 797 Theophanis,
604 729 695 795 qui
725 738 779 782 et
803 729 1041 782 lsaacius
1083 729 1262 784 dictus
1302 741 1403 784 cst.
1435 730 1519 783 15.
1561 730 1659 783 Sa-

134 823 231 876 bini.
292 823 367 875 15.
420 820 659 891 Longini
721 823 1072 877 centurionis.
1130 823 1216 877 16.
1291 824 1547 889 Abramii,
1608 833 1661 877 et

136 913 267 969 Maria
294 915 467 982 neptis
499 914 641 982 ejus.
676 913 766 967 27.
805 914 1013 967 lsaacii.
1048 914 1224 969 Mense
1261 916 1425 985 Aprili
1458 934 1489 971 t.
1520 916 1659 987 Aga-

134 1024 216 1076 pes.
257 1006 511 1067 Chionim,
567 1017 621 1061 et
678 1006 882 1061 lrenes.
917 1010 971 1062 6.
1028 1008 1291 1063 Tlieoduli
1350 1010 1570 1063 lectoris
1604 1020 1658 1064 et

132 1102 459 1170 AgathOpodis.
495 1102 551 1153 5.
622 1100 947 1165 Tlteodorm,
984 1110 1038 1155 et
1071 1102 1276 1172 Didymi
1334 1115 1653 1172 martyrum,

130 1193 337 1253 Themes.
397 1202 451 1246 et
516 1191 845 1245 Phcrbathaa
881 1192 1001 1261 ejus
1058 1194 1280 1247 sororis.
1324 1194 1373 1246 7.
1412 1192 1654 1261 Calliopii

130 1284 344 1351 martyris.
385 1282 436 1335 8.
474 1281 700 1336 Bademi
752 1282 1219 1337 archimandritas.
1278 1284 1367 1337 10.
1410 1282 1654 1337 Terentii

129 1373 314 1424 Africani
363 1383 414 1425 et
463 1373 743 1427 sociorum
785 1388 869 1425 ma
893 1382 1105 1443 'tyrum.
1141 1373 1227 1426 11.
1264 1374 1490 1443 Autypaa
1527 1370 1654 1425 Per-

128 1464 343 1530 ganrensis
384 1463 655 1531 episcopi.
685 1464 770 1517 15.
816 1464 995 1531 Carpi.
1031 1463 1235 1533 Papyli,
1272 1474 1327 1516 et
1380 1463 1652 1517 sociorum

130 1566 388 1621 martyrum.
416 1554 501 1607 18.
526 1553 825 1607 Eleutherii
856 1553 971 1625 [Π]
991 1556 1251 1625 episc0pi,
1282 1566 1337 1609 et
1365 1556 1653 1610 Euanthim

126 1646 342 1715 martyris.
378 1645 467 1698 2'3.
502 1647 828 1714 Acepsimae,
888 1645 1134 1716 Josephi,
1172 1656 1227 1700 et
1256 1646 1504 1700 Aithalae.
1558 1646 1650 1699 25.

126 1734 289 1804 Georgii
312 1736 482 1806 Magni
511 1737 791 1807 martyris.
843 1737 1005 1792 Marci
1032 1738 1396 1807 evangeiistm.
1427 1739 1514 1793 27.
1541 1740 1653 1790 An—

127 1832 253 1899 tliymi
268 1832 498 1901 episcopi
519 1831 975 1887 Nicomediensis.
992 1833 1080 1887 28.
1102 1831 1391 1902 Paphnutii
1414 1835 1648 1889 anacho-

1767 635 1914 699 disti,
1956 635 2250 702 Aphthonii
2291 645 2343 689 et
2388 635 2739 705 Elpidophori
2774 653 3095 711 mar.yrum.
3129 644 3182 696 4.
3226 643 3317 699 lan

1764 728 1887 780 nicii
1916 728 2143 781 abbatis.
2169 728 2221 781 5.
2252 727 2581 783 Galactionis
2611 742 2667 785 et
2696 730 2997 799 Epistemes
3026 748 3345 807 martyrum.

1765 818 2014 873 Hieronis
2071 828 2122 871 et
2150 834 2263 872 soc.
2318 829 2475 872 mart.
2511 822 2564 875 8.
2634 822 2914 877 Matronae.
2948 826 3001 879 9.
3072 827 3346 886 Theodori

1761 909 2029 965 Theronis
2089 920 2248 964 mart.
2292 912 2509 967 Arctha:
2554 918 2820 986 martyris.
2868 917 2953 970 10.
3003 918 3345 979 Tlteoctistcs

1759 1000 1986 1056 Lcsbire.
2024 1003 2110 1055 11.
2146 1002 2315 1057 Mena:
2362 1003 2596 1074 Aigyptii
2651 1010 2918 1079 martyris.
2947 1011 3033 1065 15.
3073 1010 3343 1080 Samonte,

1758 1093 1936 1149 Curiae
1963 1105 2016 1149 et
2068 1095 2245 1149 Abibi.
2287 1096 2372 1151 18.
2403 1096 2627 1153 Joannis
2657 1098 2934 1171 Chrysost.
2967 1104 3057 1157 22.
3094 1106 3344 1173 Carcilizn,

1759 1186 2026 1241 Valeriani
2072 1199 2126 1241 et
2195 1190 2468 1244 sociorum
2545 1203 2861 1263 martyrum.
2888 1196 2979 1253 25.
3048 1199 3345 1256 Clementis

1758 1284 2007 1351 martyris
2062 1281 2301 1350 episcopi
2367 1282 2619 1340 Romani.
2689 1286 2937 1356 Gregorii
3001 1291 3343 1363 Agrigentini

1755 1372 2013 1440 episcopi.
2030 1372 2119 1425 24.
2145 1374 2395 1429 Mercurii
2412 1378 2677 1447 martyris.
2692 1380 2782 1433 25.
2800 1381 3165 1438 ίΕεειιὴετίηίρ
3185 1389 3347 1457 virgi-

1754 1462 1839 1515 nis
1856 1469 1912 1515 et
1929 1464 2196 1534 martyris.
2220 1465 2309 1518 26.
2334 1466 2530 1536 Aiypii.
2549 1467 2920 1539 [78]Cionitae.
2944 1474 3120 1529 Mense
3135 1478 3346 1531 Decem-

1756 1552 1913 1607 briJ.
1937 1554 2181 1610 Barbara:
2200 1561 2468 1627 martyris.
2492 1556 2675 1614 Sancti
2699 1560 3092 1621 Sabaaabbatis.
3116 1571 3169 1623 6.
3191 1570 3346 1626 Nico-

1753 1642 1821 1696 lai
1847 1643 2106 1713 Myrensis
2126 1648 2389 1717 episcopi.
2420 1650 2469 1701 8.
2490 1650 2695 1719 Patapii
2732 1656 3002 1722 martyris.
3034 1658 3120 1710 10.
3153 1659 3343 1722 Mena‘.

1754 1731 2107 1804 Hermogenis
2161 1746 2214 1790 et
2255 1739 2545 1808 Eugraphi.
2580 1743 2667 1795 11.
2702 1744 2938 1799 Danielis
2997 1751 3208 1815 stylitaz.
3258 1754 3340 1805 12.

1757 1824 2091 1892 Spiridionis
2163 1829 2404 1898 episcopi
2466 1830 2881 1902 Trimythuntis.
2917 1839 3002 1891 15.
3066 1842 3345 1907 [iusti-atii,

126 1932 283 1973 [ωσι
304 1922 596 1975 sociorum.
616 1922 961 1976 Mensehaio.
982 1924 1031 1976 1.
1056 1919 1291 1992 Philippi
1311 1924 1560 1992 apostoli.
1579 1923 1670 1978 Ja-
1698 1925 1745 1985 B

1703 1925 1745 1985 Β
1776 1917 2051 1983 Auxentii,
2088 1918 2334 1990 Eugenii,
2370 1922 2619 1979 Mardarii
2651 1937 2706 1981 et
2733 1926 2961 1984 Orestis.
2995 1931 3077 1986 19.
3129 1920 3345 2001 Thyni.

123 2013 209 2063 eohi
226 2014 459 2080 apostoli.
474 2012 823 2067 2.Athanasii
844 2014 1080 2083 episcopi
1104 2015 1475 2069 Alexandrini.
1494 2015 1670 2068 ὅμως·

122 2104 312 2163 xandraz,
328 2114 375 2157 et
390 2104 687 2158 Antonium
705 2106 951 2173 virginis.
977 2106 1029 2161 4.
1045 2106 1269 2176 Pelagia:
1291 2106 1597 2161 Tarsensis.
1614 2109 1667 2162 8.

120 2193 622 2248 Acaciicenturionis.
654 2194 733 2247 10.
754 2195 1031 2264 Glyceriaa,
1048 2204 1099 2249 et
1120 2195 1378 2250 Laodicii.
1402 2196 1486 2250 15.
1510 2198 1669 2251 Alex-

122 2284 239 2336 andri
263 2284 498 2338 alterius.
528 2284 755 2339 Joannis
772 2284 1085 2341 Silentiarii.
1116 2286 1203 2339 14.
1240 2286 1472 2340 Victoris
1492 2298 1541 2341 et
1562 2288 1665 2340 Cc-

124 2392 255 2429 ronte.
291 2378 590 2439 l’acbomii.
625 2380 800 2432 Mense
830 2379 1012 2434 Junio.
1052 2381 1102 2435 5.
1135 2380 1416 2434 Bonifacii.
1441 2381 1491 2435 7.
1518 2381 1665 2434 Pauli

119 2467 465 2537 archiepiscopi
502 2468 1114 2537 Constantinopolitani.
1164 2472 1245 2525 12.
1270 2471 1467 2525 Justini
1488 2473 1667 2542 philo-

119 2562 257 2625 sophi,
283 2562 601 2615 Ctiaritonis
620 2573 676 2615 et
694 2564 983 2616 sociorum.
1010 2564 1093 2615 15.
1123 2564 1388 2629 Aquilium
1421 2565 1663 2634 virginis.

120 2650 326 2706 15.1)ulae
361 2655 639 2723 martyris.
669 2658 754 2709 16.
787 2656 987 2721 Quirici
1008 2656 1300 2710 etJulittzc.
1329 2658 1410 2710 17.
1432 2656 1664 2721 Manucl,

117 2742 295 2798 Salielet
318 2747 532 2799 lsmael.
559 2748 645 2800 19.
664 2747 886 2811 Sozimi,
906 2747 1139 2813 Nazarii,
1159 2746 1421 2812 Cervasii,
1439 2746 1664 2802 Protasii

118 2846 156 2889 et
176 2838 442 2891 sociorum.
470 2840 566 2900 27,
592 2839 907 2907 Sainpsonis
936 2840 1212 2909 hospitum
1232 2840 1553 2909 exceploris.
1573 2842 1660 2895 29.

118 2927 171 2980 De
194 2932 707 2999 peregrinationibus
733 2942 787 2986 et
830 2933 1101 2986 laboribus
1120 2942 1429 2986 sant-torum
1452 2932 1666 3000 Petrict

117 3021 249 3073 l‘zuli.
280 3024 448 3076 Mense
490 3023 659 3076 Iulio.
702 3022 755 3075 8.
782 3022 1024 3091 Pronpii
1054 3024 1325 3093 martyris.
1370 3022 1455 3076 17.
1492 3023 1665 3076 Alexii

118 3115 415 3167 confessoris.
452 3115 833 3184 Atbenogenis
889 3115 1158 3182 martyris.
1200 3114 1285 3168 18.
1318 3113 1552 3168 Mauritii
1611 3124 1665 3168 et

116 3207 405 3274 septuaginta
440 3208 704 3263 militum.
740 3208 824 3260 19.
862 3205 1066 3259 Arsenii
1095 3205 1323 3259 abbatis.
1369 3205 1456 3259 20.
1484 3205 1662 3259 Mariae

114 3299 336 3368 martyris.
384 3300 556 3353 Helia:
612 3300 906 3353 Thesbitze.
964 3301 1051 3353 21.
1101 3298 1333 3353 Danielis
1381 3308 1435 3353 et
1500 3298 1660 3351 trium

116 3402 383 3452 puerorum.
430 3391 524 3441 22.
561 3390 803 3441 Platonis
858 3391 1127 3460 martyris.
1166 3389 1251 3442 27.
1287 3388 1505 3457 Septem
1537 3390 1661 3441 dor-

114 3479 371 3531 mientium.
457 3480 905 3531 l’anteleemoms
950 3481 1218 3549 martyris.
1277 3480 1367 3533 29.
1414 3476 1659 3531 Callinici

115 3572 337 3637 martyris.
406 3567 708 3623 Eudocinii
768 3574 1036 3639 martyris.
1090 3573 1269 3623 Mense
1322 3570 1570 3637 Augusta.
1607 3568 1658 3620 1.

119 3658 291 3726 Sophia:
331 3672 383 3715 et
426 3662 674 3716 liliarittu
711 3662 849 3731 t'jtts.
874 3663 927 3714 2.
977 3662 1236 3733 Stephani
1274 3660 1498 3715 Romani
1529 3677 1662 3730 putt-

116 3752 251 3805 tiicis.
285 3756 362 3806 12.
403 3754 589 3821 Euplii
628 3758 897 3824 martyris.
952 3756 1037 3809 15.
1079 3755 1150 3809 De
1191 3765 1314 3808 ortu
1354 3764 1407 3808 et
1459 3754 1660 3807 educa-

116 3844 225 3897 tinrne
281 3844 544 3915 Virginis.
595 3848 682 3897 17.
724 3846 1007 3899 Mamanlis
1084 3846 1353 3917 martyris.
1403 3845 1549 3897 Pauli
1608 3854 1663 3897 ct

115 3930 314 3988 lalianre.
382 3938 467 3991 l9.
514 3936 756 3989 Andreae
816 3939 967 3991 ducis
1000 3939 1289 4000 exercitus,
1350 3948 1401 3990 et
1436 3936 1659 3993 tsocio-

114 4039 219 4075 rum.
269 4025 357 4080 29.
414 4026 493 4079 De
574 4026 786 4080 Joanne
856 4026 1108 4095 Baptista.
1168 4027 1239 4081 De
1283 4028 1661 4094 exportatione

114 4118 317 4181 pretiosa:
391 4134 602 4171 manus
631 4118 856 4171 Joannis
913 4120 1186 4187 Baptistae.
1224 4119 1393 4171 Mense
1422 4116 1662 4183 Septem-

112 4208 258 4259 ΜΞ.
323 4208 593 4268 Eudoaii.
673 4208 912 4270 Romuli,
964 4209 1200 4263 Zenonis
1261 4218 1316 4264 et
1348 4208 1658 4261 Macarii.7.

112 4297 334 4355 Szontis.
362 4304 418 4357 9.
475 4301 794 4356 Severiani.
843 4303 926 4356 10.
968 4302 1292 4365 Menodorae,
1346 4300 1661 4355 Metrodorae

113 4408 149 4448 rt
189 4402 605 4468 Symphodorze.
648 4400 732 4452 11.
788 4398 1083 4453 Tlicodorm
1139 4396 1539 4452 Alexandrinae.
1574 4396 1658 4449 12.

113 4489 379 4545 Aotonmui.
428 4494 519 4545 15.
580 4490 821 4545 Cornelii
886 4490 1245 4544 centurionis.
1301 4489 1388 4543 15.
1460 4488 1661 4542 Nicctae

1773 2006 1943 2077 Lycii,
1978 2008 2245 2077 Callinici,
2302 2012 2656 2081 Philemonis,
2702 2018 2992 2087 ApOliUﬂii,
3027 2038 3080 2077 et
3115 2030 3349 2095 reliquo-

1771 2114 1912 2154 rum.
1969 2103 2056 2157 21.
2105 2102 2329 2158 Thomae
2375 2108 2622 2174 apostoli.
2674 2109 2760 2162 25.
2801 2112 2992 2166 Decem
3051 2131 3346 2187 martyrum

1769 2193 1861 2261 qui
1890 2193 1939 2245 in
1969 2193 2125 2247 Creta
2151 2196 2366 2251 subiere
2400 2201 2737 2269 martyrium.
2766 2203 2857 2257 25.
2884 2206 3183 2263 Anastasia:
3204 2230 3349 2267 inar-

1772 2285 1919 2354 tyris.
1968 2285 2219 2356 Eugeniae
2283 2292 2551 2360 martyris.
2588 2293 2675 2347 26.
2720 2294 3024 2361 Theodori,
3076 2318 3123 2355 Ει
3169 2307 3346 2361 Ἡιεο-

1771 2377 1962 2443 phanis
2005 2382 2351 2448 scriptorum.
2394 2382 2538 2437 Indae
2565 2394 2620 2437 et
2672 2385 2915 2454 Domum,
2950 2403 3002 2444 et
3044 2397 3340 2453 sociorum.

1768 2468 1856 2522 27.
1891 2468 2132 2525 'Joannis
2195 2474 2420 2541 apostoli
2457 2486 2510 2529 et
2567 2481 2933 2548 evangelista.
2974 2485 3060 2539 29.
3111 2487 3343 2544 Marcelli

1768 2562 2204 2617 archimandritas
2229 2567 2536 2619 monasterii
2563 2567 2968 2627 Acceniitorum.
2995 2577 3083 2632 50.
3116 2580 3345 2651 Mysiae,

1768 2667 1887 2719 qua:
1919 2662 2001 2707 est
2047 2653 2464 2711 Thessalonicm.
2503 2659 2592 2712 51.
2641 2660 3057 2735 Silvestripapa:
3087 2670 3341 2727 ltomani.

1772 2746 1833 2797 Lt
1874 2745 1987 2800 haec
2020 2748 2238 2815 quidem
2275 2752 2391 2803 sive
2420 2751 2590 2819 ipsius
2633 2754 2936 2824 Symeonis,
2974 2764 3085 2815 sive
3121 2766 3345 2822 alterius

1769 2831 1957 2891 Latine
2019 2839 2162 2892 edita
2227 2848 2394 2904 sunt;
2468 2842 2652 2899 Graece
2721 2863 2868 2915 vero,
2936 2853 3013 2905 vel
3054 2856 3239 2912 Graece
3293 2873 3347 2914 et

1768 2928 1975 2988 Latine.
1994 2944 2111 2997 quire
2132 2930 2245 2998 ipse
2265 2932 2511 2997 viderim,
2538 2936 2882 3002 paucissima:
2907 2958 3137 3011 namque
3161 2948 3345 3005 Craacc

1770 3032 1891 3088 post
1932 3022 2186 3074 Aretham
2226 3023 2277 3077 in
2336 3026 2739 3096 Apocalypsim,
2785 3029 2899 3084 Vita
2928 3033 3154 3091 Joannis
3216 3056 3343 3109 apo-

1771 3116 1892 3168 stoli
1930 3126 1984 3168 et
2024 3119 2391 3186 evangelistw.
2446 3119 2629 3174 Graece
2651 3131 2704 3175 et
2735 3122 2922 3179 Latine
2956 3127 3071 3182 Vita
3110 3133 3343 3205 Dionysii

1772 3209 2109 3278 Areopagitae
2149 3225 2178 3262 a
2238 3210 2536 3268 Baltassare
2612 3215 2870 3274 Corderio
2940 3226 3203 3279 recensita
3285 3230 3339 3284 in

1771 3299 1958 3351 eodem
2016 3298 2285 3368 Dionysio.
2321 3303 2449 3356 Acta
2500 3307 2669 3358 sancti
2720 3308 2973 3364 Demetrii
3014 3315 3340 3389 Myroblytar.

1765 3392 2072 3459 Antuerpiac
2100 3394 2151 3444 in
2197 3404 2389 3461 quarto
2428 3396 2584 3460 1655,
2638 3401 2775 3467 typis
2835 3401 3059 3459 Joannis
3101 3408 3339 3467 Meursii.

1768 3483 1883 3537 Vita
1939 3496 1991 3537 et
2035 3487 2348 3555 martyrium
2418 3500 2616 3543 sancta:
2690 3491 2904 3549 Thecla:
2953 3514 3050 3565 per
3121 3502 3341 3559 Petrum

1766 3576 2069 3628 Plautinum
2109 3593 2229 3629 cum
2278 3577 2471 3633 Basilio
2504 3581 2857 3652 Seleucensig;
2892 3590 2966 3643 De
3005 3591 3121 3646 Vita
3155 3605 3207 3649 et
3240 3600 3345 3652 mi-

1767 3671 1959 3722 raculis
1977 3672 2220 3737 ejusdem
2250 3683 2448 3726 sanctm
2468 3675 2702 3743 Theclar,
2724 3679 3034 3751 Antuerpiae
3061 3688 3111 3739 in
3128 3701 3342 3757 quarto.

1767 3759 1888 3814 Vita
1936 3764 2105 3814 sani-ti
2142 3763 2422 3819 Athanasii
2454 3782 2577 3821 cum
2614 3772 2857 3838 ejusdem
2887 3777 3167 3834 Athanasii
3223 3800 3346 3852 ope-

1766 3854 1933 3907 ribus.
1976 3853 2093 3907 Vita
2122 3854 2351 3910 Joannis
2376 3858 2744 3929 Chrysostomi
2810 3882 2932 3922 cum
2969 3871 3342 3943 (llirysostomi

1765 3946 2040 4014 Operibtis.
2090 3947 2208 4000 Vita
2265 3950 2434 4003 sancti
2487 3953 2851 4021 Amphilochii
2905 3960 3047 4014 inter
3098 3966 3342 4033 ejusdem

1767 4039 1936 4091 sancti
1986 4039 2258 4093 orationes
2328 4041 2470 4094 edita
2538 4054 2622 4097 est
2663 4061 2691 4098 a
2726 4047 3013 4105 Francisco
3047 4051 3337 4113 Combclis.

1767 4128 1893 4181 Eam
1956 4146 2114 4199 porro
2172 4130 2553 4201 Metaphrastre
2605 4153 2714 4191 non
2765 4155 2886 4195 esse
2932 4146 3102 4213 stylus
3132 4147 3249 4217 ipse
3290 4163 3346 4205 et

1768 4223 1959 4275 nimius
2014 4222 2144 4277 satis
2237 4226 2430 4297 arguit.
2487 4228 2891 4298 ,Metaphrastae
2959 4246 3138 4292 autem
3212 4242 3343 4297 illud

1764 4314 2089 4383 principium
2164 4326 2282 4370 est:
2343 4318 2453 4370 Kal.
2504 4320 2697 4375 τετῶν
2748 4326 2926 4378 καλῶν
2962 4328 3111 4382 ἔσται
3156 4334 3235 4395 τίς
3279 4341 3342 4407 τῇ

1768 4409 1957 4479 μνήμῃ
2002 4406 2353 4477 παραδιδούς;
2404 4410 2517 4467 Sub
2552 4414 2930 4485 Metaphrasta:
2986 4426 3203 4481 nomine
3251 4406 3343 4483 seu

1764 4500 2027 4568 genuinos
2081 4500 2241 4556 fretus
2295 4504 2537 4568 laudant,
2596 4508 2747 4563 Vitas
2793 4522 2847 4565 et
2900 4520 3162 4587 martyria
3220 4538 3347 4577 san--

113 4583 433 4649 martyrisJG.
494 4582 821 4649 Euphemice
874 4583 1141 4652 martyris.
1196 4582 1283 4636 19.
1358 4580 1662 4650 TrOphimi,
1698 4602 2001 4659 Derorum.
2070 4591 2265 4649 Suidas
2344 4597 2399 4651 in
2461 4599 2713 4663 'A6aotv,
2787 4580 3100 4676 Martyriuin
3145 4626 3345 4671 sanctm

112 4673 329 4737 Subliatii.
373 4688 427 4728 ct
504 4673 948 4742 Doryniedontis.
989 4675 1078 4727 2t.
1138 4673 1372 4726 Mattltmi
1431 4689 1664 4742 evange-

114 4767 232 4817 llrLE.
250 4770 334 4821 213.
370 4766 641 4838 Cypriani
670 4765 961 4818 ctJttSlinzc
982 4776 1295 4835 martyrum.
1334 4765 1424 4818 27.
1454 4764 1663 4819 Cosmae

112 4867 148 4907 et
178 4857 397 4911 Dan-iani
464 4857 758 4911 miracula.
836 4857 1123 4909 Callistrali
1158 4868 1213 4909 et
1252 4856 1543 4909 sociorum.
1574 4855 1663 4907 28.

112 4942 374 5001 Charitonis
427 4946 677 5001 abbatis.
728 4946 817 4999 29.
875 4946 1080 5014 Cyriaci
1184 4947 1541 4999 anachoreta.
1574 4946 1662 4998 50.

112 5035 306 5106 Gregorii
343 5039 558 5107 Magnae
589 5037 878 5089 Armeniae.
906 5038 1073 5090 Mense
1096 5036 1329 5092 Octobri.
1362 5053 1397 5090 l.
1420 5036 1662 5092 Ananiae.

112 5128 147 5180 5.
174 5132 489 5185 (.haritines.
538 5130 593 5180 7-
627 5128 796 5199 εει-εὴ
831 5139 884 5183 et
917 5128 1128 5182 Bacchi.
1158 5128 1211 5183 9.
1238 5128 1472 5201 Dionysii
1497 5132 1665 5184 Areo-

112 5224 264 5290 pagitze
290 5232 341 5276 et
363 5224 685 5277 sociorum.
732 5222 813 5275 10.
850 5221 1116 5290 Eulampii
1151 5230 1205 5275 et
1236 5221 1549 5291 Eulampim.
1577 5223 1663 5277 12.

113 5310 507 5375 Taracti.Procli
548 5323 613 5367 et.
648 5312 963 5367 Andronici.
992 5313 1077 5366 17.
1114 5313 1364 5377 Andreas,
1393 5315 1483 5383 qni
1510 5317 1663 5369 estin

113 5403 239 5459 Caisi.
280 5408 360 5461 18.
411 5407 589 5461 Lucae
619 5405 989 5474 evangelista.
1021 5405 1109 5459 19.
1143 5404 1267 5459 Vari
1299 5415 1353 5459 et
1392 5406 1665 5461 sociorum

115 5493 218 5561 eju's.
246 5498 330 5553 20.
390 5494 644 5551 Artemii
688 5495 955 5565 martyris.
1024 5494 1116 5550 22.
1164 5495 1379 5551 Abercii
1424 5499 1665 5570 episcopi

116 5585 494 5659 Hieropolitani.
516 5588 621 5642 ει.
658 5587 877 5641 Aretbaa
910 5596 964 5641 et
998 5586 1292 5642 sociorum.
1326 5588 1415 5643 25.
1450 5590 1662 5645 Martia-

117 5679 155 5732 ni
178 5690 220 5734 et
243 5681 512 5752 Martyrii.
554 5679 655 5733 28.
689 5678 983 5735 Anastasite
1019 5677 1295 5734 Romanae.
1328 5681 1413 5735 50.
1443 5680 1667 5737 Zenobii

117 5770 399 5828 etZenobiae
448 5774 583 5841 ejus
642 5772 859 5824 sororis.
898 5771 986 5825 51.
1030 5770 1329 5841 Epimachii
1394 5777 1664 5846 martyris.

118 5864 577 5920 lenselt‘oeembri.
602 5862 662 5917 2.
686 5861 980 5929 Eustachii,
1013 5864 1341 5936 Theopistte,
1366 5876 1419 5921 et
1438 5868 1665 5925 ﬁliorum

274 5961 556 6023 Ριτιιοι..
612 5956 733 6019 Cia.
782 5953 998 6025 CXlV.

1768 4685 2001 4750 Theo-lae,
2072 4686 2130 4740 ln
2234 4689 2575 4760 Ἀναίμονες,
2657 4694 2777 4750 Vita
2841 4704 3011 4754 sancti
3111 4706 3347 4762 Danielis

1767 4778 1993 4847 Stylitae.
2069 4780 2125 4833 In
2178 4780 2266 4834 Ἐν
2305 4784 2526 4850 ἀμφοῖν,
2574 4784 2690 4839 Vita
2744 4791 2913 4843 sancti
2950 4791 3235 4864 Euthyniii.
3291 4800 3346 4854 In

1779 4867 2024 4933 Ἀλκαία.
2055 4874 2174 4928 Vita
2201 4874 2370 4927 sancti
2418 4873 2670 4928 Marcelli.
2710 4877 2893 4933 Sancti
2938 4882 3243 4941 Calliceladi
3291 4891 3342 4943 in

1779 4960 2073 5031 Ἐξαπάτη.
2093 4964 2149 5017 In
2166 4964 2411 5028 Νοθεύει,
2438 4966 2606 5019 sancti
2629 4964 2869 5022 Luciaui.
2892 4970 2948 5022 ln
2966 4974 3350 5048 Καταπὲλτης,

1769 5055 1941 5108 sancti
1972 5056 2277 5126 Agathyrsi.
2310 5056 2367 5110 ln
2412 5057 2837 5127 ’Υπαγορεῦσαι,
2862 5067 3031 5120 sancti
3067 5066 3350 5138 Symconis

1769 5144 1994 5213 Stylitaz.
2024 5146 2337 5201 Gennadius
2371 5148 2676 5217 patriarcha
2711 5148 3351 5225 Constantinopolitanus

1767 5250 1865 5305 pro
1930 5239 2164 5293 concilio
2216 5238 2514 5293 Florentin.
2581 5255 2703 5309 cap.
2776 5259 2815 5305 ι,
2884 5248 3057 5302 saneti
3114 5248 3347 5325 Dionysii

1768 5330 2138 5401 AreOpagitaz;
2164 5347 2281 5399 cap.
2319 5334 2372 5395 4,
2403 5334 2887 5405 sanctiJoannicii;
2913 5355 3033 5411 cap.
3065 5344 3152 5410 50,
3177 5351 3348 5404 sancti

1770 5422 2031 5492 Stephani
2073 5422 2334 5488 Junioris,
2383 5435 2439 5480 et
2477 5426 2706 5483 Joannis
2750 5429 3148 5502 Chrysostomi.
3197 5441 3353 5499 Josc-

1767 5515 1911 5584 phus
1938 5514 2312 5571 Methonensis
2350 5519 2608 5587 Apologia
2636 5536 2740 5589 pro
2769 5527 3003 5581 concilio
3037 5528 3353 5589 Florentino

1768 5612 1956 5657 contra
1983 5601 2216 5658 Marcum
2250 5605 2544 5674 Ephesium
2570 5650 2583 5671 ,
2623 5609 2799 5663 sancti
2836 5610 3071 5682 Dionysii
3110 5619 3351 5690 Areopa-

1769 5696 1890 5764 gitas
1921 5711 1933 5745 :
1965 5695 2102 5749 hanc
2137 5697 2381 5751 eamdem
2415 5691 2588 5753 Vitam
2625 5703 2789 5757 ve'luti
2836 5704 3211 5776 Metapitrasta:
3257 5730 3355 5782 pro

1773 5785 2083 5841 testimonio
2150 5790 2279 5841 citat
2344 5790 2587 5843 Andreas
2639 5794 2833 5861 przesul
2887 5795 3061 5852 Rhodi
3112 5801 3166 5854 in
3214 5803 3356 5859 Con-

1772 5875 1879 5928 cilii
1913 5873 2207 5930 Florentini
2246 5893 2382 5933 scss.
2421 5879 2473 5938 7.
2506 5878 2745 5937 Joannes
2799 5883 3005 5944 Veccus
3033 5890 3087 5944 in
3129 5906 3351 5955 sentcn-

2959 5980 2996 6040 3
