4158 6472
811 453 880 514 75
2114 441 2394 501 LEONIS
2429 444 2733 504 .ii.i..rrii
4000 454 4079 516 τε

806 592 893 642 nis
939 586 1154 640 Patrum
1215 598 1312 651 pro
1363 582 1708 652 processione
1750 579 1983 650 Spiritus
2030 596 2060 634 a
2111 579 2284 643 Filio,
2328 589 2379 632 ει
2410 561 2457 618 Α
2487 575 2737 631 nomine:
2769 588 2824 633 et
2859 595 2981 650 qua:
3025 580 3316 649 aliquando
3369 596 3564 635 nomen
3615 583 3907 650 prieieruiit
3965 604 4078 640 aii-

801 679 1186 733 tlonsnintinus
1237 675 1579 730 Mehtiniotes
1622 673 1772 727 Orat.
1811 674 1865 734 2.
1911 673 1979 728 de
2027 673 2376 744 proccssione

805 772 1036 841 Spiritus
1070 770 1270 822 sancti.
1317 769 1424 819 Καὶ
1460 770 1488 819 ὁ
1524 767 1621 828 τὰς
1672 765 1782 817 τῶν
1843 765 2012 832 ἁγίων
2078 762 2372 825 πολιτείας,

801 862 895 916 καὶ
935 863 1032 923 τὰς
1083 861 1262 914 αὐτῶν
1318 860 1572 927 ἁθλήσεις
1616 859 2039 928 ἀφηγησάμενος
2096 871 2377 925 μεταφρα-

807 951 1033 1014 οτικῶς,
1055 955 1131 1012 εἰς
1153 950 1210 1001 τὸ
1227 948 1319 1000 τοῦ
1350 949 1741 1017 Ἀρεοπαγίτου
1767 947 2067 1017 μαρτύριον
2099 945 2375 997 Διονυσίου

801 1046 955 1114 φησὶ,
992 1041 1084 1094 τοῦ
1104 1041 1208 1092 τῶν
1238 1041 1563 1109 ἁπορῤήτων
1586 1039 1938 1108 ἐκφὰντορος,
1976 1039 2183 1105 δεήσων
2203 1038 2378 1088 εἰπεῖν

802 1137 931 1202 περὶ
981 1133 1079 1201 τῆς
1118 1135 1430 1201 οἰκονομίας
1481 1132 1747 1201 Χριστοῦ,
1800 1132 1938 1200 πρὸς
1983 1132 2043 1182 τὸ
2091 1131 2241 1191 τέλος
2288 1129 2381 1181 ἐπὶ

802 1225 993 1289 λέξεως
1014 1223 1185 1286 οὕτως
1204 1223 1524 1292 ἐφοέγξιτο.
1550 1223 1655 1274 Καὶ
1671 1226 1748 1284 εἰς
1769 1223 2026 1292 οὐρανοὺς
2053 1223 2080 1274 ἀ
2101 1222 2229 1289 ἐμὸς
2251 1222 2383 1290 x9“

805 1319 921 1379 στὸς
946 1316 1304 1385 ἀναφέρεται,
1337 1317 1428 1368 καὶ
1476 1314 1542 1366 τὸ.
1569 1313 1716 1377 ἑξῆς.
1742 1312 1806 1366 Et
1846 1329 1933 1380 qui
1971 1322 2268 1364 sanctorum
2304 1325 2383 1362 res

804 1423 970 1483 gestas
989 1430 1052 1465 ac
1077 1413 1394 1472 certamina,
1432 1419 1487 1462 ut
1510 1411 1880 1476 inctaphrasta
1896 1409 2078 1470 solent,
2097 1405 2384 1466 enarravit,

804 1506 856 1557 in
898 1505 1130 1574 Dionysii
1161 1500 1784 1571 Areopagittemartyrio,
1817 1500 1983 1561 illius,
2020 1498 2260 1566 inquam,
2293 1497 2384 1565 qui

807 1614 882 1648 res
914 1613 1029 1665 qua:
1077 1596 1298 1664 erprimi
1355 1605 1632 1662 nequeunt,
1663 1593 1940 1654 reuelauit,
1967 1607 2084 1643 cum
2101 1591 2164 1642 de
2187 1589 2382 1644 Christi

805 1687 1085 1738 oeconomia
1115 1681 1229 1756 [79]
1262 1685 1306 1736 ei
1329 1683 1685 1735 disserendum
1701 1691 1856 1746 esset,
1875 1682 1987 1750 ipso
2002 1681 2055 1732 in
2069 1679 2172 1747 ﬁne
2189 1680 2267 1731 liis
2283 1693 2391 1731 ver-

805 1781 880 1831 bis
895 1779 1188 1844 complexus
1213 1786 1324 1830 est:
1340 1776 1404 1828 Et
1425 1792 1477 1827 in
1497 1774 1647 1827 caelos
1658 1773 1895 1828 Christus
1916 1789 2058 1826 meus
2077 1771 2384 1833 assumitur,

804 1879 906 1924 etc.
957 1869 1184 1922 Michael
1232 1867 1423 1937 Clycas
1464 1867 1634 1935 Epist.
1671 1867 1761 1919 2|.
1806 1866 2019 1918 Sancta:
2057 1862 2381 1916 Anastasiai.

806 1960 1142 2029 Nieephorus
1168 1959 1420 2014 Callistus
1451 1959 1543 2012 lib.
1569 1974 1677 2020 xiv,
1707 1972 1826 2026 cap.
1860 1957 1946 2011 51.
1993 1950 2384 2009 Εςειθείεδιίοςε

805 2053 1060 2116 historiae,
1085 2054 1256 2106 sancti
1278 2051 1547 2118 Siineonis
1571 2051 1774 2120 Stylita:
1792 2049 2041 2112 senioris,
2063 2059 2115 2102 et
2135 2049 2227 2101 lib.
2253 2062 2388 2100 xvm

803 2161 902 2214 cap
948 2147 1035 2198 Ἡ.
1073 2144 1256 2197 Sancti
1287 2144 1556 2196 Simeonis
1582 2142 1784 2212 Stylitae
1825 2141 2059 2211 junioris
2104 2138 2232 2204 Qua:
2266 2152 2392 2191 vero

808 2242 1069 2290 hactenus
1102 2237 1350 2299 inedita,
1393 2235 1631 2287 tenebris
1656 2235 1924 2302 lineisque
1947 2233 2174 2284 addictzn
2197 2231 2390 2283 biblio-

807 2334 1091 2384 thecarum
1167 2327 1372 2380 loculos
1411 2335 1698 2394 occupant,
1743 2324 1942 2378 frustra
1977 2332 2191 2390 tempus
2237 2321 2390 2374 insn-

803 2439 1006 2476 inereni
1043 2422 1085 2474 si
1120 2435 1307 2474 omnes
1330 2418 1415 2472 hic
1463 2433 1743 2470 recensere
1769 2431 2015 2469 conarer.
2047 2413 2200 2466 Nulla
2249 2412 2393 2466 enim

805 2514 918 2567 fere
950 2512 1272 2565 bibliotheca
1307 2507 1488 2572 fuerit,
1517 2522 1640 2560 cuin
1677 2505 2025 2573 inanuscripti
2053 2504 2267 2558 codices
2296 2501 2396 2554 ad-

811 2605 943 2667 sint,
979 2604 1029 2655 in
1054 2617 1158 2672 qua
1187 2601 1439 2654 volumen
1465 2598 1681 2666 aliquod
1704 2597 1895 2650 harum
1920 2596 2148 2648 vitaruni
2169 2609 2272 2646 non
2315 2609 2397 2646 rc-

813 2694 1075 2765 periatur.
1109 2691 1308 2745 Verum
1341 2691 1455 2758 ipse
1481 2690 1647 2742 solius
1663 2688 1879 2741 Antonii
1907 2685 2190 2756 Augustini
2212 2700 2399 2738 recen-

808 2788 930 2842 sitis
953 2788 1018 2839 aal
1057 2786 1260 2853 reliqua
1292 2783 1517 2854 gradum
1538 2781 1748 2835 faciant.
1770 2779 1826 2832 lii
1848 2780 2172 2833 bibliotheca
2215 2779 2398 2846 itaque

813 2877 1041 2930 Antonii
1067 2874 1350 2944 Augustini
1372 2875 1472 2927 sub
1489 2871 1761 2925 Stineonis
1779 2869 2154 2938 Metaphrasta:
2174 2867 2398 2921 nomine

820 2971 902 3023 lia:
925 2968 1267 3035 legebantur.
1293 2963 1756 3020 MenseJanuario.
1783 2962 2062 3015 Athanasii
2081 2961 2400 3014 Alexandri-

819 3062 900 3116 ni.
926 3059 1219 3129 Entbymii.
1244 3055 1782 3126 Timotheiapostoli.
1805 3051 2400 3107 Anastasiilllenientis

825 3154 1122 3223 Aneyrani.
1150 3151 1396 3206 Eusebia:
1423 3156 1788 3220 cognomento
1822 3145 2007 3200 Xenaa.
2030 3144 2400 3214 CregoriiNa-

2489 668 2678 734 cteris,
2705 670 2756 722 in
2787 671 2903 725 aliis
2925 672 3204 726 codicibus
3223 673 3339 726 sine
3363 683 3587 726 auctore
3600 674 3783 741 jaCr'ltl.
3804 677 4079 745 inglori.e.

2483 754 2603 810 Illas
2663 759 2906 826 profecto
2962 777 3152 814 omnes
3208 761 3587 832 Metaphrasta:
3612 765 3654 818 si
3711 767 4084 821 viiidicaveris

2481 849 2830 903 acerbissime
2893 851 3237 915 insaniveris;
3290 854 3333 906 si
3412 854 3609 919 nullas,
3668 859 3835 908 multa
3903 857 4082 925 impie

2482 940 2852 1009 scelerateque
2873 944 3230 997 commiseris.
3251 944 3659 998 Observandum
3694 962 3819 999 vero
3835 957 3916 1000 est
3945 959 4084 1001 ante

2483 1029 2608 1095 alia,
2661 1032 2798 1084 male
2833 1048 2862 1084 a
2925 1033 3201 1087 nonnullis
3245 1035 3372 1097 dici,
3429 1051 3552 1089 cum
3590 1035 3818 1103 alicujus
3871 1038 4070 1090 Sancti

2488 1120 2620 1176 Vita:
2651 1139 2848 1176 nomen
2879 1125 3159 1192 prmﬁxum
3188 1142 3294 1179 non
3327 1127 3571 1190 habetur,
3603 1143 3724 1180 eam
3751 1129 3921 1182 \itain
3958 1130 4071 1199 legi

2485 1214 2626 1282 apud
2664 1215 3102 1285 Metaplirasteni,
3157 1219 3308 1287 quasi
3343 1236 3467 1274 vero
3503 1221 3850 1276 collectiones
3875 1238 4084 1276 omnes

2493 1307 2733 1359 \ilal‘lltti
2778 1310 2846 1362 ab
2867 1311 3055 1363 eodem
3086 1309 3448 1379 Metapliraste
3479 1312 3740 1367 confecta:
3775 1316 3902 1378 sint;
3926 1317 4082 1382 quod

2485 1413 2586 1468 ego
2604 1399 2858 1454 existimo
2876 1402 3242 1456 falsissimum.
3263 1401 3397 1456 Cum
3417 1403 3532 1476 [80]
3546 1407 3689 1457 enim
3710 1404 4086 1460 Collectiones

2486 1490 2711 1551 biiniles,
2749 1505 2868 1558 quae
2897 1491 3006 1545 fere
3034 1492 3332 1547 innumera:
3366 1505 3511 1559 sunt,
3538 1511 3656 1549 raro
3675 1506 3768 1549 aet
3792 1513 4083 1567 nunquam

2503 1582 2645 1636 inter
2669 1600 2726 1637 se
2775 1596 3120 1649 conveniant,
3151 1589 3242 1640 sed
3277 1589 3357 1642 hie
3402 1589 3585 1657 plures
3625 1589 3726 1642 ille
3789 1592 4086 1658 pauciores

2492 1671 2641 1726 Vitas
2695 1675 3033 1739 contineant,
3071 1679 3257 1730 etalio
3307 1690 3468 1748 atque
3499 1681 3604 1732 alio
3638 1681 3851 1733 dicendi
3910 1682 4084 1734 modo

2491 1765 2852 1834 metbodoquc
2871 1769 3209 1838 conscriptae.
3239 1771 3329 1840 qui
3360 1772 3410 1824 id
3437 1772 3550 1826 ﬁeri
3584 1773 3779 1842 potuit,
3803 1774 3942 1827 utab
3967 1791 4088 1828 uno

2492 1855 2758 1912 inchoata:
2790 1861 2898 1911 sint
2931 1861 3320 1930 absolutaeque,
3364 1864 3464 1918 nisi
3491 1883 3612 1919 eun:
3645 1866 3868 1935 singulis
3912 1867 4076 1920 horis

2493 1959 2654 2018 atque
2683 1953 2974 2005 momentis
3003 1956 3103 2006 alia
3139 1966 3300 2023 atque
3323 1957 3426 2009 alia
3463 1969 3644 2011 mente
3675 1975 3775 2011 una
3803 1975 4084 2018 versasse.

2498 2052 2552 2095 et
2586 2044 2746 2096 modo
2784 2043 2880 2095 has
2913 2046 3072 2097 modo
3105 2046 3220 2099 illas
3257 2048 3585 2115 approbasse
3639 2051 4084 2119 reprobasseque

2497 2132 2675 2186 dicere
2696 2135 2940 2188 velimus.
2966 2135 3019 2188 Si
3042 2153 3179 2190 unus
3197 2154 3289 2192 eas
3339 2138 3596 2200 absolvis.
3629 2141 3826 2194 eadem
3854 2157 4090 2210 semper

2498 2225 2552 2281 in
2582 2227 2703 2279 codi
2741 2229 2862 2281 ibus
2882 2230 3473 2301 nianiiscriptismagna
3503 2249 3567 2286 ex
3599 2244 3746 2300 parte
3766 2234 4087 2303 objiceren-

2500 2326 2608 2370 tur:
2657 2330 2710 2370 at
2757 2321 2914 2372 modo
2947 2321 3101 2373 aliter
3137 2320 3212 2374 ﬁt.
3251 2320 3427 2386 Quare
3457 2323 3872 2388 dicendninest,
3903 2325 4087 2378 Meta-

2499 2410 2778 2477 phrastem
2820 2412 3103 2480 scripsisse
3151 2413 3294 2468 Vitas
3349 2413 3693 2481 Sanctorum,
3750 2433 3857 2471 non
3908 2420 4088 2471 colic-

2497 2502 2657 2571 gisse;
2706 2511 2759 2555 et
2788 2519 2922 2570 quas
2962 2505 3075 2572 ipse
3112 2505 3348 2573 scripsit,
3374 2508 3562 2561 eodem
3618 2524 3830 2577 semper
3857 2521 4091 2564 servato

2498 2593 2689 2646 ordine
2747 2595 2981 2660 cudisse,
3017 2607 3068 2647 nt
3117 2598 3310 2652 asserit
3354 2597 3636 2663 Baronius;
3683 2601 3746 2655 iis
3775 2603 3938 2654 etiam
3976 2603 4088 2654 ali-

2497 2685 2715 2754 quando
2739 2686 2967 2740 annexis
2996 2704 3118 2741 cum
3152 2689 3307 2757 pritni
3344 2691 3627 2759 scriptoris
3663 2694 3908 2757 nomine,
3935 2711 4086 2762 quas

2500 2777 2612 2845 ipse
2647 2779 3072 2846 comprobassct,
3113 2797 3211 2834 nec
3236 2781 3598 2838 iinmutasset.
3637 2786 3703 2839 Et
3736 2786 3862 2840 hinc
3913 2789 4086 2856 plane

2501 2867 2752 2922 videatur
2786 2868 3027 2925 Vitasita
3059 2888 3089 2925 a
3126 2873 3486 2943 Mctaphraste
3514 2877 3750 2946 digestas
3785 2878 3898 2932 fere
3925 2896 4086 2933 sein-

2501 2977 2598 3029 per
2666 2965 2917 3017 cunidem
2981 2967 3283 3019 modumin
3316 2967 3437 3022 aliis
3488 2970 3766 3023 codicibus
3826 2986 4084 3027 servare.

2502 3053 2635 3106 Male
2680 3071 2808 3124 ergo
2863 3055 3180 3120 allirmatur,
3235 3074 3356 3112 cum
3397 3059 3517 3127 quis
3575 3062 3733 3113 nobis
3781 3063 3832 3113 in
3875 3079 4086 3116 manus

2503 3149 2670 3200 codex
2710 3150 3041 3216 pervenerit,
3086 3160 3141 3203 et
3172 3151 3224 3202 in
3268 3168 3334 3204 eo
3367 3151 3638 3205 habentur
3672 3152 3805 3208 Vita:
3836 3155 4084 3208 Sancto-

816 3245 1063 3297 zianzeni
1093 3243 1474 3312 Xenophontis
1499 3251 1554 3295 et
1577 3241 1827 3294 filiorum.
1855 3237 1929 3290 De
1950 3237 2191 3305 reliquiis
2219 3235 2394 3290 sancti
2422 3253 2466 3314 ς
2506 3253 2644 3299 rum,
2699 3239 2848 3291 nullo
2909 3241 3129 3306 praeﬁxo
3166 3243 3447 3310 scriptoris
3499 3245 3739 3308 nomine,
3774 3246 3889 3298 illas
3933 3246 4086 3302 Vitas

811 3336 1037 3390 Joannis
1051 3336 1441 3404 Cbrysostomi.
1463 3331 1894 3402 Ephrazmiﬁyri.
1920 3328 2042 3399 Cyri
2067 3337 2122 3383 et
2139 3327 2386 3381 Joannis.

813 3427 984 3480 Mense
1028 3426 1333 3480 Februario.
1408 3424 1739 3493 Tryphonis.
1808 3421 2083 3474 Parthenii
2153 3419 2392 3488 episcopi

820 3518 1123 3586 Lanipsaei.
1153 3516 1423 3570 Theodori
1455 3515 1764 3570 Stratilatin.
1798 3513 1953 3567 Luem
1984 3511 2390 3580 Thauniaturgi.

827 3609 1139 3679 Nicephori.
1167 3608 1352 3663 Blasii.
1388 3607 1712 3660 llartiniani.
1734 3611 1907 3660 Mense
1934 3605 2141 3658 Martio.
2171 3604 2395 3656 Sancto-

817 3717 938 3755 rum
981 3701 1336 3769 quadraginta
1409 3699 1641 3754 duornm
1709 3709 2029 3767 martyrum.
2072 3697 2394 3748 Sanctorum

815 3793 1167 3863 quadraginta
1195 3793 1442 3844 {\arratio
1457 3793 1522 3844 de
1537 3790 1824 3844 obsidione
1840 3787 2364 3854 Constantinopolim
2377 3814 2393 3825 -

820 3899 910 3937 ita.
927 3884 1096 3937 Mense
1116 3886 1305 3952 Aprili.
1342 3883 1558 3951 Georgii
1584 3880 1852 3950 martyris.
1888 3877 2059 3932 Mense
2079 3878 2258 3931 Iunio.
2278 3878 2391 3930 Ma-

820 3977 1020 4038 nuclis,
1039 3975 1233 4028 Sabelii
1248 3985 1300 4027 et
1318 3974 1576 4026 lsmaclis.
1601 3972 1915 4039 Sanipsonis
1931 3969 2267 4023 Xenodochi.
2295 3968 2393 4022 Pe-

819 4068 1208 4135 regrinationes
1261 4064 1402 4118 l‘ctri
1436 4074 1490 4116 et
1527 4063 1694 4116 Pauli.
1718 4061 1888 4114 Mense
1928 4059 2091 4114 Julia.
2122 4060 2389 4127 Procopii.

819 4155 1465 4214 Patitaleonis.(1alliniei.
1498 4153 1799 4208 Eudocimi.
1826 4150 2007 4205 Hense
2027 4154 2282 4220 Angusto.
2319 4150 2392 4204 De

819 4258 936 4304 ortu
956 4258 1009 4303 et
1026 4248 1371 4303 educatione.
1395 4245 1652 4314 Deiparaé.
1678 4245 1750 4299 De
1764 4244 1963 4299 Christi
1981 4244 2211 4312 imagine
2230 4243 2391 4296 missa

822 4341 890 4395 ad
913 4342 1204 4412 Agbarum.
1252 4338 1328 4392 De
1370 4335 1575 4390 Joanne
1608 4336 1864 4406 Baptista.
1894 4336 2065 4390 Mense
2094 4334 2390 4388 Novembri.

820 4428 1090 4490 Samonze,
1157 4426 1337 4481 Curize
1413 4434 1468 4479 et
1529 4425 1706 4478 Abibi.
1763 4423 1912 4478 Pauli
1999 4424 2390 4493 archiepiscopi

819 4519 1423 4587 Constantinopolitani.
1466 4516 1715 4570 llieronis
1761 4531 1807 4570 et
1839 4516 1928 4586 qui
1968 4534 2091 4572 cum
2136 4533 2202 4570 eo
2246 4518 2387 4585 passi

2503 3333 2688 3384 haberi
2731 3332 2871 3398 apud
2909 3332 3353 3400 Metapbrastciii,
3402 3351 3524 3388 cum
3559 3338 3803 3390 collectio
3837 3339 3925 3391 illa
3983 3340 4080 3391 Vi-

2502 3430 2673 3472 tarnni
2727 3418 3103 3486 Metaplirastis
3135 3439 3239 3473 non
3269 3424 3358 3484 s‘t;
3392 3432 3447 3476 et
3504 3437 3903 3492 consequenter
3957 3428 4085 3480 illas

2498 3510 2936 3579 Metaplirasteni.
2964 3523 3017 3566 ct
3051 3514 3092 3565 si
3145 3529 3251 3566 non
3285 3514 3585 3582 scripserit.
3619 3517 3970 3584 approbasse,
3997 3523 4083 3572 vel

2497 3604 2685 3655 saltem
2733 3603 2919 3672 dignas
2960 3604 3318 3666 existimasse,
3367 3622 3485 3673 quae
3533 3622 3628 3674 per
3657 3624 3846 3660 manus
3891 3612 4083 3662 homi-

2497 3710 2628 3746 num
2665 3694 2972 3747 volitarcnt.
3018 3696 3131 3748 Dixi
3167 3697 3331 3765 supra
3375 3698 3604 3750 arduum
3639 3698 3779 3751 bone
3821 3715 3946 3754 esse
4000 3704 4084 3754 la-

2496 3788 2679 3840 borem
2713 3799 2766 3840 et
2795 3788 3121 3856 improbum,
3166 3799 3219 3842 ct
3252 3806 3412 3858 quem
3469 3791 3583 3859 ipse
3627 3792 4085 3858 prudentioribus

2497 3881 2880 3948 relinquerem.
2924 3880 3210 3934 Conferant
3283 3893 3461 3936 tamen
3536 3884 3734 3952 aliquid
3802 3888 3974 3940 studii
4028 3902 4084 3941 et

2493 3989 2690 4039 operte,
2723 3983 2774 4025 et
2807 3973 2942 4024 viain
2974 3974 3092 4027 aliis
3133 3975 3389 4042 aperiam,
3428 3983 3486 4027 ut
3527 3984 3713 4042 potero
3743 3995 3756 4041 ί
3798 3988 3850 4029 et
3875 3994 4082 4045 quein-

2495 4064 2788 4116 admodum
2876 4065 3112 4132 prudens
3186 4065 3417 4133 agricola
3472 4075 3592 4134 post
3645 4067 3787 4134 jacta
3821 4067 3871 4118 iii
3930 4081 4081 4120 terra

2492 4158 2721 4218 semina,
2795 4169 3082 4224 enat-aque,
3129 4172 3195 4208 ne
3229 4157 3460 4226 genuina
3490 4172 3518 4209 a
3551 4159 3773 4225 spuriis,
3823 4160 4083 4228 aliusque

2493 4247 2704 4316 generis
2742 4249 3101 4308 suﬂoceiitur,
3144 4246 3486 4316 fructumque
3530 4248 3797 4303 sincerum
3849 4250 4084 4318 habent,

2493 4339 2727 4408 primum
2770 4339 3022 4392 herbulas
3056 4339 3172 4394 illas
3207 4354 3417 4401 omnes,
3443 4353 3576 4407 quas
3610 4338 3696 4392 ille
3741 4355 3846 4392 non
3898 4357 4084 4409 agnu-

2493 4430 2614 4494 scit,
2650 4431 2906 4484 sementis
2938 4431 3244 4499 colligendi,
3279 4447 3585 4500 germanas,
3614 4432 3820 4485 etiamsi
3851 4437 4086 4501 Optimae

2493 4520 2716 4582 fuerint,
2758 4536 2946 4574 severa
2995 4521 3270 4590 diligentia
3319 4523 3599 4591 exstirpat,
3644 4524 3872 4592 reliquas
3930 4525 4084 4580 [ovet

822 4620 967 4664 sinit.
1024 4609 1296 4662 Matronae.
1331 4607 1670 4662 Tlicoetistcs
1690 4609 1913 4661 Lesbize.
1943 4607 2385 4677 Menxﬁgyptii.
2416 4625 2467 4684 ι)
2497 4623 2550 4665 et
2578 4613 2726 4677 colit;
2761 4613 2838 4666 sic
2885 4623 2939 4666 et
2974 4613 3087 4682 ipse
3113 4629 3179 4666 ex
3215 4614 3551 4682 amplissimo
3599 4616 3722 4678 isto,
3756 4617 3843 4683 qni
3899 4616 4080 4671 Meta-

820 4702 1044 4754 Joannis
1059 4699 1726 4769 ElcemosynariiJoannis
1738 4699 2124 4769 Clirysostomi.
2148 4699 2377 4768 Philippi

823 4793 1069 4860 apostoli.
1093 4791 1257 4843 Mense
1275 4790 1560 4842 Decembri.
1581 4789 1840 4842 Bonifaeii
1861 4789 2384 4844 lioniani.Sebastia~

823 4885 901 4937 ni.
931 4885 960 4936 'l
979 4883 1306 4949 ranqudlini,
1326 4882 1632 4947 Nicostrati,
1653 4883 1880 4946 Claudii,
1904 4885 2162 4946 Castoris,
2182 4893 2233 4938 ct
2249 4885 2385 4937 alio-

829 4991 966 5027 rum.
1002 4974 1203 5042 lgnatii.
1239 4973 1485 5026 .lulianze.
1520 4974 1836 5027 Anastasire.
1872 4975 2063 5028 Decem
2095 4985 2384 5042 martyrum

823 5067 1182 5122 Cretensium.
1203 5066 1451 5133 Eugeniae
1467 5075 1521 5118 et
1539 5075 1842 5133 parentum.
1863 5064 2129 5118 Theodori
2143 5075 2196 5119 et
2212 5064 2387 5118 Theo-

825 5160 1020 5229 phanis
1069 5159 1412 5226 Graptoruin.
1459 5157 1572 5211 Indi
1619 5167 1672 5211 et
1716 5158 1953 5220 Domnx,
1987 5168 2040 5211 et
2094 5159 2384 5211 sociorum.

827 5249 1080 5302 Marcelli.
1119 5247 1358 5301 Melania:
1404 5248 1683 5302 Romana.
1727 5249 2047 5302 Eleutherii.
2091 5250 2147 5300 In
2196 5249 2386 5302 Danie-

825 5340 934 5392 letn
960 5339 1298 5406 prophetam,
1319 5347 1372 5389 et
1397 5345 1508 5390 tres
1532 5353 1748 5405 pueros.
1794 5336 1909 5390 Non
1941 5339 2164 5390 aliarum
2196 5339 2387 5391 biblio-

832 5429 1111 5481 thecarum
1168 5428 1370 5481 indices
1429 5428 1728 5491 conferam,
1765 5445 1886 5482 cum
1945 5431 2051 5482 rari
2101 5430 2388 5484 admodum

831 5519 958 5580 sint,
999 5519 1092 5587 qui
1122 5520 1310 5572 eadem
1344 5521 1672 5572 contineant.
1724 5519 1922 5575 Oinncs
1954 5523 2096 5575 enim
2159 5521 2269 5576 fere
2322 5523 2389 5576 ad

832 5625 998 5663 unum
1045 5626 1230 5662 eorum
1277 5611 1328 5662 in
1357 5611 1545 5663 iisdem
1601 5613 1896 5674 tnensibus,
1947 5624 2000 5666 et
2053 5614 2386 5667 diversorum

831 5713 1138 5756 sanctorum
1165 5703 1311 5757 Vitas
1328 5715 1380 5756 ct
1400 5704 1588 5771 elogia,
1612 5706 2034 5775 eorumdeinquc
2076 5718 2388 5760 sani-torum

836 5794 978 5846 Sitas
1032 5797 1204 5848 \ttl'ias‘
1256 5807 1580 5864 praponual;
1618 5798 1845 5865 etquod
1903 5802 2137 5851 maximo
2180 5802 2252 5852 rei
2289 5798 2386 5853 lic-

826 5887 1145 5939 ιὶιυιλιθιιιε
1203 5887 1526 5940 detrimento
1597 5888 1793 5942 factum
1843 5899 1941 5953 est,
1991 5890 2105 5944 sine
2154 5892 2389 5946 auctoris

2486 4714 2679 4774 prastat
2699 4706 2916 4760 nomine
2942 4707 3164 4759 invaluit
3185 4722 3398 4776 campo,
3417 4709 3893 4780 primusomniuin
3925 4708 4084 4766 Vitas

2484 4812 2594 4860 eas,
2631 4797 2754 4866 quis
2797 4807 2979 4866 posset
3013 4799 3238 4851 omnes?
3267 4799 3511 4863 evellam,
3564 4811 3618 4852 ut
3649 4800 3718 4852 ita
3764 4801 3973 4864 dicant,
4029 4815 4083 4856 et

2487 4889 2779 4942 eradicabo
2846 4891 3098 4958 (quarum
3144 4891 3248 4944 sub
3298 4891 3518 4944 nomine
3574 4901 3628 4944 et
3682 4894 3965 4960 martyrio,
4029 4911 4080 4948 et

2494 4981 2698 5051 elogia,
2723 4983 2837 5035 sive
2884 4983 3158 5045 enconiia,
3209 4982 3323 5035 sive
3374 4982 3559 5035 laudes
3589 4991 3698 5034 tum
3729 4983 3782 5035 in
3825 4995 4077 5045 sanctos.

2489 5081 2603 5124 tum
2659 5072 2712 5124 in
2763 5071 3064 5133 Christum,
3113 5073 3480 5142 etDeiparam
3530 5072 3828 5126 intellectas
3881 5075 4077 5140 velini)

2488 5161 2830 5230 propriisque
2880 5163 3218 5226 auctoribus,
3276 5163 3769 5232 manuscriptorum
3823 5179 3928 5231 ope
3980 5181 4077 5219 cu-

2487 5253 2666 5305 dieuin
2740 5255 3023 5307 restituam
3056 5273 3066 5306 :
3107 5265 3220 5306 tum
3250 5255 3315 5307 de
3364 5255 3504 5317 aliis,
3535 5271 3652 5323 qua!
3687 5256 3801 5308 sine
3847 5259 4077 5310 nomine

2489 5357 2637 5409 sunt,
2666 5345 3053 5413 iudicabimus.
3083 5347 3151 5402 Ut
3187 5363 3313 5400 vero
3345 5346 3553 5400 facilius
3577 5347 3842 5400 intentum
3871 5364 4074 5403 conse-

2487 5453 2738 5504 quamur,
2765 5439 3000 5506 primum
3029 5449 3338 5506 apponetur
3391 5439 3717 5506 principium
3761 5439 3970 5506 operis.
3994 5457 4076 5494 se-

2487 5528 2666 5579 cundo
2685 5527 2801 5580 loco
2829 5543 3023 5588 nomen
3057 5528 3312 5586 auctoris,
3343 5527 3502 5580 tertio
3525 5525 3840 5593 titulnsipse
3861 5529 4072 5594 operis.

2491 5625 2548 5668 ut
2601 5616 2858 5678 unoictu,
2909 5616 3380 5678 velutiintabclla,
3431 5615 3556 5684 quis
3582 5615 3684 5667 sibi
3729 5615 4076 5668 interSleia-

2497 5708 2730 5774 plirasta:
2747 5707 2957 5760 labores
2974 5707 3146 5761 locum
3161 5707 3640 5775 occupaverit,sive
3661 5706 3729 5758 ita
3748 5708 4077 5775 disponente

2494 5799 2876 5867 Metaphraste,
2897 5799 3008 5852 sive
3025 5815 3089 5852 ex
3109 5799 3464 5868 scriptoribus
3487 5799 3730 5866 ipsis,qui
3751 5808 3807 5849 ut
3834 5813 4078 5850 comnm-

2491 5893 2616 5947 dum
2636 5903 2781 5948 estet
2796 5892 3155 5960 lubet,otnnia
3174 5892 3396 5960 audent,
3417 5890 3714 5945 referamus
3729 5891 3780 5944 it:
3798 5891 4074 5945 codiceni.
