4158 6472
754 411 825 475 83
2062 411 2341 471 LEONIS
2381 412 2688 473 ALLATII

3964 409 4043 471 84

765 519 1083 574 ’Λσκαλωνα
1113 520 1212 588 τὴν
1249 517 1722 587 παραθαλασσίαν.
1745 515 1828 578 Et,
1857 517 2076 585 Πρωῖας
2110 518 2166 572 δὲ
2197 534 2344 586 γενο-
2375 523 2419 580 Α
2451 519 3078 582 Κωνσταντινουπόλεως
3133 518 3442 583 Ἀντωνίου,
3470 517 3563 573 τοῦ
3601 517 3701 589 τὴν
3736 517 3905 588 μονὴν
3937 512 4037 570 τοῦ

756 615 926 684 μένης
976 613 1210 682 ἧλθομεν
1269 612 1362 664 ἐπὶ
1415 612 1482 663 τὰ
1533 613 1718 664 στενά.
1783 609 1880 673 Et,
1930 609 2207 678 Ἰιλθομεν
2256 613 2338 676 είς

753 706 1090 773 Χαλκηδόνα.
1160 704 1286 773 Ipsa
1365 716 1542 758 autem
1601 713 1769 768 nocte,
1831 706 2172 774 prtefecturas
2233 713 2336 759 tres

751 798 1105 868 prmtergressi
1163 814 1367 860 sumus,
1429 798 1513 850 die
1583 807 1758 850 autem
1810 797 1973 866 quieti
2033 796 2336 863 corporibus

750 892 980 954 traditis,
1011 892 1080 943 ad
1112 907 1406 958 vesperam,
1454 907 1573 943 cum
1620 891 1720 944 iter
1747 906 2180 959 prosequeremur
2211 907 2334 958 pro-

751 987 913 1054 funda
978 997 1144 1048 nocte,
1196 986 1413 1053 spiritus
1463 985 1787 1038 clamabant.
1857 983 1959 1048 Et,
2023 985 2335 1038 Ascalonem

750 1078 1076 1130 maritimam
1130 1079 1480 1144 pervenimus.
1551 1075 1656 1140 Et,
1711 1075 1778 1129 Et
1834 1092 2038 1128 summo
2079 1093 2234 1129 mane
2264 1077 2333 1128 ad

750 1169 1023 1238 angustias
1054 1168 1375 1236 appulimus.
1425 1168 1510 1233 El,
1542 1167 1918 1222 Chalcedonem
1953 1169 2188 1220 venimus
2265 1168 2332 1222 Et

751 1262 971 1316 similia.

829 1355 1077 1422 Ἐγένετό
1107 1356 1195 1424 μοί
1229 1373 1359 1407 ποτε
1394 1353 1766 1424 καθεζομένῳ.
1817 1355 2088 1410 Ammonii
2142 1369 2332 1409 mona-

746 1450 882 1515 chi,
945 1449 1196 1519 διήγησις
1261 1447 1545 1518 περὶτῶν
1607 1447 2006 1517 ἀναιρεθέντων
2066 1447 2172 1500 ὑπὸ
2224 1447 2333 1500 τῶν

750 1542 1051 1612 Βαρϐάρων
1076 1543 1133 1594 ὲν
1166 1541 1244 1610 τῷ
1295 1541 1427 1611 Σινᾷ
1462 1540 1578 1611 δρει
1610 1541 1700 1592 καὶ
1721 1542 1781 1593 ὲν
1815 1544 1882 1611 τῇ
1929 1539 2134 1594 Ῥαῖθοῖ
2158 1541 2334 1610 ἁγίων

746 1633 1026 1703 Ηατέρων.

829 1721 1154 1788 Ἐγκαινίων
1183 1723 1493 1792 πανήγυρις
1523 1722 1763 1791 ἀδελφοί.
1798 1723 1998 1779 Leonis
2033 1725 2330 1795 imperato-

750 1815 842 1877 ris,
895 1814 1050 1880 λόγος
1084 1817 1163 1877 είς
1192 1814 1291 1883 τὴν
1334 1814 1551 1884 ίέρωσιν
1581 1815 1672 1867 τοῦ
1701 1815 1851 1871 ναοῦ.

825 1907 973 1960 Ἔδει
1009 1907 1108 1973 μὲν
1153 1909 1301 1977 ἡμεῖς
1337 1908 1471 1979 πρὸς
1507 1911 1704 1977 πεῖραν
1747 1907 1961 1961 πολλῶν
1996 1907 2331 1978 εὐεργεσιῶν

746 2003 1058 2072 εἰληφότας.
1122 2001 1436 2073 Martyrium
1489 2002 1662 2057 sancti
1717 2002 1984 2056 Theodoti
2033 2001 2327 2073 Ancyrani.

751 2098 1026 2166 Scriptum
1051 2107 1135 2150 est
1158 2112 1186 2149 a
1212 2095 1332 2153 Nilo
1359 2097 1412 2149 in
1437 2096 1695 2166 martyrio
1723 2098 1957 2152 comite:
1986 2097 2208 2164 Λεγέτω
2237 2096 2330 2150 οὖν

746 2202 831 2248 τις
865 2186 1003 2254 ὅπερ
1040 2185 1310 2256 βούλεται·
1367 2189 1527 2256 ἡμεῖς
1576 2187 1719 2258 άπερ
1773 2189 1868 2239 καὶ
1915 2186 2182 2257 ἔγνωμεν,
2237 2187 2331 2239 καὶ

749 2278 937 2345 ὄψεσιν
982 2278 1174 2341 αὑταῖς
1217 2277 1590 2347 ἐθεασάμεθα,
1626 2278 1723 2346 τὴν
1766 2275 2068 2347 καρτερίαν
2109 2274 2204 2328 τοῦ
2240 2276 2332 2328 ἀν-

745 2369 892 2436 δρὸς,
929 2367 1003 2430 ὡς
1054 2369 1148 2420 καὶ
1209 2369 1590 2437 συμπαρόντες
1639 2367 1814 2438 αὐτῷ,
1861 2367 1956 2420 καὶ
2001 2367 2330 2431 ἀξιωθέντες

747 2463 878 2530 παρ’
926 2460 1090 2514 αὑτοῦ
1140 2460 1309 2528 ἁγίων
1346 2460 1521 2528 λόγων
1560 2461 1838 2523 νουθεσίας
1882 2460 2064 2531 χάριν,
2099 2478 2151 2514 κ.
2195 2477 2248 2513 τ.
2280 2461 2328 2512 έ.

746 2555 880 2605 Τότε
943 2554 1188 2624 ἔγνωμεν
1238 2554 1330 2606 τὸν
1387 2554 1652 2624 προδότην
1709 2549 1853 2607 εἶναι
1910 2555 2004 2606 τὸν
2056 2552 2330 2623 Πολυχρό-

749 2663 884 2699 νιον.
916 2645 1070 2698 hicat
1101 2646 1282 2713 itaque
1314 2661 1637 2715 quaecunque
1672 2646 1777 2698 vult
1817 2643 2054 2714 quilibet,
2089 2661 2180 2697 nos
2214 2660 2330 2714 quae

746 2738 1103 2807 cognovimus,
1155 2747 1202 2790 et
1247 2738 1412 2790 oculis
1466 2738 1595 2806 ipsis
1639 2737 1906 2801 vidimus,
1967 2735 2330 2805 fortitudinem

744 2833 868 2895 tiri,
923 2841 1175 2900 tanquam
1208 2832 1296 2900 qui
1339 2839 1621 2899 pra'sentes
1665 2830 1742 2882 illi
1776 2831 2051 2900 fuerimus,
2085 2827 2331 2897 dignique

744 2925 910 2992 effecti
931 2940 1111 2976 sumus
1141 2923 1206 2975 ab
1241 2922 1419 2976 eodem
1447 2933 1751 2976 sanctorum
1781 2921 2181 2992 colloquiorum,
2214 2917 2328 2991 [87}

745 3018 817 3068 ad
850 3024 1084 3067 nostram
1117 3015 1509 3066 instructionem
1543 3013 1809 3066 memoria
1833 3012 2327 3072 commendabimus,

744 3117 853 3160 ete.
884 3106 1007 3159 Jam
1037 3105 1368 3175 cognovimus
1397 3106 1717 3172 proditorem
1757 3119 1864 3157 esse
1900 3100 2325 3171 Polyelironium.

745 3198 813 3253 Et
857 3199 910 3252 in
951 3197 1095 3261 line;
1151 3195 1336 3249 Ταῦτα
1371 3195 1548 3247 πάντα
1576 3194 1688 3262 ἐγὼ
1717 3193 1909 3255 Νεῖλος
1961 3193 2215 3255 ταπεινὸς
2245 3191 2330 3256 ἐξ·

745 3291 929 3344 έδωκα
972 3290 1101 3358 ὑμῖν
1133 3289 1271 3358 μετά
1324 3289 1506 3356 πάσης
1552 3285 1839 3356 ἀκρισείας
1871 3286 1982 3346 τοῖς
2023 3282 2329 3351 θεοφιλέσιν

744 3383 994 3450 ἀδελφοῖς
1019 3421 1034 3444 ,
1079 3382 1139 3444 ὃς
1182 3383 1276 3434 καὶ
1315 3383 1374 3434 ὲν
1417 3383 1484 3450 τῇ
1520 3379 1736 3449 φυλακῇ
1795 3375 1970 3430 συνὼν
2011 3375 2158 3444 αὑτῷ
2184 3416 2197 3440 ,
2236 3375 2329 3427 καὶ

743 3478 951 3528 ἕκαστα
983 3476 1146 3543 γνοῦς
1192 3473 1226 3528 ἁ
1275 3475 1358 3536 είς
1384 3473 1586 3541 γνῶσιν
1617 3473 1860 3540 ἡγαγον,
1898 3467 2178 3537 πανταχοῦ
2227 3467 2329 3534 τῆς

744 3566 1005 3638 ἀληθείας
1059 3567 1397 3636 φροντίζωνο
1441 3566 1588 3626 ὅπως
1619 3563 1714 3616 καὶ
1758 3563 1918 3632 ἡμεῖς
1965 3560 2102 3630 μετὰ
2149 3559 2329 3627 πάσης

746 3663 984 3722 πίστεως
1015 3662 1109 3712 καὶ
1151 3657 1522 3730 πληροφορίας
1567 3655 1858 3718 ἀκούοντες
1900 3653 2116 3724 σχοίητε
2161 3653 2326 3722 μέρος

748 3753 886 3822 μετά
954 3753 1048 3806 τοῦ
1108 3753 1264 3820 ἁγίου
1334 3751 1432 3804 καὶ
1513 3750 1724 3813 ἐνδόξου
1809 3749 2084 3818 μάρτυρος
2139 3746 2328 3799 Θεοδόο

745 3861 860 3896 του.
914 3842 1041 3897 Ηωε
1091 3845 1265 3896 omnia
1324 3859 1414 3912 ego
1467 3841 1678 3894 humilis
1710 3839 1870 3894 Nilus
1907 3840 2166 3906 exquisita
2202 3839 2328 3892 dili-

745 3937 920 4006 gentia
951 3937 1090 3989 vobis
1128 3936 1345 4000 credidi,
1380 3934 1476 3986 Dei
1507 3933 1804 3987 amantibus
1837 3932 2111 3999 fratribus,
2148 3932 2236 4000 qui
2272 3931 2328 3983 in

747 4030 860 4097 ipso
888 4045 1097 4082 carcere
1149 4045 1265 4080 cum
1298 4044 1355 4081 eo
1410 4028 1506 4098 fui,
1539 4027 1851 4095 singulaque
1878 4026 2092 4094 cognovi
2125 4040 2241 4092 qua:
2271 4025 2327 4075 in

746 4121 1176 4174 commentarium
1208 4121 1384 4186 retuli,
1417 4121 1472 4172 in
1506 4119 1744 4172 omnibus
1783 4119 2057 4171 veritatem
2087 4127 2325 4180 secutus;

744 4220 800 4262 ut
831 4227 916 4262 vos
947 4227 1147 4279 quoque
1175 4226 1293 4262 cum
1322 4210 1464 4262 omni
1485 4209 1589 4274 fide
1619 4220 1665 4261 et
1691 4208 2002 4261 certitudine
2027 4208 2323 4271 audientes,

744 4313 951 4370 partem
1008 4318 1124 4354 cum
1171 4312 1352 4355 sancto
1414 4311 1462 4354 et
1521 4300 1746 4370 glorioso
1789 4309 2024 4370 martyre
2067 4299 2324 4354 Theodoto

746 4395 1005 4448 habeatis.

821 4485 976 4538 Ἔδει.
1001 4487 1209 4548 πάντας
1236 4485 1560 4556 ἀνθρώπους
1591 4485 1699 4538 τῶν
1730 4485 1911 4538 καλῶν
1932 4486 2007 4556 μὴ
2045 4487 2322 4556 ἀμυήτους

2443 610 2672 673 Καλὲως
2707 611 3142 681 συστησαμένου.

2515 705 2575 756 Εἰ
2612 705 2670 757 δὲ
2700 703 2930 774 οὐρανοῦ
3005 705 3227 769 κάλλος,
3272 706 3367 758 καὶ
3407 704 3584 774 αὐγὴν
3616 704 3766 775 ἡλίου
3795 703 4040 771 φαιδρὰν

2439 797 2562 850 οὔτε
2622 797 2898 868 ἐσίγησεν.
2950 797 3144 853 lsidori
3218 797 3616 868 archiepiscopi
3671 795 4039 851 Thessaloni-

2437 889 2644 956 censis,
2696 891 2854 959 λόγος
2884 893 2964 954 είς
2990 891 3090 960 τὴν
3130 890 3390 962 κοίμησιν
3419 891 3517 960 τῆς
3541 889 3848 960 ὑπεραγίας
3897 887 4038 940 Sacr

2439 983 2624 1038 τόκου.

2511 1077 2573 1128 Ei
2623 1077 2688 1128 ὲκ
2718 1075 2811 1128 τοῦ
2848 1075 3062 1146 καρποῦ
3099 1075 3158 1129 τὸ
3203 1075 3421 1144 δένδρον
3447 1074 3774 1143 γνώσκεται,
3824 1073 3916 1124 καὶ
3965 1071 4032 1122 τὸ

2437 1169 2603 1221 καλὸν
2641 1168 2873 1238 δένδρον.
2920 1166 3164 1240 Gregorii
3225 1166 3458 1222 Palamae
3487 1167 3730 1236 episc0pi
3780 1165 4028 1219 Thessao

2437 1261 2754 1327 loniceusis,
2819 1258 3006 1332 ὁμιλία
3058 1262 3439 1332 ἐκφωνηθεῖσα
3485 1262 3627 1314 κατὰ
3670 1260 3767 1330 τὴν
3819 1261 3898 1322 εἰς
3959 1259 4030 1310 τὰ

2437 1351 2606 1419 Ἅγια
2635 1351 2742 1404 τῶν
2773 1354 2944 1420 ἁγίων
2973 1353 3177 1405 εἴσοδον
3205 1353 3398 1424 ἑορτὴν
3428 1352 3526 1420 τῆς
3549 1352 3834 1404 Θεοτόκον.

2509 1445 2708 1498 Εἱκόνα
2750 1446 3093 1517 μαρτυρικὴν
3120 1446 3420 1516 διαγράψαι
3457 1444 3737 1513 βούλομαι.
3782 1443 4030 1513 Ephrem

2435 1538 2574 1607 Syri,
2603 1537 2876 1607 ἐγκώμιον
2899 1540 2979 1602 είς
3012 1543 3136 1604 τοὺς
3171 1538 3361 1606 ἁγίους
3420 1537 3841 1607 Τεσσαρόικοντα
3875 1536 4030 1604 μάρ-

2436 1647 2629 1700 τυρας.

2504 1722 2567 1774 Ei
2601 1720 2701 1792 μὲν
2729 1721 2958 1795 λαμπρὰ
2982 1722 3076 1776 καὶ
3097 1721 3345 1794 πανεύφη
3357 1739 3431 1792 μα
3462 1719 3531 1775 τὰ
3549 1720 3658 1774 τῶν
3675 1719 3849 1786 ἁγίων
3880 1737 4030 1788 μαρ-

2434 1814 2616 1884 τύρων
2653 1817 2992 1885 μνημόσυνα.
3036 1815 3269 1870 Andreas
3297 1815 3600 1876 Cretensis,
3635 1812 3912 1883 ἐγκώμιον
3940 1814 4029 1876 είς

2433 1908 2524 1960 τὸν
2549 1909 2702 1975 ἅγιον
2735 1908 3195 1978 μεγαλομάρτυρα
3229 1907 3524 1980 Γεὼργιον.

2506 2003 2570 2055 Et
2598 2003 2696 2072 μὲν
2731 2004 2757 2054 ό
2789 2003 2881 2054 τοῦ
2919 2003 3077 2071 λόγου
3109 2001 3286 2073 κήρυξ
3347 2004 3442 2055 καὶ
3468 2001 3795 2072 πρόδρομος.
3833 1995 4028 2051 Theo-

2433 2095 2552 2149 dori
2611 2094 3000 2165 Daplinopatze,
3045 2098 3127 2159 εἰς
3157 2095 3216 2148 τὸ
3246 2095 3491 2164 γενέσιον
3523 2094 3616 2148 τοῦ
3663 2097 3845 2164 τιμίου
3878 2095 4026 2162 Προ-

2431 2186 2655 2256 δρόμου.
2693 2186 2750 2240 ln
2778 2188 2964 2241 codice
2997 2187 3136 2241 1074
3197 2185 3458 2244 Vaticano
3493 2187 3750 2242 tribuitur
3766 2187 4030 2240 Theodo-

2436 2280 2539 2334 rito
2601 2279 2723 2350 Cyri
2755 2281 3014 2350 episcopo
3039 2323 3053 2345 ,
3087 2281 3422 2352 Θεοδωρίτου
3476 2283 3779 2336 ἐπισκόπου
3811 2281 4028 2350 Κύρου.

2503 2373 2564 2425 Εἰ
2606 2375 2879 2442 μετρεῖται
2907 2372 2977 2441 γῆ
3021 2372 3292 2442 σπιθαμῇ,
3333 2373 3428 2424 καὶ
3458 2372 3707 2442 σπαρτίῳ
3748 2371 4026 2442 περιγρά-

2434 2485 2592 2534 φεται
2645 2466 2908 2520 θάλασσα.
2977 2466 3196 2539 Georgii
3258 2465 3731 2532 Nicomediensis,
3789 2469 3870 2526 εἰς
3919 2466 4032 2534 τὴν

2435 2561 2646 2628 γένεσιν
2673 2561 2772 2630 τῆς
2807 2560 3093 2613 Θεοτὸκου.

2504 2647 2672 2703 Εἶπεν
2703 2653 2732 2704 ό
2768 2652 2991 2720 Κύριος,
3035 2652 3224 2715 Οὐδεὶς
3275 2652 3583 2720 ἀναϐέϐηκε
3624 2654 3704 2716 είς
3742 2654 3832 2706 τὸν
3855 2651 4032 2722 059a-

2433 2744 2544 2798 νόν.
2604 2745 2831 2800 Joannis
2857 2745 3088 2810 Calecze,
3131 2745 3287 2814 λόγος
3325 2749 3390 2817 τῇ
3445 2747 3698 2816 Κυριακῇ
3751 2746 3856 2816 πρὸ
3913 2744 4027 2812 τῆς

2433 2837 2694 2907 ὕψώσεως
2727 2837 2820 2891 τοῦ
2873 2837 3138 2900 ζωοποιοῦ
3175 2837 3443 2908 Σταυροῦ.
3520 2839 3811 2892 Gretscrus
3859 2847 4029 2890 nota-

2434 2933 2582 2985 tione
2622 2931 2675 2984 in
2703 2931 2844 2986 hanc
2871 2932 3201 2994 orationem,
3226 2942 3285 2985 ut
3305 2932 3361 2983 ὲν
3393 2930 3614 3000 παρόδῳ
3654 2931 3771 3000 ipse
3797 2945 4029 2999 quoque

2431 3024 2482 3076 id
2512 3035 2696 3078 notem
2725 3043 2738 3090 ;
2780 3024 2902 3077 ch
2934 3025 3127 3089 oratio,
3170 3024 3364 3093 inquit,
3397 3041 3580 3077 nomen
3608 3025 3819 3094 praefert
3847 3023 4027 3075 Joan-

2433 3113 2513 3166 nis
2540 3111 2744 3168 Calecas
2790 3113 3112 3182 patriarchae
3152 3111 3656 3180 Constantinopolit.
3714 3108 3818 3164 Sed
3902 3111 4027 3179 quis

2433 3215 2477 3256 et
2525 3214 2712 3273 quotus
2738 3212 2811 3256 est
2845 3201 3108 3257 Calecas.’
3151 3200 3323 3267 Quis?
3350 3201 3472 3255 Fuit
3498 3200 3756 3263 Joannes,
3783 3199 3873 3269 qui
3917 3200 4027 3254 sub

2433 3293 2642 3350 Joanne
2699 3294 2740 3348 ν
2789 3293 3090 3364 Palzeologo
3143 3308 3204 3348 ac
3251 3291 3464 3346 Joanne
3511 3293 3578 3347 VI
3628 3291 4027 3347 Cantacuzeno

2434 3397 2556 3456 post
2590 3385 2802 3440 Esaiam
2829 3385 3180 3455 Byzantinum
3209 3382 3510 3438 Ecclesium
3553 3383 3710 3436 rexit.
3767 3381 4027 3450 Namque

2433 3479 2507 3532 illi
2547 3492 2849 3549 cognomen
2872 3476 3080 3530 Caleea:
3107 3475 3229 3530 fuit.
3275 3474 3435 3529 Disco
3472 3490 3537 3528 ex
3584 3473 3776 3528 eodem
3809 3471 4026 3526 Canta-

2432 3586 2640 3625 euzeno
2706 3571 2760 3623 in
2835 3569 3110 3639 procemio
3195 3567 3677 3622 antirrheticorum
3752 3565 4029 3619 adversus

2439 3663 2770 3734 proeliorum
2803 3660 3130 3732 Cydonium.
3189 3660 3488 3729 Signentur
3535 3657 3724 3712 verba.
3785 3655 4024 3708 Συνόδου

2429 3755 2609 3808 τοίνυν
2627 3752 3095 3824 συγκροτηθείσης
3114 3752 3378 3822 (loquitur
3405 3751 3468 3805 de
3486 3748 3601 3822 [88]
3630 3748 3932 3810 Barlaamo,
3966 3756 4026 3800 et

2431 3845 2714 3915 Acyudino
2754 3855 2806 3898 et
2835 3841 3318 3898 Thessalonicensi
3359 3839 3621 3911 Gregorio
3669 3837 3912 3906 Palama)
3962 3838 4027 3887 ἐν

2429 3943 2495 4010 τῇ
2581 3939 3150 3994 Κωνσταντινουπόλει
3203 3936 3354 4007 παρὰ
3408 3935 3503 3989 τοῦ
3555 3934 3860 4006 μακαρίτου
3920 3935 4025 3984 καὶ

2431 4033 2676 4102 ἀοιδίμου
2712 4031 2976 4101 βασιλέως
3021 4032 3361 4102 Ἀνδρονίκου
3383 4029 3479 4082 τοῦ
3525 4026 3894 4093 Παλαιολόγου
3922 4025 4025 4078 τοῦ

2430 4125 2662 4194 ἀδελφοῦ
2707 4142 2832 4195 μου,
2877 4124 3126 4180 Ἰωάννου
3161 4124 3257 4177 τοῦ
3287 4123 3510 4177 Καλέκα
3551 4121 3644 4174 τὸν
3676 4136 4025 4189 πατρεαρχι-

2429 4216 2524 4266 κδν
2584 4212 2907 4282 κατέχοντος
2960 4212 3182 4282 θρόνον,
3252 4214 3520 4282 παρόντος
3574 4211 3667 4261 καὶ
3730 4206 3895 4261 αὐτοῦ
3953 4208 4023 4277 δὴ

2427 4309 2522 4363 τοῦ
2568 4309 2990 4378 Θεσσαλονίκης,
3018 4306 3386 4375 κατεδικάσθη
3426 4305 3521 4357 καὶ
3560 4303 3897 4373 ἀπεπέμφθη
3941 4307 4026 4366 ὡς

2429 4402 2681 4473 αἱρετικᾶ
2725 4400 2936 4472 φρονῶν
2966 4401 2993 4452 ὁ
3036 4399 3197 4461 αὐτὸς
3227 4396 3514 4468 Βαρλαάμ.
3574 4394 3786 4466 Synodo
3829 4398 4026 4466 itaque

2429 4494 2883 4562 Constantinopoli
2938 4502 3118 4546 coacta
3169 4508 3200 4544 a
3250 4491 3414 4544 beata:
3458 4489 3722 4542 memoria!
3753 4498 3798 4540 et
3832 4504 4022 4556 perce-

745 4579 1029 4648 ὑπάρχειν.
1055 4577 1334 4649 Polycarpi
1380 4592 1592 4644 ascetaa,
1623 4579 1733 4649 βίος
1761 4582 1860 4651 τῆς
1889 4581 2046 4649 ἁγίας
2077 4579 2321 4649 Συγκλη-

2434 4590 2561 4642 lebri
2615 4589 2932 4654 imperatore
2985 4584 3282 4636 Andronico
3333 4581 3634 4650 Pala'ologo
3676 4581 3840 4650 fratre
3872 4595 4020 4641 meo,

743 4689 921 4740 τικης.

817 4761 985 4823 Ἔδει,
1017 4754 1062 4814 ὦ
1089 4761 1307 4830 Ἰωάννη
1327 4761 1632 4831 πάγχρυσε,
1672 4763 1796 4824 τοὺς
1825 4761 1933 4814 τῶν
1987 4763 2094 4815 σῶν
2147 4765 2322 4832 ἐγκω-

751 4857 889 4923 μίων
925 4855 1299 4926 πειρωμένους
1337 4855 1661 4922 ὲφάπτεθαι.
1711 4855 1937 4910 Joannis
1981 4853 2321 4918 Damasceni,

743 4946 1018 5017 ἐγκώμιον
1077 4947 1156 5010 εἰς
1223 4948 1311 4998 τὸν
1365 4946 1519 5015 ἀγιον
1554 4948 1809 5017 Ἰωάννην
1865 4947 1954 5000 τὸν
2015 4947 2322 5019 Χρυσόστο·

743 5059 863 5112 μῦν.

825 5130 1029 5183 Ἐδόκει
1069 5149 1155 5200 μοι
1179 5131 1357 5198 λέγειν
1379 5150 1429 5185 τι
1478 5134 1605 5204 περὶ
1637 5133 1744 5184 τῶν
1776 5132 2086 5187 ἀποστόλων
2114 5131 2316 5201 προθυ-

745 5213 1021 5290 μουμένῳ.
1078 5219 1292 5274 Maximi
1346 5219 1599 5277 Plauuda:
1633 5221 1788 5289 λόγος
1841 5225 1918 5284 εἰς
1970 5224 2094 5286 τοὺς
2130 5222 2319 5289 ἁγίους

740 5313 1092 5373 ἀποστόλους.

817 5405 975 5468 ’Ἐθος
1023 5407 1180 5460 τοῦτο
1213 5406 1322 5460 τῶν
1364 5407 1542 5476 λόγοις
1576 5407 2015 5478 ἀγωνιζομένων.
2072 5410 2314 5483 Gregorii

741 5496 921 5566 Cyprii
966 5499 1287 5567 patriarcha:
1336 5501 1928 5574 Constantinopolitani
1986 5503 2181 5567 oratio,
2239 5505 2315 5569 εἰς

743 5590 832 5641 τὸν
865 5592 1119 5662 μάρτυρα
1156 5593 1446 5661 Γεὼργιον.

815 5683 880 5756 ΕΞ
930 5684 985 5735 δὲ
1048 5683 1140 5735 καὶ
1190 5684 1388 5756 θνητὴν
1433 5687 1594 5754 φύσιν
1644 5691 1671 5741 ὁ
1705 5688 1916 5758 χρόνος,
1971 5689 2063 5741 καὶ
2096 5689 2314 5743 πάντων

744 5777 857 5827 ἐστὶ
887 5778 1274 5845 πατὴμὸπόαα
1301 5778 1473 5847 φθορά
1508 5783 1596 5832 καί
1631 5782 1843 5848 γένεσις
1874 5781 2077 5849 βόσκει.
2148 5782 2311 5835 Nice-

743 5867 896 5941 plteri
951 5867 1244 5942 Gt'i-3-.~r'.t:,
1311 5871 1422 5940 βῖοζ
1477 5873 1564 5927 τοὶ
1726 5874 1898 5945 stic-1.:
1979 5875 2309 5946 πατριάρχου

2429 4680 2631 4734 Joanne
2682 4679 2870 4732 Calcca
2915 4675 3024 4730 tum
3075 4673 3488 4743 patriarcltalem
3553 4673 3725 4726 sedem
3780 4681 4019 4733 tenente,

2429 4781 2684 4840 prwsente
2735 4780 2782 4823 et
2829 4771 2939 4838 ipso
2994 4768 3461 4831 Thessalonicensi,
3516 4768 3894 4819 condemnatus
3939 4778 4020 4816 est

2429 4875 2588 4932 atque
2607 4862 2827 4931 ejectus,
2846 4860 3005 4914 veluti
3022 4860 3258 4913 lueretice
3272 4861 3520 4924 sentiens,
3537 4859 3644 4927 ipse
3662 4856 4014 4910 Barlaamus.

2428 4954 2685 5010 Obscuris
2720 4952 2860 5023 apud
2902 4951 3062 5006 Afros
3106 4953 3376 5006 natalibus
3410 4960 3564 5004 ortus
3588 4965 3712 5004 cum
3743 4958 3914 5009 esset,
3957 4950 4016 5002 in

2426 5047 2746 5102 sacerdotali
2802 5046 3106 5100 ministerio
3159 5045 3524 5098 dexterrimus
3565 5057 3758 5112 magno
3813 5041 4018 5097 dome-

2426 5141 2563 5194 slico
2594 5148 2762 5193 erata
2795 5139 2962 5193 sacris
2994 5156 3004 5189 :
3049 5137 3398 5207 postmodum
3433 5137 3486 5188 in
3526 5136 3733 5189 clerum
3764 5136 4016 5203 impera-

2427 5233 2556 5288 toris
2591 5241 2898 5302 cooptatus,
2933 5246 2996 5285 ac
3041 5230 3395 5299 pensionibus
3440 5229 3770 5292 cumulatus,
3803 5243 4012 5297 appro-

2424 5325 2587 5378 bantc
2639 5324 2990 5393 imperatore,
3045 5322 3254 5376 artibus
3282 5331 3335 5374 et
3366 5320 3502 5374 dolis
3536 5319 3781 5388 ejusdem
3819 5323 4011 5391 magni

2421 5417 2730 5476 domestici,
2766 5417 2894 5470 licet
2930 5416 3234 5470 abnuerent
3282 5415 3808 5482 adversarenturque
3861 5414 4001 5467 reli-

2419 5508 2509 5578 qui
2546 5507 2822 5578 pragsules,
2855 5506 2998 5576 quod
3051 5507 3174 5560 vitae
3206 5504 3353 5558 curis
3383 5503 3676 5573 implicitus
3704 5547 3716 5567 ,
3759 5504 3916 5556 uxori
3956 5517 4018 5559 et

2423 5599 2544 5653 ﬁliis
2583 5599 2939 5662 cohabitaret,
2991 5599 3042 5650 in
3070 5596 3544 5667 opulentissimam
3581 5595 4010 5666 patriarchalem

2421 5689 2606 5742 sedem
2652 5688 2922 5742 evehitur.
2971 5686 3099 5740 Vide
3157 5686 3602 5740 Cantacuzcnum
3637 5681 4006 5738 Historiarum

2422 5784 2512 5835 ιιι.
2543 5783 2596 5845 2,
2643 5797 2762 5851 cap.
2796 5781 2881 5836 9.5.
2943 5779 3186 5850 Hineque
3242 5780 3459 5848 planum
3521 5778 3611 5840 lit,
3662 5787 4007 5845 postremam

2423 5876 2582 5944 huius
2614 5875 2873 5932 orationis
2922 5885 3147 5945 partem,
3227 5871 3607 5944 Xipliiliuusnc
3681 5869 3921 5926 Joannes
3975 5897 4006 5925 .i
