4158 6472
756 472 853 535 lll

2048 455 2323 515 LEONIS
2364 452 2669 510 ALLATll

3893 449 4003 515 1&2

829 578 1186 650 ’Υπέρκειται
1243 575 1341 645 μὲν
1393 570 1836 642 ὁμολογουμένως
1895 568 2114 620 ἁπασαν
2149 569 2323 634 ὲγκω-
2352 571 2398 629 Α
2430 564 2736 636 προοίμιον.
2761 559 2988 615 Joannis
3009 557 3314 629 Geometrae
3339 559 3784 629 προσφωνητικδς
3816 560 4002 630 λόγος,

746 673 884 744 μίων
919 669 1190 724 σύνθεσιν.
1223 665 1451 720 Joannis
1483 661 1783 734 presbyteri
1842 659 2162 714 Damasceni
2194 657 2313 711 lau-

741 765 910 830 datio,
939 763 1018 828 είς
1050 763 1149 830 τὴν
1182 757 1392 822 ἔνδοξον
1426 757 1518 810 τοῦ
1549 753 1786 824 Χριστοῦ
1827 753 2076 822 μάρτυρα
2105 749 2316 820 Βαρϐά-

745 876 869 930 ραν.

1513 990 1556 1039 Φ

807 1108 1014 1178 Φαιδρά
1040 1107 1130 1159 καὶ
1163 1102 1462 1174 παράδοξος
1500 1103 1534 1171 ἡ
1579 1097 1828 1171 παροῦσα
1859 1096 2190 1168 πανήγυρις,
2221 1093 2319 1146 καὶ

736 1201 847 1254 τῶν
879 1199 1196 1270 φιλεόρτων.
1227 1195 1433 1249 Tarasii
1463 1192 1786 1265 patriarchae
1817 1185 2318 1256 Constantinopoli-

738 1293 850 1346 tani
881 1292 1035 1358 λόγος
1097 1290 1176 1350 εἰς
1205 1288 1307 1356 τὴν
1357 1283 1669 1356 ὑπεραγίαν
1710 1281 1996 1343 Θεοτόκον,
2024 1281 2114 1333 ὅτε
2147 1295 2315 1331 ποοσ·

737 1384 937 1454 ηνέχθη
973 1379 1050 1449 τῷ
1081 1379 1195 1450 ναῷ
1226 1377 1592 1448 τριετίζουσα.
1928 1384 1929 1387 ‘

803 1473 1010 1544 Φαιδρά
1043 1471 1141 1541 μὲν
1174 1470 1272 1537 τῆς
1307 1465 1588 1536 παρούσης
1623 1465 1819 1536 ἑορτῆς
1847 1461 2126 1524 ὑπόθεσις.
2187 1459 2318 1514 Evo-

736 1565 810 1618 dii
842 1563 1140 1635 μαρτύριον
1193 1559 1304 1612 τῶν
1355 1557 1529 1626 ἁγίων
1576 1557 1671 1609 καὶ
1693 1555 1920 1619 ἐνδόξων
1956 1552 2051 1606 τοῦ
2079 1551 2316 1624 Χριστοῦ

736 1656 1146 1726 τεσσαράκοντα
1174 1651 1268 1704 δύο
1306 1649 1623 1720 μαρτύρων.

808 1748 1015 1818 Φαιδρὰ
1040 1747 1142 1813 τῆς
1171 1743 1365 1812 ἑορτῆς
1410 1740 1483 1793 τὰ
1521 1737 1858 1809 προπύλαια.
1891 1736 2105 1791 Macarii
2144 1735 2316 1804 Chry-

738 1837 1014 1907 socephali
1062 1833 1578 1902 Philadelphiensis,
1638 1833 1718 1893 εἰς
1763 1830 1859 1900 τὴν
1913 1830 2319 1896 πανσεόάσμιον

740 1931 934 1999 ἑορτὴν
967 1929 1063 1996 τῆς
1105 1923 1487 1991 ’Υπαπιιντῆς.

809 2019 1018 2088 Φαιδρά
1045 2015 1338 2087 τοιγαροῦν
1388 2012 1482 2065 τοῦ
1518 2009 1820 2081 τριημέρου
1851 2009 2022 2078 τὰερου
2057 2010 2123 2061 τὰ
2159 2008 2315 2077 ἄνθη.

731 2112 914 2167 Procli
950 2111 1267 2180 patriarchae
1297 2101 1886 2172 Constantimpolitani
1916 2102 2071 2169 λόγος
2120 2102 2198 2162 εἰς
2222 2101 2320 2169 τὴν

753 2204 1073 2257 ’Λνάστασιν
1100 2198 1191 2252 τοῦ
1212 2197 1455 2268 Κυρίου.

809 2295 1038 2365 Φαιδρὸν
1063 2295 1123 2347 τὸ
1143 2296 1240 2363 τῆς
1262 2292 1544 2363 παρούσης
1566 2291 1759 2361 ἑορτῆς
1779 2289 1840 2341 τὸ
1863 2287 2129 2356 σύνθημα.
2153 2285 2322 2341 Geor-

743 2390 812 2460 gii
847 2386 1097 2441 monachi
1139 2394 1194 2439 et
1217 2384 1669 2454 ChartOphylacis
1702 2381 1903 2451 Magna:
1941 2380 2194 2433 Ecclesia:
2230 2379 2322 2442 ἐγ-

742 2481 973 2549 κώμιον,
1003 2479 1081 2540 εἰς
1102 2477 1201 2547 τὴν
1237 2477 1490 2530 ἀπόδοσιν
1517 2477 1613 2545 τῆς
1647 2473 1950 2545 ὑπεραγίας
1977 2471 2241 2524 Θεοτόκου
2266 2472 2323 2523 ἐν

741 2570 820 2639 τῷ
852 2568 988 2638 ναῷ,
1025 2567 1119 2620 καὶ
1144 2567 1446 2636 ἀφιέρωσιν
1473 2565 1552 2634 τῷ
1580 2564 1699 2633 Θεῷ
1729 2564 1870 2617 κατὰ
1904 2565 2000 2632 τὴν
2034 2561 2294 2631 ἱστορίαν.

814 2658 953 2728 Φέρε
992 2674 1083 2727 μοι
1131 2656 1225 2710 νῦν
1273 2657 1400 2719 τοὺς
1456 2656 1764 2725 ίερατικοὺς
1797 2656 1983 2723 ἱερεῖς.
2042 2653 2183 2721 Ὥρα
2217 2653 2324 2720 γάρ

748 2750 1027 2803 ἐπινικίων
1050 2749 1244 2815 λόγων.
1281 2747 1540 2802 Diadochi
1573 2747 1813 2816 episcopi
1867 2745 2122 2799 l’hotices
2151 2743 2322 2812 Epiri,

747 2847 826 2909 είς
846 2847 946 2912 τὴν
991 2844 1282 2911 Ἀνάληψιν
1305 2843 1399 2896 τοῦ
1432 2844 1638 2912 Κυρίου
1667 2843 1822 2913 ἡμῶν
1849 2841 2025 2910 Ἰησοῦ
2065 2837 2321 2909 Χριστοῦ.

800 2937 946 3006 ’Φέρε
982 2934 1144 2987 πάλιν
1170 2936 1250 2995 είς
1278 2933 1444 3002 μέσον
1472 2933 1564 2984 τὸν
1605 2929 2011 3000 Εὐαγγελιστὴν
2052 2929 2322 2998 Ἰωάννην.

747 3026 1112 3096 Amphiloéhii
1137 3021 1720 3095 episcopi‘lconiensis,
1740 3024 1818 3083 είς
1843 3022 1931 3072 τὸν
1953 3019 2326 3089 τετραήμερον

751 3119 904 3182 Λὰζα
915 3135 1024 3184 ρον.

820 3207 962 3262 Φιλῶ
988 3209 1048 3260 τὸ
1076 3209 1175 3278 τῆς
1225 3206 1552 3276 Ἐκκλησίας
1586 3205 1804 3276 χωρίον,
1849 3203 1911 3257 τὸ
1955 3198 2327 3270 πνευματικόν

756 3316 846 3368 μοι
881 3298 1058 3352 τοῦτο.
1097 3299 1346 3369 llesychii
1388 3298 1692 3368 presbyteri
1732 3292 2209 3364 llierosolymitani
2241 3291 2329 3342 λό-
2355 3285 2397 3342 C

742 3407 847 3461 γος
874 3392 954 3454 είς
976 3392 1068 3444 τὸν
1096 3393 1472 3461 τετραήμερον
1506 3390 1756 3460 Λάζαρον

808 3459 1031 3552 ’διιδερά
1065 3481 1164 3551 τῆς
1196 3459 1498 3550 σημερινῆς
1530 3478 1889 3549 παρατάξεως
1933 3479 2002 3531 τὰ
2035 3479 2326 3548 μυστήρια.

753 3572 926 3626 Procli
961 3573 1281 3642 patriarcha:
1302 3570 1915 3640 Constantinopolitani,
1951 3571 2030 3632 είς
2064 3570 2124 3622 τὸ
2160 3567 2331 3627 πάθος

753 3664 848 3716 τοῦ
874 3666 1106 3736 Κυρίου,
1136 3668 1202 3735 τῇ
1238 3663 1369 3733 ἁγίᾳ
1392 3666 1482 3716 καὶ
1511 3665 1721 3734 μεγάλῃ
1753 3663 2109 3731 Παρασκευῇ.

823 3757 1054 3827 Φοῦερὸν
1073 3757 1166 3809 καὶ
1185 3757 1567 3824 ἀκατάληπτον
1586 3755 1794 3825 θαῦμα,
1820 3757 1914 3808 καὶ
1948 3757 2012 3823 τῇ
2036 3752 2330 3823 οἰκουμένῃ

755 3847 1047 3916 ὠφέλιμον.
1075 3848 1284 3902 Leontii
1315 3848 1614 3918 presbyteri
1643 3856 1697 3901 et
1728 3846 2024 3917 llegumeni
2054 3855 2330 3899 monaste-

756 3939 823 3992 rii
855 3940 1028 3992 sancti
1051 3938 1502 3994 ‘Sabre'liomame
1538 3938 1709 4003 urbis,
1756 3941 1836 4000 εἰς
1877 3939 1968 3990 τὸν
1993 3937 2106 4006 βίον
2141 3935 2332 3989 καὶτὰ

757 4030 1013 4101 θαύματα
1042 4030 1346 4102 Γρηγορίου
1389 4029 1834 4101 Ἀκραγαντίνων
1865 4030 2071 4092 πόλεως
2105 4029 2201 4098 τῆς
2242 4029 2333 4079 Σι⁹

757 4123 931 4176 κελῶν
951 4125 1241 4196 ἐπαρχίας.

825 4214 982 4283 Φωνὴ
1010 4213 1386 4282 ἀγαλλιάσεως
1422 4209 1830 4282 προοιμιαζέτω
1866 4209 2127 4281 σήμερον.
2163 4207 2334 4263 Geor-

759 4301 831 4371 gii
863 4301 1292 4359 Nicomediensis
1318 4303 1474 4370 λόγος
1507 4303 1586 4364 εἰς
1634 4301 1732 4371 τὴν
1756 4300 1855 4368 τῆς
1904 4300 2172 4369 ἀχράντου
2206 4296 2335 4348 Θεο-

759 4391 921 4444 τόκου
972 4395 1028 4444 ὲν
1058 4393 1134 4462 τῷ
1167 4393 1325 4461 τάφῳ
1362 4391 1714 4462 παρεδρείαν,
1770 4391 1864 4443 καὶ
1919 4389 2335 4458 εὐχαριστήριος

760 4484 859 4553 τῆς
882 4483 1278 4553 ύπερλάμπρου
1333 4482 1727 4542 ’Λναστάσεως.

833 4575 1095 4639 Φωτίςου,
1116 4573 1351 4640 φωτίζου
1402 4573 1757 4644 Ἰερουσαλήμ
1778 4589 1792 4603 ο
1846 4573 1970 4641 ἥκει
2001 4570 2109 4640 γάρ
2143 4586 2235 4622 σου
2275 4568 2336 4621 τὸ

763 4665 897 4734 φῶς.
923 4665 1177 4719 Germani
1201 4667 1522 4734 patriarchae
1549 4663 2136 4731 Constantinopolitani
2181 4662 2336 4728 λόγος

763 4760 844 4820 είς
872 4758 970 4828 τὴν
1001 4758 1373 4829 προσκύνηοιν
1398 4758 1490 4811 τοῦ
1523 4758 1789 4821 ζωοποιοῦ
1833 4755 2101 4824 Σταυροῦ,
2135 4757 2202 4825 τῇ
2232 4755 2342 4807 Με-

763 4867 894 4920 σονη
903 4851 984 4902 στί
993 4869 1099 4920 μῳ.

1437 4964 1584 5036 [ιιι]
1620 4967 1664 5017 x

829 5081 1020 5151 Xapi;
1067 5080 1318 5143 ὑπόθεσις
1360 5081 1392 5150 ἡ
1449 5082 1699 5150 παροῦσα
1735 5082 2063 5152 πανήγυρις.
2123 5080 2340 5135 Macarii

765 5172 1187 5242 Chrysoccphali
1235 5171 1390 5238 λόγος
1429 5174 1511 5234 εἰς
1558 5174 1655 5244 την
1684 5173 1846 5240 ἁγίαν
1877 5173 1970 5225 καὶ
2020 5171 2340 5234 πανένδοξον

764 5263 859 5315 τοῦ
891 5263 1127 5331 Χριστοῦ
1176 5264 1518 5319 ’Λνάστασιν.

836 5355 1007 5422 Χαῖρε
1037 5355 1240 5424 σφόδρα
1297 5354 1534 5427 θύγατερ
1574 5358 1749 5410 Σιών·
1804 5358 2040 5428 κήρυττε
2103 5356 2342 5426 θύγατερ

777 5446 1151 5516 Ἰερουσαλήμ.
1185 5449 1406 5502 Macarii
1433 5448 1876 5521 Chrysoccphali,
1903 5453 1982 5513 εἰς
2010 5451 2107 5519 τὴν
2138 5451 2344 5518 παγκό-

770 5555 928 5608 σμιον
959 5538 1152 5608 ἑορτὴν
1189 5540 1293 5590 τῶν
1327 5541 1519 5594 Βαῖων.

838 5630 1006 5698 Χαῖρε
1039 5631 1271 5701 σφόδρα,
1319 5634 1735 5703 κεχαριτωμένη
1769 5635 2009 5706 θύγατερ
2031 5634 2186 5688 Σιών.
2219 5636 2346 5705 Epi-

768 5723 951 5792 phanii
982 5724 1379 5794 archiepiscopi
1405 5727 1733 5781 Constantia:
1760 5726 1919 5798 Cypri
1953 5728 2108 5796 λόγος
2152 5728 2230 5790 είς
2279 5729 2347 5780 τὰ

770 5817 923 5870 13137.

834 5906 1068 5978 Χαίρετε
1123 5909 1278 5963 τοῦτό
1319 5927 1408 5980 μοι
1452 5912 1511 5967 τὸ
1543 5911 1718 5983 βραχῦ
1755 5914 1846 5969 καὶ
1882 5915 2028 5984 μέγα
2056 5914 2148 5970 τοῦ
2181 5915 2340 5984 λόγου

2419 657 2450 722 ἢ
2480 653 2830 726 χαριστήριός
2855 652 2934 714 είς
2967 649 3066 719 τὴν
3101 650 3407 720 ὑπεραγίαν
3428 649 3712 703 Θεοτόκον.

2490 747 2679 815 Χαίρω
2712 747 2950 816 σήμερον
3006 747 3105 816 τὴν
3149 743 3291 814 ἐμὴν
3341 742 3731 813 πανηγυρίζων
3788 742 4002 812 χαράνο

2419 839 2592 910 χαίρω
2621 839 2720 907 τὴν
2749 837 2886 908 ἐμὴν
2911 837 3184 908 ἑορτάζων
3212 835 3576 907 εὐφροσύνην.
3599 834 3782 890 Jacobi
3810 851 4008 890 mona-

2419 931 2506 985 chi
2537 947 2601 985 ex
2622 929 2956 984 monasterio
2976 927 3379 995 Corcinobaphi
3404 928 3582 996 λόγος,
3605 928 3684 990 είς
3700 927 3792 979 τὸν
3822 927 4004 993 Εὐαγ-

2421 1022 2678 1092 γελισμδν
2713 1023 2810 1090 τῆς
2837 1021 3148 1093 ὑπεραγίας
3178 1020 3467 1074 Θεοτόκου.

2491 1115 2634 1178 Χθὲς
2670 1115 2820 1184 ἡμᾶς
2854 1115 2992 1184 μετά
3023 1114 3117 1166 τοῦ
3149 1113 3413 1167 δεσπότου
3442 1111 3693 1181 Λάζαρος
3715 1110 4009 1163 ἑστιάσατο

2421 1208 2479 1260 τὸ
2511 1206 2632 1260 καθ’
2665 1207 2828 1259 αὑτὸν
2865 1207 2997 1277 ἡμῖν
3049 1206 3290 1278 προθείς.
3349 1206 3580 1260 Andreae
3608 1205 3884 1260 Cretensis
3917 1204 4008 1256 λό-

2420 1317 2536 1368 γος,
2573 1301 2652 1363 είς
2679 1301 2748 1352 τὰ
2778 1299 2935 1353 Βαῖα.

2491 1391 2630 1453 Χοὲς
2664 1391 2797 1460 ἡμῖν
2826 1391 2854 1441 ό
2884 1390 3042 1457 λόγος
3075 1389 3210 1460 πρός
3235 1405 3292 1440 τε
3333 1387 3430 1458 τὴν
3467 1387 3751 1458 αἰρετικὴν
3800 1388 4005 1455 πάλην.

2425 1483 2705 1539 Severiani
2737 1482 3056 1538 Gabalensis
3083 1481 3242 1550 λόγος
3299 1483 3429 1550 περὶ
3453 1481 3548 1534 τοῦ
3584 1481 3726 1535 κατά
3763 1482 4012 1547 Μωῦσῆν

2422 1580 2619 1646 ὄφεως,
2650 1577 2708 1630 ὃν
2730 1576 3074 1644 ἐσταύρωσεν
3107 1577 3164 1627 ὲν
3198 1577 3264 1646 τῇ
3293 1576 3513 1647 ἐρήμῳ,
3539 1575 3652 1643 ⁸καὶ
3681 1574 3777 1643 τῆς
3803 1575 4016 1643 ἀχράν-

2421 1689 2513 1724 του
2541 1671 2635 1722 καὶ
2674 1666 2947 1735 παναγίας
2976 1666 3231 1736 Τριάδος.

2494 1763 2636 1826 Χθὲς
2671 1763 2800 1830 ἡμῖν
2827 1759 2926 1829 τὴν
2955 1759 3139 1828 κοινὴν
3171 1758 3472 1811 ἀνάστασιν
3518 1757 3770 1827 Λάζαρος
3803 1774 4015 1810 πιστω-

2425 1848 2675 1918 σάμενος.
2737 1846 2962 1915 Joscphi
3034 1845 3432 1915 archiepiscopi
3502 1846 4017 1901 Thessalonicensis

2347 1926 2389 1979 Β
2419 1939 2573 2006 λόγος
2637 1939 2716 2000 εἰς
2770 1938 2859 1989 τὸν
2911 1939 3182 2007 μακάριον
3213 1935 3488 2006 Λάζαρον,
3521 1941 3615 1989 καὶ
3642 1941 3722 1999 εἰς
3754 1940 3851 2008 τὴν
3888 1941 4018 2009 ἐορ-

2421 2029 2519 2100 τὴν
2547 2029 2653 2082 τῶν
2685 2029 2884 2080 Βαῖων.

2496 2122 2726 2192 Χριστὸς
2755 2123 2831 2192 τῷ
2855 2123 3044 2191 κόσμῳ
3078 2123 3348 2192 ἐπεφάνη,
3381 2124 3475 2176 καὶ
3503 2124 3596 2176 τὸν
3643 2124 3884 2193 ἄκοσμον
3917 2126 4018 2176 κό-

2426 2232 2563 2285 σμον
2601 2217 2911 2286 κοσμήσας.
2971 2213 3146 2270 Procli
3181 2217 3508 2286 patriarcha:
3543 2217 4019 2286 Constantinorm-

2425 2308 2578 2361 lilani
2600 2348 2612 2370 ,
2648 2310 2728 2370 εἰς
2760 2309 2829 2361 τὰ
2856 2307 2987 2374 ἆγια
3009 2307 3330 2377 Θεοφάνεια.

2497 2400 2732 2471 Χριστοῦ
2760 2401 2954 2471 ἑορτὴν
2984 2401 3257 2470 τιμῶμεν.
3293 2402 3494 2458 Leonis
3542 2403 3888 2473 imperatoris
3928 2404 4023 2455 λόσ

2426 2508 2519 2559 γος
2552 2494 2630 2556 εἰς
2651 2491 2747 2562 τὴν
2787 2492 3168 2561 Ὑπαπαντήν.

3202 2651 3244 2702 Ω

2502 2785 2573 2843 Ὦ
2603 2787 2737 2842 Θεοῦ
2770 2792 2963 2860 μῆτερ,
2989 2787 3153 2842 καλὸν
3182 2787 3291 2859 γὰρ
3323 2782 3478 2856 οἶμαι
3505 2789 3600 2840 καὶ
3634 2788 3779 2856 μάλα
3803 2789 4022 2860 χαρίεν.

2427 2880 2996 2950 ManuelisJ‘altcologi
3033 2879 3188 2946 λόγος
3223 2880 3301 2940 εἰς
3341 2882 3438 2948 τὴν
3477 2879 3785 2932 πάνσεπτον
3820 2881 4032 2950 κοίμη-

2431 2989 2514 3025 σιν
2547 2975 2642 3041 τῆς
2673 2972 2978 3042 ὑπεραγίας
3005 2971 3304 3039 Δεσποίνης
3331 2970 3486 3039 ἡμῶν
3517 2970 3802 3023 Θεοτόκου.

2515 3062 2600 3126 Ὦς
2629 3063 2890 3131 ἀγαπητὰ
2918 3063 2987 3116 τά
3012 3062 3347 3131 σκηνώματά
3374 3078 3489 3125 σου,
3519 3061 3693 3131 Κύριε
3738 3061 3842 3113 τῶν
3863 3061 4038 3114 δυνά-

2433 3175 2594 3227 μεων,
2630 3158 2796 3226 φησὶν
2819 3159 2876 3209 ἐν
2902 3155 2980 3227 τῷ
3014 3156 3299 3225 Πνεύματι
3341 3159 3368 3208 ό
3402 3155 3669 3225 μακάριος
3714 3157 3894 3209 Δαυῖδ.
3930 3157 4037 3208 Ν-

2431 3256 2562 3302 ccta:
2588 3247 2893 3318 philosophi
2917 3247 3057 3300 servi
3085 3246 3214 3299 Jesu
3234 3244 3438 3299 Christi
3468 3247 3746 3316 ἐγκώμιον
3792 3248 3871 3310 είς
3896 3248 4036 3309 τοὺς

2437 3339 2624 3406 ἁγίους
2655 3340 2749 3391 καὶ
2798 3339 3248 3409 θαυματουργοὺς
3279 3338 3623 3408 ἀναργύρους
3673 3339 3901 3408 Κοσμᾶν
3931 3343 4040 3392 καί

2436 3433 2510 3483 Δα
2520 3431 2732 3500 μιανόν.

2521 3522 2608 3585 '0;
2629 3523 2888 3592 ἀγαπητά
2915 3522 2983 3574 τὰ
2999 3521 3337 3592 σκηνώματα
3369 3539 3484 3587 σου,
3509 3522 3681 3592 Κύριε
3733 3522 3838 3576 τῶν
3863 3524 4038 3579 δυνά-

2440 3630 2606 3683 μεων.
2641 3613 2893 3666 Germani
2924 3613 3244 3681 patriarcha:
3281 3612 3876 3683 Constantinopolitani
3905 3656 3922 3679 ,
3951 3620 4036 3674 είς

2433 3707 2534 3776 τὴν
2590 3705 2814 3776 πρώτην
2876 3706 3157 3775 Κυριακὴν
3189 3707 3296 3757 τῶν
3351 3707 3655 3775 Νηστειῶν,
3699 3709 3791 3760 καὶ
3815 3711 3898 3770 εἰς
3929 3711 4040 3778 τὴν

2438 3797 2544 3850 τῶν
2573 3798 2744 3863 ἁγίων
2774 3797 2869 3848 καὶ
2895 3795 3108 3847 σεπτῶν
3142 3796 3367 3848 είκόνων
3408 3799 3804 3867 ἀναστήλωσιν.

2518 3891 2602 3952 Ὧς
2633 3890 2698 3943 ἂν
2738 3890 2812 3961 μὴ
2838 3892 2926 3942 τον
2957 3890 3114 3956 λόγον
3144 3889 3490 3959 ἀνάρμοστον
3523 3892 3660 3961 πρὸς
3710 3892 3807 3962 τὴν
3834 3892 4043 3962 διήγη-

2442 4001 2525 4036 σιν
2555 3982 2836 4052 ἐσόμενον,
2865 3982 2933 4032 τὲι
2971 3981 3071 4048 τῆς
3110 3983 3300 4047 σοφίας
3357 3982 3654 4050 μυστήρια.
3703 3982 4040 4052 Martyrium

2441 4075 2614 4129 sancti
2639 4073 2821 4143 Cyrilli
2849 4073 3132 4128 Cretensis
3162 4073 3428 4141 episcopi.
3491 4073 3698 4127 Auctor
3736 4085 3850 4128 erat
3912 4076 4044 4145 ipse

2442 4167 2603 4222 etiam
2658 4165 2956 4228 Cretensis,
3009 4174 3068 4218 ut
3119 4164 3394 4236 colligitur
3424 4179 3490 4218 ex
3532 4165 3639 4219 illis
3671 4183 3682 4218 :
3713 4166 3904 4230 Ὅπως
3938 4170 4043 4219 τοῦ

2446 4258 2815 4329 ίσχυρωτάτου
2868 4257 3102 4327 ἀθλητοῦ
3144 4259 3236 4310 καὶ
3292 4256 3539 4323 γενναίου
3591 4257 3930 4325 στρατιώτου
3956 4261 4044 4311 «τὰ

2443 4345 2593 4415 ἆθλα
2612 4348 2703 4400 τοῦ
2727 4348 2936 4415 ἀγῶνος
2969 4347 3236 4416 Κυρίλλου
3260 4348 3352 4399 τοῦ
3386 4345 3543 4412 ἁγίου
3568 4347 3843 4417 μάρτυρος
3865 4350 4044 4417 ἡμῶν

2443 4441 2736 4510 γενομένου
2772 4439 3104 4507 διασαφῆσαι
3157 4437 3371 4509 δυνηθῶ
3409 4441 3524 4502 τοῖς
3573 4440 3814 4510 ἀπείρως
3841 4440 4045 4508 ἔχουσι

2443 4535 2541 4603 τὴν
2569 4533 2797 4602 ἄθλησιν
2843 4533 2941 4601 τῆς
3003 4531 3179 4600 νίκης.
3247 4533 3308 4587 Ut
3345 4533 3692 4584 robustissimi
3733 4531 3951 4584 amicta:
3994 4545 4047 4584 ct

2372 4624 2678 4694 Dgenerosi
2745 4623 2929 4676 militis
2995 4624 3195 4676 labores
3251 4624 3552 4676 certaminis
3610 4621 3797 4689 Cyrilli
3855 4629 4046 4673 smul;

2445 4717 2695 4784 martyris
2731 4717 2915 4774 nostri.
2950 4717 3142 4784 possim
3184 4715 3308 4777 illis,
3342 4715 3430 4784 qui
3488 4723 3750 4767 certamen
3795 4715 4049 4767 victoria

2446 4810 2675 4861 nondum
2715 4807 2931 4871 callent,
2976 4817 3122 4859 notos
3163 4808 3352 4875 facere.

2528 4899 2615 4960 '0;
2649 4899 2745 4967 ήδύ
2769 4916 2818 4950 τι
2854 4900 2949 4951 καὶ
2979 4898 3141 4951 Θείον.
3168 4898 3368 4952 Leonis
3391 4896 3735 4967 imperatoris
3756 4896 3918 4964 λόγος
3959 4900 4052 4960 εἰς

2445 4991 2542 5060 τὴν
2577 4989 2780 5043 εἴσοδον
2802 4991 2912 5042 τῶν
2947 4990 3248 5058 Νηστειῶν.

2517 5081 2768 5154 [115]Ὠς
2812 5085 2952 5154 ἱερός
2992 5084 3204 5152 ἀληθῶς
3247 5083 3341 5136 καὶ
3370 5082 3530 5144 καλὸς
3559 5081 3669 5134 τῶν
3702 5084 4055 5151 εὐφραινόμ

2445 5193 2574 5229 των.
2635 5175 2810 5230 Procli
2854 5178 3172 5245 patriarchae
3221 5174 3807 5243 Conslantinopolilani
3873 5174 4056 5242 λόγος

2448 5271 2525 5330 είς
2561 5269 2650 5320 τὸν
2684 5271 2836 5334 ἆγιον
2869 5270 3310 5338 πρωτομάρτυρα
3344 5267 3634 5332 Στέςανον.

2535 5359 2621 5421 Ὠς
2657 5359 2793 5426 καλὴ
2829 5358 2938 5409 τῶν
2969 5357 3186 5423 ἀγαθῶν
3285 5354 3595 5408 ἀκολουθία.
3616 5353 3858 5424 Gregorii
3891 5353 4060 5423 Nys-

2450 5452 2566 5505 scni
2610 5451 2906 5520 έγκώμιον,
2965 5451 3044 5512 εἰς
3078 5449 3168 5502 τὸν
3207 5449 3362 5516 ἅγιον
3409 5448 3858 5519 πρωτομάρτυρα
3907 5448 4059 5500 Στέ-

2451 5562 2638 5613 φανόν.

2536 5637 2624 5698 '0;
2658 5637 2794 5687 πολὺ
2823 5635 2884 5686 τὸ
2919 5634 3121 5702 πλῆθος
3148 5633 3247 5700 τῆς
3276 5634 3648 5702 χρηστότητός
3683 5649 3796 5690 σου,
3831 5632 4060 5700 Κύριε.

2452 5731 2692 5787 Nectarii
2740 5729 3134 5797 archiepiscopi
3178 5725 3810 5793 Constantinopol,lani,
3856 5722 3926 5773 δι’
3983 5728 4066 5796 ἦν

2454 5824 2632 5877 αἰτίαν
2670 5822 2748 5892 τῷ
2808 5823 3009 5891 πρώτῳ
3069 5821 3331 5890 Σαϐϐάτῳ
3383 5819 3488 5870 τῶν
3539 5816 3707 5883 ἁγίων
3752 5816 4066 5882 Νηῦτειιῖν

2455 5917 2785 5986 ἑορτάζομεν
2818 5917 2913 5985 τὴν
2964 5916 3182 5984 μνήμην
3218 5914 3308 5967 τοῦ
3347 5912 3500 5980 ἁγίου
3544 5909 4065 5980 με’,αέέμάρτ-..ρος
