4158 6472
195 444 269 509 llS
892 458 988 519 DE
1029 460 1374 525 SCRIPTIS
1411 467 1791 530 SYMEONIS
1830 472 2417 534 METAPHRASTE
2460 476 2846 537 DIA'l‘lilBA.

3290 480 3391 543 114

192 555 417 660 θεοθὼρου
452 556 549 612 τοῦ
576 560 853 631 Τήρωνος.
880 565 991 619 Καὶ
1012 569 1142 640 περὶ
1173 573 1429 641 νηστείας
1457 577 1550 628 καὶ
1572 577 1720 647 ελεη-
1752 582 1795 638 Α
1825 598 1834 630 :

1753 582 1795 638 Α
1825 580 1984 647 κάγὼ
2012 581 2089 650 τῷ
2124 584 2442 655 πατριάρχῃ
2473 583 2687 637 Ἰακώϐ.
2720 586 2988 639 Anastasii
3017 590 3263 643 monachi
3298 589 3395 661 Sy-

194 647 400 717 μοσύνης.

241 739 422 807 Ὠσπερ
465 742 499 810 ἡ
544 742 855 813 ἀμέτρητος
886 745 1118 810 ἀϐυσσος
1150 750 1301 820 βρύει
1339 754 1587 821 ἀφθόνως
1619 757 1719 819 τάς

190 832 334 897 πηγὰς
355 831 463 884 τῶν
494 834 726 889 ὑδάτων.
754 836 862 891 Titi
901 840 1142 917 episcopi
1171 843 1501 914 Bostrensis,
1542 852 1624 913 εἰς
1651 851 1718 905 τά

190 924 309 976 Bais.

240 1016 421 1084 Ὠσπερ
476 1020 702 1084 κανόνος
748 1024 1149 1091 παρατεθέντος
1200 1030 1263 1081 τὸ
1311 1033 1571 1100 στρεϐλὸν
1609 1036 1716 1090 τῶν

188 1105 322 1200 ξύλω-ν
344 1107 642 1179 ἐλέγχεται.
674 1111 885 1169 Leontii
923 1119 1221 1191 presbyteri
1253 1123 1714 1200 Constantinopo-

187 1198 324 1293 litani,
371 1201 449 1263 είς
512 1201 609 1273 τὴν
673 1207 966 1275 προδοσίαν
1016 1215 1112 1266 τοῦ
1164 1215 1403 1284 Χριστοῦ
1459 1223 1525 1291 τῇ
1583 1198 1715 1293 ἀγίᾳ

186 1288 393 1360 Πέμπτῃ.

238 1407 416 1478 Ὠσπερ
441 1411 471 1461 6
502 1410 650 1479 ἣλιος
675 1414 949 1485 πανταχοῦ
980 1418 1078 1486 μὲν
1100 1419 1201 1489 τῆς
1228 1422 1331 1491 γῆς
1361 1424 1460 1487 τάς
1489 1426 1713 1490 ἀκτῖνας

182 1498 252 1550 τοῦ
277 1502 433 1566 φωτὸς
463 1503 794 1575 ἐπιπέμπει.
827 1509 1090 1567 Manuelis
1125 1512 1337 1570 Calecae
1380 1516 1541 1589 λόγος
1564 1557 1578 1583 ,
1632 1521 1713 1585 είς

180 1593 250 1642 τὸν
274 1591 407 1659 ἅγιον
436 1596 733 1665 Στέφανον.

235 1684 418 1755 Ὥσπερ
439 1689 490 1739 oi
514 1690 656 1743 κατά
678 1694 785 1761 γῆν
811 1693 1189 1763 βασιλεύοντες
1206 1699 1501 1771 τοὺςλὺπὲρ
1531 1705 1711 1759 αὐτῶν

181 1777 223 1826 ἐν
250 1778 595 1845 παρατάξεσιν
618 1783 1073 1851 ἀριστεύσαντας.
1112 1787 1299 1845 Basilii
1314 1790 1688 1851 Seleuciensis

179 1870 238 1929 είς
260 1869 338 1920 τὸν
363 1872 629 1939 μακάριον
652 1874 796 1939 Ἱώϐ.

232 1976 421 2071 Ὠσπερ
433 1980 536 2033 οὐκ
567 1982 682 2037 ἔστι
715 1988 1076 2059 συνεχόμενον
1108 1992 1185 2063 τῷ
1216 1995 1408 2071 κυρίῳ
1430 1998 1704 2056 Ἰουδαῖον.

176 2061 337 2120 Νἱεειεε
382 2067 635 2135 rhetoris,
688 2076 769 2137 εἰς
805 2081 932 2141 τοὺς
982 2061 1171 2149 ἁγίους
1217 2061 1317 2139 καί
1362 2061 1707 2156 καλλινίκους

177 2159 628 2233 μεγαλομάρτυρας
655 2166 916 2236 Κήρυκον
946 2172 1039 2225 καὶ
1063 2174 1380 2233 Ὶουλίτταν.

228 2248 408 2320 Ὠσπερ
442 2253 542 2322 οὐχ
570 2254 751 2324 ὅμοιαι
782 2258 890 2312 τῶν
922 2265 1193 2331 σωμάτων
1223 2268 1442 2323 πάντων
1472 2272 1528 2325 ai
1566 2289 1704 2344 μορ-

173 2340 261 2403 φιί.
287 2341 481 2397 Niceta:
506 2347 767 2413 rhetoris,
804 2351 885 2415 είς
920 2352 1013 2406 τδν
1032 2353 1191 2424 ἀγιον
1220 2360 1313 2412 καὶ
1342 2340 1705 2434 πανεύφημον

174 2433 426 2487 ἀπὸστολον
456 2437 709 2508 Μάρκον.

224 2540 407 2637 Ὠσπερ
463 2563 551 2608 τις
603 2548 741 2619 ἀνὴρ
788 2552 1114 2624 φιλέρημος.
1162 2558 1399 2616 Anatolii
1456 2565 1702 2637 episcopi

172 2630 631 2789 .Tplzessalonicensis
664 2640 844 2711 λόγος,
894 2647 974 2709 είς
998 2646 1096 2719 τὴν
1125 2649 1407 2725 ἀποτομὴν
1433 2630 1528 2711 τοῦ
1557 2630 1701 2731 [ιρό-

172 2737 188 2771 ι
242 2742 346 2789 μου.

169 2737 346 2793 ιρομου.

218 2837 401 2937 Ὠσπερ
429 2844 614 2937 φαίνει
661 2849 689 2901 6
716 2848 872 2917 ἥλιος
895 2856 1009 2919 τοῖς
1038 2857 1240 2926 ὁρῶσιν
1258 2899 1273 2924 ,
1306 2861 1479 2927 οὕτως
1508 2865 1537 2917 6
1570 2871 1702 2937 rupi.

165 2927 529 3022 τῶν-μακάρων
558 2936 713 3005 λόγος
752 2944 865 3005 τοῖς
900 2944 1181 3001 ἀκούουσι.
1213 2948 1535 3022 Martyrium
1565 2927 1699 3012 sali-

165 3020 215 3071 ui
244 3019 495 3080 Theodori
556 3029 790 3087 militum
830 3034 1091 3102 praefecti.
1141 3039 1197 3095 ld
1255 3019 1474 3114 scripsit
1525 3046 1699 3106 Varus

165 3126 359 3210 presens
386 3134 398 3168 :
430 3117 579 3185 Ἐγὼ
631 3120 687 3173 δὲ
741 3126 891 3194 παρή
903 3144 1009 3196 μην
1038 3129 1067 3181 6
1088 3135 1444 3204 ταχυγράφος
1488 3137 1701 3210 Οὗαρος

1823 672 2005 736 naitm,
2029 674 2108 734 είς
2133 673 2231 743 τὴν
2262 674 2421 741 ἁγίαν
2454 674 2880 743 μεταμόρφωσιν
2906 676 2996 732 ἰὶῦ
3020 678 3291 748 Σωτῆρος.

1891 758 1961 813 Ὦ
2003 762 2235 833 φρικτοῦ
2289 765 2588 834 μυστηρίου
2641 766 2790 837 πάσῃ
2846 769 2911 836 τῇ
2958 769 3154 822 κτίσει.
3200 769 3398 824 Leonis

1822 854 2169 922 imperatoris
2201 854 2359 923 λόγος
2384 896 2399 920 ,
2432 856 2510 925 τῷ
2542 857 2683 927 ἁγίῳ
2726 859 2819 911 καὶ
2858 859 3078 930 μεγάλῳ
3109 862 3392 933 Σαϐϐάτῳ.

1888 945 1993 1001 'l‘ot
2014 961 2144 1017 ergo
2178 947 2456 1016 tantisque
2485 964 2549 1002 ex
2579 950 2849 1004 immenso
2877 950 2966 1005 illo
3007 952 3255 1007 codicum
3286 971 3392 1008 nu-

1820 1052 1991 1099 mero,
2034 1038 2131 1107 qui
2172 1037 2554 1107 Mctaphraslae
2591 1041 2678 1094 vel
2712 1052 2840 1096 sunt
2884 1042 2969 1097 vel
3009 1044 3394 1099 existimantur

1818 1145 1965 1194 esse,
2008 1131 2282 1201 segetibus
2343 1131 2679 1197 intcrvulsis,
2714 1144 2767 1188 et
2800 1135 3034 1204 pmpriis
3077 1137 3395 1205 parentibus

1820 1221 2107 1284 restitutis,
2160 1237 2292 1277 sane
2335 1222 2529 1277 fertilis
2575 1224 2661 1278 hic
2694 1241 2820 1295 ager
2850 1228 3045 1282 alienis
3078 1229 3262 1283 herbis
3293 1230 3393 1283 ub-

1815 1314 2012 1368 ductus
2051 1313 2264 1369 facilius
2324 1316 2736 1385 praevidebitur,
2782 1328 2837 1373 et
2871 1321 3294 1389 diiudicabitur;
3334 1332 3393 1375 ut

1817 1414 1997 1458 tamen
2028 1405 2240 1460 facilius
2263 1406 2605 1463 discernatur
2639 1426 2703 1464 ex
2745 1413 2937 1464 codem
2987 1413 3103 1481 ipso
3144 1414 3389 1481 quaedam

1813 1497 1918 1550 alia
1955 1497 2161 1551 incerta
2194 1506 2358 1566 atque
2404 1498 2571 1553 dubia
2602 1503 2905 1556 truncauda
2945 1512 3095 1567 sunt,
3127 1519 3249 1573 quae
3279 1503 3391 1557 Me-

1816 1589 2109 1657 taphrastaz
2148 1605 2257 1643 non
2291 1605 2411 1645 esse
2456 1591 2628 1662 stylus
2684 1593 2800 1661 ipse
2841 1594 3142 1662 modusque
3172 1594 3391 1649 dicendi

1813 1681 2221 1736 evidentissime
2249 1692 2518 1753 arguunt;
2551 1684 2621 1738 ab
2657 1684 2725 1739 iis
2761 1692 2943 1738 tamen
2978 1686 3145 1739 veluti
3196 1701 3225 1741 e
3268 1686 3361 1742 fon

1815 1772 1961 1826 tibus
2004 1774 2279 1843 corruptis
2324 1774 2493 1829 multa
2538 1775 2948 1846 Mctaplirastaea
2991 1793 3244 1832 manasse
3278 1794 3390 1833 non

1814 1864 2025 1919 dubito.
2058 1866 2203 1921 Ante
2227 1868 2410 1922 omnia
2432 1883 2734 1937 proponam
2769 1869 3149 1939 Metaphrasue
3171 1871 3387 1926 dicendi

1739 1927 1783 1981 Β
1811 1952 2097 2008 formulam
2120 1997 2136 2021 ,
2176 1966 2232 2010 et
2263 1927 2485 2010 modum
2526 1927 2593 2011 ex
2623 1927 3036 2015 accuratissimo
3064 1960 3239 2015 Psello
3271 1962 3389 2016 ele-

1807 2045 2123 2116 gantissime
2157 2047 2506 2119 depingente.
2537 2050 2647 2119 Kal.
2686 2051 2774 2103 ἵνα
2805 2068 2859 2104 τι
2888 2050 3021 2123 περὶ
3064 2053 3256 2105 τούτου
3292 2053 3389 2106 τοῦ

1809 2135 2011 2207 μέρους
2061 2139 2200 2192 εἴπω
2232 2141 2323 2193 καὶ
2354 2142 2905 2214 παρεκϐατικώτερον
2955 2144 3033 2215 τῷ
3076 2146 3221 2216 λόγῳ
3252 2147 3388 2217 χρή-

1810 2245 2012 2298 σωμαι,
2064 2232 2163 2285 οὐκ
2194 2233 2375 2300 ἀγνοῶ
2404 2235 2488 2288 ὅτι
2517 2238 2631 2300 τοῖς
2666 2237 2881 2301 πολλοῖς
2920 2237 3031 2291 τῶν
3058 2237 3390 2307 σοφιστικῶ-

1806 2337 1964 2391 τερον
1990 2324 2057 2393 τῇ
2091 2324 2355 2396 περιϐολῇ
2385 2329 2483 2397 τῆς
2526 2328 2771 2399 γλώττης
2816 2331 3199 2400 κεχρημένων,
3233 2330 3387 2384 οὐδὲν

1804 2413 1859 2467 δὲ
1890 2408 2055 2485 ἦττον
2084 2418 2180 2469 καὶ
2214 2421 2326 2481 τοῖς
2356 2420 2487 2489 περὶ
2518 2420 2587 2472 τά
2620 2420 2922 2491 μαθήματα
2969 2422 3385 2485 ἐσπουδακόσιν,

1803 2504 1941 2559 ἀλλά
1972 2507 2066 2560 καὶ
2085 2503 2165 2571 οἷς
2193 2508 2263 2561 τὰ
2296 2509 2503 2576 φυσικά
2558 2511 2863 2581 μαθήματα
2913 2512 3385 2583 περισπούδαστα,

1805 2594 1865 2648 οὐ
1890 2596 2037 2649 πάνυ
2068 2612 2121 2649 τι
2154 2598 2515 2663 σπουδάζεται
2545 2600 2638 2652 τοῦ
2658 2600 2851 2671 ἀνδρὸς
2876 2600 2946 2654 τά
2967 2600 3381 2671 σπουδάσματα”

1803 2688 1884 2740 ὅτι
1920 2689 2058 2758 μήτε
2104 2678 2174 2741 τά
2206 2689 2307 2759 τῆς
2354 2689 2556 2760 μίξεως
2602 2691 2713 2745 τῶν
2748 2691 2899 2745 ἰδεῶν
2950 2694 3203 2766 εὐπρεπῆ
3251 2697 3384 2766 παρ’

1804 2780 2027 2845 αὐτοῖς,
2071 2781 2211 2851 μήτε
2259 2783 2307 2835 οἱ
2355 2784 2732 2854 σχηματισμοὶ
2778 2784 2886 2838 τῶν
2930 2784 3103 2853 λόγων
3139 2802 3385 2853 καταφα-

1802 2874 1934 2939 νεῖς,
1985 2876 2124 2944 μήτε
2174 2891 2258 2937 τις
2290 2873 2496 2945 ἀπορία
2540 2874 2754 2943 φύσεως
2801 2875 2896 2929 καὶ
2939 2875 3211 2939 ἑπίλυσις,
3247 2876 3385 2946 μήτε

1802 2966 2123 3037 γραμμικαὶ
2153 2965 2457 3033 ὑποδείξεις
2488 2968 2625 3037 μετά
2647 2967 2755 3022 τῶν
2778 2967 3052 3039 φορτικῶν
3080 2968 3382 3039 ὀνομάτων,

1804 3059 1943 3128 μήτε
1993 3057 2273 3128 φιλόσοφοι
2324 3058 2537 3113 ἔννοιαν
2578 3058 2950 3132 ὑψηλογοῦσαι
2983 3058 3043 3112 τὸ
3092 3059 3385 3129 ὑποκείμεξ

1801 3164 1911 3201 νον.
1970 3147 2262 3201 Βούλονται
2312 3148 2420 3219 γὰρ
2465 3150 2516 3201 oi
2568 3150 2814 3220 περιττοὶ
2862 3151 2961 3219 τὴν
3008 3150 3200 3219 σοφίαν
3246 3150 3385 3219 πρὸς

164 3203 536 3322 δπξριοςὶκαῖ
578 3215 1021 3322 ἀποκοδικέλλων
1069 3223 1212 3322 όρῶν
1255 3203 1354 3290 τὰς
1413 3203 1694 3297 κολάσειςζ
1726 3264 1769 3322 c
1803 3240 2065 3305 ἐπίδειξιν
2110 3242 2288 3295 πάντα
2324 3203 2663 3312 γεγράφθαι,
2716 3243 2778 3296 οὐ
2804 3203 2940 3313 πρὸς
2965 3203 3254 3312 ὠφέλειαν,
3290 3203 3385 3299 Ξιαὶ

160 3298 331 3351 ἀκούων
359 3303 414 3354 δὲ
447 3306 663 3359 καὶτὸν
701 3311 1001 3381 ὲγκρύφιον
1020 3315 1189 3370 αὐτοῦ
1241 3323 1573 3392 στεναγμὸν,
1607 3328 1695 3397 ρί-

160 3390 238 3453 ίᾲις
261 3394 373 3457 τοὺς
396 3398 744 3464 κοδικέλλους
786 3397 1183 3479 ἐκαλινδούμην
1210 3390 1535 3485 ὀδυρόμενος
1558 3390 1697 3490 πρὸς

158 3485 239 3545 Ini;
263 3490 406 3539 ποσὶν
430 3490 622 3545 αὐτοῦ,
675 3493 733 3546 ’0
766 3495 822 3548 δὲ
864 3498 1055 3567 κύριός
1086 3518 1187 3571 μου
1208 3504 1236 3555 6
1270 3509 1569 3579 συνήγορος
1598 3485 1693 3565 τοῦ

162 3574 351 3671 Χριστοῦ
372 3580 656 3653 Θεόδωρος
693 3589 899 3657 μικρὰν
926 3592 1109 3663 φωνὴν
1133 3596 1365 3661 ἀποδούς
1391 3574 1492 3667 ’μοι
1519 3602 1691 3671 λέγει⁹

158 3668 313 3768 θςαρε,
364 3674 437 3743 μὴ
463 3677 843 3750 ἐγκαταλίπῃς
869 3682 929 3734 τὸ
954 3684 1113 3753 ἔργον
1137 3705 1251 3751 σου,
1286 3692 1421 3761 μηδὲ
1453 3668 1694 3768 ἐκκόψῃς

157 3760 228 3821 τὰς
266 3764 560 3832 μελλούσας
613 3771 694 3833 είς
742 3774 844 3843 ἐμὲ
891 3775 1193 3847 διηγήσεις.
1239 3760 1563 3855 ’Υπόμεινον
1600 3760 1696 3848 ἐξά

157 3854 225 3949 καί
258 3860 347 3925 τὴν
376 3862 567 3929 ἄφιξίν
614 3882 720 3935 μου
774 3872 1121 3945 συγγρὰψῃς,
1164 3878 1258 3929 καὶ
1308 3880 1432 3942 τοὺς
1474 3882 1693 3949 ἀγῶνας

158 3947 225 4042 καὶ
261 3952 350 4020 τήν
396 3956 620 4027 ἡμέραν
670 3960 769 4027 τῆς
825 3962 1157 4029 τελειώσεώς
1207 3985 1331 4037 μου.
1376 3969 1488 4041 Ego
1522 3947 1694 4042 lporro

155 4038 329 4093 aderam
357 4043 522 4099 Varus
540 4048 715 4101 scriba
737 4050 991 4106 Notarius
1039 4060 1399 4124 apocodicillis
1428 4038 1693 4120 ini-menta

154 4135 443 4203 (suspiciens.
462 4137 604 4193 Cum
635 4144 1018 4200 verointimum
1047 4148 1193 4203 illius
1220 4151 1480 4217 eiulatum
1508 4160 1694 4213 audis-

154 4239 248 4287 um,
279 4229 529 4283 codicillis
573 4233 796 4302 objectis
826 4237 966 4290 circa
1006 4241 1163 4307 pedes
1202 4242 1346 4296 illius
1390 4244 1690 4316 lacrymans

152 4317 400 4377 salutabam
449 4326 521 4378 At
563 4326 812 4382 dominus
854 4346 998 4384 meus
1037 4332 1234 4388 Christi
1261 4336 1499 4407 defensor
1529 4340 1692 4396 Theo-

150 4411 536 4471 dorussubmissa
556 4435 682 4472 uoce
711 4421 839 4474 mihi
883 4424 1050 4479 dicit:
1082 4425 1233 4492 Vare,
1264 4443 1328 4482 ne
1357 4431 1692 4503 derelinquas

150 4519 241 4567 opus
260 4518 396 4563 tuum
424 4529 442 4565 :
472 4530 653 4573 neque
677 4517 1010 4571 narrationes
1038 4526 1159 4572 tuas
1188 4520 1253 4574 de
1274 4539 1353 4576 me
1379 4524 1687 4593 abrumpas.

1805 3332 1972 3401 ἤθους
2005 3332 2367 3403 κατόρθωσιν.
2417 3332 2561 3401 Ἐγὼ
2588 3332 2647 3385 δὲ
2684 3332 2808 3387 οὐδέ
2833 3351 2978 3398 τινος
3010 3333 3217 3387 τούτων
3239 3333 3386 3412 φημὶ.

1803 3423 1873 3475 τά
1918 3422 2013 3475 τοῦ
2060 3424 2250 3495 ἀνδρὸς
2296 3423 2720 3496 ἀποστερεῖσθαι
2766 3426 3215 3495 συγγράμματαο
3267 3425 3369 3477 ἀλλ

1803 3512 1990 3582 ἐπειδὴ
2026 3514 2100 3583 μὴ
2137 3514 2483 3585 ἐπιδεικτική
2516 3531 2600 3577 τις
2628 3514 2778 3585 αὑτῷ
2804 3516 2835 3586 ή
2864 3517 3080 3585 χρῆσις,
3107 3518 3166 3568 οὐ
3202 3517 3385 3569 πυκνά

1804 3605 1975 3658 ταῦτα
2008 3606 2156 3676 αὑτῷ
2185 3606 2414 3671 τίθεται,
2448 3609 2567 3662 οὐδὲ
2596 3611 2661 3663 ὲκ
2695 3610 3000 3680 προοιμίων
3032 3609 3217 3674 εὐθὺς,
3261 3610 3385 3664 οὐδὲ

1806 3701 2076 3770 πανταχῆ,
2102 3700 2223 3754 οὐδὲ
2263 3702 2449 3765 πᾶσιν,
2482 3702 2621 3768 ἀλλ’,
2667 3703 2776 3772 ὅπη
2825 3702 2977 3773 αὐτῷ
3031 3703 3290 3773 ἀφορμὴν
3322 3704 3386 3757 τδ

1803 3795 2037 3862 πρᾶγμα
2066 3793 2306 3860 δίδωσιν,
2351 3777 2672 3849 όπόσαδὲον
2697 3796 2775 3867 τῷ
2817 3795 2961 3867 λόγῳ
3012 3797 3382 3866 χρησάμενος,

1802 3882 1894 3934 ἐπὶ
1928 3881 2019 3934 τὸν
2058 3882 2489 3955 προτεθειμένον
2537 3890 2742 3941 σκοπὸν
2787 3887 2950 3951 εὐθὺς
2976 3888 3279 3942 ἐπάνεισιν.
3326 3887 3386 3940 ’0

1806 3975 1904 4045 μὲν
1935 3976 2093 4043 λόγος
2127 3978 2276 4049 αὐτῷ
2299 3977 2424 4032 οὕτε
2450 3980 2587 4050 πρὸς
2612 3981 2928 4050 σοφιστείαν
2952 3982 3080 4051 ὁρᾷ,
3124 3982 3221 4034 καὶ
3249 3981 3382 4051 ἀγο-

1805 4066 1964 4136 ραίαν
2007 4069 2349 4139 κομψότητα,
2380 4070 2507 4125 οὔτε
2566 4075 2647 4136 είς
2679 4074 3051 4145 τεχνολογίαν,
3083 4074 3180 4129 καὶ
3209 4092 3385 4130 καταο

1803 4156 1989 4225 νόησιν
2016 4157 2255 4225 φύσεως,
2289 4159 2413 4213 οὔτε
2451 4162 2558 4232 μὴν
2584 4164 2664 4226 είς
2698 4166 3028 4236 γραμμικήν
3057 4166 3313 4238 θεωρίαν,
3349 4166 3383 4238 ἢ

1800 4248 1898 4319 τὴν
1930 4251 2321 4322 περιττοτέραν
2345 4255 2404 4306 ὲν
2426 4257 2542 4316 τοῖς
2569 4256 2825 4326 ἀριθμοῖς
2851 4257 3090 4312 σύνεσιν·
3114 4260 3230 4312 ἀλλ’
3264 4259 3385 4312 οὐδὲ

1803 4341 2162 4405 σπουδάζεται
2183 4344 2358 4415 τούτῳ
2392 4347 2426 4416 ή
2454 4347 2548 4399 τοῦ
2579 4347 2812 4419 οὐρανοῦ
2847 4350 3079 4420 κίνησις,
3118 4351 3150 4422 ἢ
3181 4354 3329 4416 ὅπως
3358 4357 3386 4407 6

1799 4432 2038 4497 ἄπλανος
2069 4434 2275 4505 κόσμος
2300 4437 2437 4507 πρὸς
2457 4440 2584 4503 τοὺς
2608 4439 2890 4512 πλάνητας
2918 4444 3137 4516 ἀπαντᾷ
3157 4461 3170 4474 ο
3199 4445 3384 4514 μέλλει

1799 4525 1855 4579 δὲ
1884 4526 2035 4593 αὑτῷ
2067 4527 2399 4596 συμφώνων,
2436 4530 2470 4602 ἢ
2513 4530 2816 4601 ὁμοφώνων
2867 4534 3056 4589 οὐδέν’
3101 4535 3219 4591 ἀλλ’
3262 4537 3383 4589 οὐδὲ

150 4593 316 4655 Sustine
343 4612 389 4656 et
420 4612 718 4659 adventum
747 4624 920 4661 meum
963 4613 1258 4679 scripturus
1289 4625 1336 4668 et
1368 4621 1684 4685 certamina,
1715 4620 1767 4680 D

1740 4621 1767 4679 )
1796 4619 1904 4672 τῶν
1933 4620 2026 4673 επὶ
2057 4593 2273 4685 τοῦτοις
2303 4593 2644 4693 ὲμμελειῶν..
2667 4625 2767 4679 Διά
2789 4625 2948 4680 τοῦτο
2977 4628 3151 4687 ταῦτα
3182 4628 3284 4698 μὲν,
3307 4630 3382 4690 ώς

148 4690 339 4782 diemque
372 4697 548 4751 obitus
580 4699 709 4753 mei.
740 4700 809 4754 Et
835 4702 979 4755 circa
1014 4702 1217 4758 ﬁnem:
1253 4707 1361 4759 Καὶ
1384 4708 1532 4776 λέγει
1556 4713 1693 4782 πρὸς

149 4781 211 4833 τὶν
245 4784 463 4858 Οὔαρον,
524 4791 627 4858 Μὴ
663 4792 949 4866 ἀμελήσῃς
1000 4795 1092 4849 τοῦ
1142 4798 1401 4863 συντάξαι
1446 4820 1548 4871 μου
1593 4781 1692 4875 τὴν

149 4874 315 4947 ἡμέραν
339 4882 439 4951 τῆς
472 4883 843 4949 τελειώσεως.
878 4887 952 4939 Τὸ
983 4887 1039 4940 δὲ
1067 4887 1315 4959 λείψανόν
1353 4909 1455 4962 μου
1485 4874 1690 4949 ἀπόθου

148 4967 187 5017 ἐν
204 4970 477 5041 Εὑχαϊταις
512 4977 575 5029 ὲν
608 4975 693 5045 τῷ
739 4979 1048 5050 προγονικῷ
1079 4998 1181 5050 μου
1211 4984 1474 5053 κτήματι.
1520 4987 1610 5039 Ἐν
1635 4988 1691 5040 δὲ

146 5063 192 5129 τῇ
236 5066 503 5122 τελειώσει
564 5086 703 5136 σου,
756 5070 1038 5143 εὐώνυμός
1088 5091 1191 5144 μου
1250 5078 1572 5149 κοιμήθητι.
1622 5080 1691 5134 Et

146 5152 236 5203 dicit
266 5154 409 5219 Varo,
439 5157 524 5212 Ne
546 5158 789 5229 negligas
811 5161 1034 5216 scribere
1071 5164 1210 5217 diem
1234 5166 1406 5221 obitus
1430 5171 1571 5223 mei:
1601 5189 1692 5225 ca-

146 5244 265 5298 dam
288 5265 399 5303 vero
422 5268 611 5305 meum
642 5268 832 5320 repone
854 5254 906 5306 in
934 5255 1076 5309 avita
1106 5272 1222 5311 mea
1251 5262 1591 5325 possessione.
1623 5262 1691 5316 Et

146 5348 183 5387 ιι
206 5356 302 5395 cum
339 5345 499 5412 ﬁnem
534 5347 669 5400 vitae
697 5348 955 5413 posueris,
998 5350 1052 5403 in
1081 5352 1309 5406 sinistris
1343 5355 1472 5408 meis
1503 5355 1691 5409 obdor-

147 5432 278 5487 τεὶιιε.
312 5435 369 5491 In
406 5438 536 5493 aliis
565 5439 856 5496 codicibus
890 5444 1281 5514 manuscriptis
1309 5447 1580 5517 Augarus.

204 5526 274 5589 Ὠς
295 5531 551 5602 εὐτυχὴς,
569 5532 676 5585 καὶ
699 5533 877 5588 πάντα
906 5537 1201 5608 μακάριος.
1223 5538 1448 5594 Joannis
1482 5548 1690 5597 metro-

150 5616 284 5681 I‘Oliue
327 5622 770 5692 Euchaitarum,
813 5629 891 5690 είς
927 5628 1026 5698 τὴν
1072 5630 1288 5700 ἡμέραν
1322 5631 1419 5700 τῆς
1469 5636 1690 5704 μνήμης

148 5708 215 5761 τοῦ
248 5717 470 5783 μεγάλου
510 5720 949 5791 τροπαιοφόρον,
997 5722 1094 5775 καὶ
1119 5722 1219 5795 τὴν
1265 5722 1361 5777 νῦν
1393 5726 1691 5797 γενομένην

150 5803 215 5857 ἐπὶ
234 5811 329 5874 τοῖς
353 5812 667 5883 βαρϐάροις
701 5812 1170 5885 θαυματουργίαν.

198 5893 323 5976 [116]
361 5903 447 5970 Ὠς
491 5905 739 5977 φοϐερὸς
765 5906 975 5973 ὁτότιος
1018 5902 1197 5978 οὗτος,
1233 5911 1685 5983 συνεξιστάμενος

1798 4710 2028 4781 περιττά
2062 4712 2518 4781 παραπέμπεται.
2564 4715 2757 4769 Ἔστιν
2785 4717 2920 4769 ὅπου
2955 4718 3052 4771 καὶ
3082 4720 3224 4776 κατά
3255 4737 3381 4775 και-

1799 4802 1891 4875 ρδν
1922 4802 2228 4873 χρώμενος.
2272 4805 2385 4876 Τῆς
2435 4804 2495 4858 δὲ
2546 4805 2804 4877 ἀληθείας
2845 4808 3135 4880 ἀπανταχῆ
3173 4810 3381 4880 ἔχεται,

1797 4896 2009 4965 καὶτῆς
2055 4895 2328 4965 ἀψευδοῦς
2363 4897 2691 4968 διηγήσεως.
2736 4900 2999 4971 Φράσεως
3042 4902 3101 4955 δὲ
3152 4905 3381 4969 πολλοὺς

1798 4988 1898 5057 μὶν
1925 4986 2199 5057 ἠπίστατο
2225 4988 2485 5059 τρόπους.
2539 4990 2822 5062 Κέχρηται
2868 4992 2925 5045 δὲ
2948 4993 3026 5061 τῷ
3066 4995 3381 5065 ἀποχρῶντι

1794 5079 1933 5147 πρδς
1956 5080 2056 5150 τήν
2072 5096 2132 5132 τε
2149 5080 2261 5133 τῶν
2279 5081 2586 5134 σπουδαίων
2614 5081 2838 5140 καὶτῶν
2857 5084 3069 5141 πολλῶν
3084 5086 3379 5154 ἀκρόασιν,

1795 5171 1889 5224 καὶ
1915 5172 2117 5241 ήρκεσέ
2161 5188 2225 5239 γε
2256 5171 2397 5226 κατά
2435 5174 2604 5226 ταὺτὸ
2634 5176 2969 5247 ἀμφοτέροις
2999 5181 3113 5241 τοῖς
3160 5179 3375 5248 μέρεσι.

1794 5262 1885 5332 Τῷ
1916 5263 2012 5333 μὲν
2038 5263 2146 5334 γὰρ
2179 5263 2392 5334 ῥυθμῷ,
2442 5266 2539 5320 καὶ
2567 5266 2646 5337 τῷ
2680 5268 2869 5323 κάλλει
2910 5272 3008 5341 τῆς
3054 5270 3252 5334 λέξεως
3286 5272 3378 5323 τὸν

1794 5357 2079 5431 ἐλλόγιμον
2107 5358 2386 5428 ἀκροατὴν
2429 5358 2815 5427 ἐφειλκύσατο,
2874 5362 2972 5416 καὶ
3017 5361 3234 5429 ἑθελξεν
3259 5365 3367 5416 lxa-

1794 5450 1899 5513 νὼς
1930 5453 2040 5515 τοῖς
2085 5450 2193 5504 τῶν
2229 5451 2471 5522 χαρίτων
2524 5452 2821 5527 θηράτροις
2850 5471 2862 5485 ο
2913 5454 2992 5524 τῷ
3025 5454 3082 5508 δέ
3118 5472 3181 5525 γε
3214 5458 3377 5524 σαφεῖ

1796 5542 1889 5595 καὶ
1917 5540 2151 5611 ποτίμῳ,
2185 5542 2287 5605 τὰς
2315 5542 2587 5607 ίδιώτιδας
2609 5546 2781 5608 ἀκοὰς
2812 5548 2911 5617 τῆς
2952 5547 3149 5607 ἑαυτοῦ
3187 5546 3375 5617 φωνῆς

1794 5634 2159 5702 ἀνηρτήσατο.
2183 5633 2560 5706 Ἀμφοτέρους
2598 5653 2673 5699 τε⁸
2700 5634 2766 5691 αὖ
2797 5639 3115 5709 ὑπηγάγετο
3144 5639 3223 5710 τῷ
3250 5657 3375 5692 συν-

1793 5726 1946 5795 τόμῳ
1976 5726 2071 5780 καὶ
2110 5726 2342 5798 πιθανῷ.
2380 5727 2524 5794 Ἐγὼ
2584 5731 2695 5802 γὰρ
2744 5733 2830 5785 ἵνα
2883 5731 3053 5801 μηδὲν
3107 5733 3221 5802 ἐρῶ
3279 5730 3374 5787 τοῦ

1794 5818 2026 5888 ἀληθοῦς
2059 5820 2279 5875 ἔλαττον
2332 5823 2800 5894 ἐπικρυψάμενος,
2858 5827 3226 5895 χαρακτήρων
3275 5822 3377 5892 μὲν

1795 5912 1969 5982 λόγων
2004 5912 2226 5978 πολλοὺς
2258 5909 2372 5969 οἴδα
2409 5914 2690 5981 καλλίονας
2711 5934 2723 5947 ·
2760 5916 2899 5987 λέγω
2936 5918 2999 5990 δὴ
3034 5920 3143 5975 τῶν
3166 5921 3364 5978 τελεω-
