4158 6472
697 423 799 484 115

2018 422 2292 484 LEONIS
2329 423 2638 484 ALLATII

3843 428 3967 491 116

692 539 866 607 τέρων
903 538 1173 606 ρητόρων,
1204 538 1296 588 καὶ
1341 527 1556 605 οἱ’μηδὲ
1590 539 1724 605 πρὸς
1758 537 2112 607 παράδειγμα
2157 540 2270 600 τοῖς
2299 539 2344 592 Α
2371 536 2612 590 δείκνυσι
2672 537 2738 590 τὰ
2784 537 2902 590 τότε
2969 539 3161 607 καιροῦ
3223 540 3595 610 πραττόμενα.
3645 542 3800 610 Ζηλῶ
3861 551 3967 611 μεν

693 628 908 690 πολλοῖς
944 630 1152 690 ἑστᾶσι,
1183 627 1258 694 τῷ
1298 629 1662 698 ὑπερηχούντι
1706 629 1800 682 τοῦ
1834 629 2046 700 ῥυθμοῦ
2071 647 2083 660 ·
2113 632 2272 700 ἀκρι-

697 723 959 790 εεστέραν
989 720 1044 771 δέ
1074 720 1241 785 ἰδέαν,
1273 714 1352 782 οἷς
1385 722 1554 772 εἵλετο
1590 721 1878 774 συνθέσθαι
1904 723 2271 791 συγγράμμα-

697 831 801 876 σιν,
835 813 934 864 ούκ
964 809 1104 872 οἶδα,
1138 812 1192 864 ετ
1216 829 1299 872 τις
1330 811 1439 863 τῶν
1462 811 1683 864 πάντων
1717 815 2078 882 συνήρμοσεν.
2107 813 2268 865 Ἀλλά

695 907 788 956 καὶ
817 906 869 956 εἴ
899 922 980 966 τις
1013 905 1078 957 ἂν
1105 904 1212 955 τῶν
1247 902 1519 972 περιττῶν
1571 903 1800 956 ἐκείνων
1828 905 1926 974 τήν
1955 922 2014 957 τε
2045 905 2269 974 φράσιν,

697 1000 791 1049 καὶ
822 997 922 1065 τὴν
952 996 1252 1066 ἐνθύμησιν
1277 995 1562 1066 προείλετο
1584 996 1684 1066 τὴν
1704 997 1962 1066 τοιαύτην
1991 997 2271 1062 ὑπόθεσιν,

699 1091 1113 1160 περιεργότερον
1147 1090 1245 1158 μὲν
1279 1091 1416 1160 αὐτῇ
1463 1090 1554 1143 τὸν
1620 1090 1778 1158 λόγον
1831 1090 2166 1159 εἰργάσατο·
2211 1091 2272 1144 οὐ

700 1189 843 1250 φημι
877 1184 930 1234 δὲ
957 1181 1240 1249 σύμπασιν
1268 1183 1569 1250 ἀκροαταῖς
1600 1182 1940 1251 κατάλληλόν
1970 1201 2029 1235 τε
2054 1184 2147 1236 καὶ
2171 1185 2274 1254 ἁρ-

703 1276 1048 1344 μοδιώτερον.
1085 1275 1166 1327 Τά
1207 1273 1356 1346 [H7]
1410 1293 1468 1326 τε
1516 1277 1624 1344 γάρ
1674 1277 1937 1345 προοίμια
1966 1277 2074 1329 τῶν
2103 1277 2276 1343 λόγων

701 1365 864 1418 αὐτοῦ
905 1368 1186 1437 ἁπτόμενα
1244 1368 1404 1428 εὐθὺς
1430 1365 1524 1418 τοῦ
1559 1367 1946 1436 ὑποκειμένου,
1976 1368 2068 1418 καὶ
2101 1367 2274 1435 βραχύ

699 1475 751 1510 τι
776 1460 1003 1527 προῖὼν,
1031 1461 1122 1512 τὸν
1147 1459 1240 1511 τοῦ
1268 1440 1701 1529 συγγράμματος
1729 1462 2014 1528 ἀναφαίνει
2044 1462 2274 1513 σκοπόν·

703 1549 795 1600 καὶ
826 1552 923 1617 τὴν
956 1553 1137 1601 πᾶσαν
1191 1551 1278 1600 ἐπ’
1336 1551 1498 1612 ἐνίοις
1549 1551 1658 1601 τῶν
1693 1550 1866 1617 λόγων
1893 1551 2151 1603 ὑπόθεσιν
2184 1568 2276 1602 κε-

704 1641 1174 1711 φαλαιωσάμενος,
1200 1644 1360 1703 εὐθὺς
1386 1643 1528 1695 κατὰ
1557 1644 1698 1714 μέρη
1733 1643 1936 1712 τέμνει,
1957 1645 2091 1714 πρός
2124 1662 2180 1696 τε
2212 1646 2278 1697 τά

707 1736 975 1802 πρόσωπα
1008 1737 1098 1786 καὶ
1140 1739 1264 1798 τοὺς
1315 1738 1545 1806 καιροὺς
1593 1737 2020 1805 μεθαρμόζεται,
2079 1739 2173 1789 καὶ
2218 1738 2279 1789 τδ

708 1828 805 1893 μὲν
845 1827 1038 1896 χρῶμα
1065 1828 1159 1880 τοῦ
1189 1828 1347 1895 λόγου
1382 1829 1442 1880 τὸ
1466 1829 1595 1880 αὐτὸ
1624 1831 1777 1892 πᾶσι,
1836 1829 1930 1882 καὶ
1969 1831 2002 1898 ὴ
2057 1830 2280 1898 ποιότης

709 1920 806 1987 μία
838 1920 937 1988 τῆς
964 1922 1240 1990 φράσεως,
1275 1922 1307 1989 ὴ
1336 1920 1391 1972 δέ
1415 1937 1477 1987 γε
1527 1919 1619 1972 τοῦ
1656 1919 1819 1988 ἧθους
1852 1920 2125 1990 μεταϐολὴ
2167 1939 2281 1974 ποι-

707 2009 851 2077 κίλη,
879 2008 972 2060 καὶ
1013 2010 1111 2072 ὡς,
1147 2010 1276 2078 εἴπῃ
1308 2026 1390 2071 τις
1414 2049 1429 2072 ,
1473 2009 1699 2078 τεχνικὴ
1730 2008 1796 2061 ἂν
1825 2010 1884 2060 οὐ
1917 2011 2006 2061 διά
2051 2010 2150 2078 τὴν
2194 2012 2280 2062 τέ-

706 2118 842 2170 χνην
870 2104 938 2153 τά
966 2102 1268 2169 πράγματα
1310 2101 1744 2170 μεταϐάλλουσα,
1794 2101 1929 2152 ἀλλὰ
1957 2103 2033 2172 τῷ
2067 2103 2282 2170 ἑκάστῳ

707 2191 814 2244 τῶν
846 2193 1310 2261 παραπιπτόντων
1356 2192 1697 2262 πραγμάτων
1744 2208 1805 2242 τε
1837 2191 1927 2243 καὶ
1973 2194 2283 2261 προσώπων

708 2285 922 2336 οἰκείων
951 2284 1404 2353 διερμηνεύουσα.
1442 2282 1530 2346 Ὦς
1585 2284 1721 2353 πρὸς
1763 2284 2052 2353 ἀρχέτυπα
2098 2285 2154 2336 δὲ
2216 2284 2284 2336 τά

712 2377 1050 2446 ἀρχαιότερα
1078 2376 1187 2428 τῶν
1210 2377 1561 2446 πραγμάτων
1592 2377 1936 2441 ἐνατενίζων,
1970 2378 2193 2430 ἐκείνων
2223 2395 2283 2430 τε

710 2467 811 2518 οὐκ
839 2467 1152 2533 ἀφίσταται,
1184 2467 1270 2519 ἵνα
1290 2469 1362 2536 μὴ
1394 2468 1516 2539 δόξῃ
1542 2467 1671 2521 ἄλλο
1688 2486 1740 2520 τι
1771 2469 1970 2533 ποιῶν;
2005 2471 2101 2522 καὶ
2129 2469 2281 2540 παρὰ

710 2557 771 2609 τὸ
803 2558 1178 2626 παράδειγμα,
1203 2560 1296 2610 καὶ
1326 2559 1423 2628 τὴν
1470 2561 1597 2627 ὃλην
1651 2561 1795 2613 ίδέαν
1839 2565 2159 2630 μετατυπεί,
2188 2564 2286 2615 οὐκ

710 2652 1052 2705 ἐναλλάττων
1085 2654 1183 2721 τὴν
1218 2652 1372 2719 ὓλην,
1425 2654 1561 2706 ἀλλὰ
1620 2655 1680 2707 τὸ
1730 2657 2124 2724 ἡμαρτημένον
2176 2657 2285 2709 τῶν

711 2742 868 2794 είδῶν
903 2742 1284 2810 διορθούμενος
1308 2782 1326 2809 ,
1359 2745 1482 2796 οὑδέ
1511 2747 1848 2814 καινοτομῶν
1878 2749 1997 2809 ταῖς
2027 2747 2280 2812 ἐννοίαις,

713 2833 849 2887 ἀλλὰ
870 2833 931 2885 τὸ
955 2833 1056 2901 τῆς
1088 2833 1286 2898 λέξεως
1320 2835 1508 2904 σχῆμα
1551 2834 1889 2904 μετατιθείς.
1917 2837 2285 2906 Ἀνωμαλίαις

712 2943 770 2977 τε
800 2926 1152 2996 περιπίπτων
1180 2927 1538 2994 διηγημάτων
1569 2929 1596 2979 ὁ
1625 2927 1782 2994 λόγος
1813 2928 1986 2998 αὐτῷ,
2018 2931 2114 2982 καί
2160 2948 2288 2999 μετ-

715 3018 980 3086 αλλαγαῖς
1006 3018 1336 3081 ὑποθέσεων,
1367 3019 1427 3070 οὑ
1459 3019 1769 3086 σύγκειται,
1795 3020 1916 3072 οὐδὲ
1943 3022 2286 3092 ταράττεται·

715 3109 832 3161 ἀλλ’
898 3109 1088 3179 ῶσπερ
1142 3109 1365 3180 ἄριστος
1415 3110 1760 3182 κυϐερνήτης
1822 3114 2291 3184 περικλυζομένης

2374 625 2468 683 οὖν
2498 629 2606 698 ἐγὼ
2662 632 2752 682 τὸν
2794 629 2961 698 ἄνδρα
2999 633 3090 682 καὶ
3119 631 3218 700 τῆς
3252 633 3510 700 τοιαύτης
3534 633 3833 700 εὐστομίας
3868 640 3970 686 καὶ

2373 723 2776 792 χάριτος,οὑδέν
2793 740 2852 775 τε
2865 719 3028 793 ἦττον
3039 723 3140 791 τῆς
3162 725 3493 794 εὐχρηστίας
3506 725 3613 776 τῶν
3630 725 3969 778 ὑποθέσεων.

2376 815 2444 870 Et
2472 826 2528 870 ut
2553 817 2616 869 de
2639 817 2738 869 hac
2771 827 2925 885 parte
2953 819 3150 877 dicam.
3185 827 3235 870 et
3260 817 3444 887 aliqua
3473 826 3600 870 utar
3619 819 3966 888 digressione,

2378 927 2480 962 non
2512 913 2692 980 ignoro
2725 912 2883 980 hujus
2934 913 3031 964 viri
3067 929 3226 980 opera
3259 928 3362 963 non
3397 927 3504 964 esse
3535 928 3724 980 magno
3765 912 3968 975 studio,

2378 1021 2470 1058 nec
2509 1007 2596 1068 iis,
2637 1006 2726 1074 qui
2756 1004 2949 1074 lingua:
3001 1013 3310 1057 ornamento
3350 1013 3570 1055 utuntur
3631 1003 3786 1054 nimis
3840 1003 3970 1053 rhe-

2379 1095 2557 1156 torice,
2605 1113 2695 1148 nec
2750 1097 2813 1148 iis
2845 1095 2934 1163 qui
2964 1111 3120 1147 suum
3142 1094 3376 1146 studium
3404 1101 3690 1160 posuerunt
3716 1092 3769 1142 in
3800 1092 3966 1142 disci-

2380 1187 2558 1256 plinis,
2581 1189 2671 1238 sed
2704 1203 2797 1239 nec
2834 1187 2920 1245 iis,
2947 1186 3035 1254 qui
3072 1186 3385 1237 studuerunt
3415 1194 3620 1235 natura:
3651 1181 3975 1248 contempla-

2382 1278 2530 1338 tioni,
2563 1277 2700 1345 quod
2733 1294 2822 1329 nec
2863 1279 2925 1329 iis
2956 1277 3164 1327 dicendi
3211 1290 3459 1344 generum
3491 1273 3668 1324 mistio
3713 1270 3969 1329 eluceret,

2382 1385 2472 1421 nec
2501 1369 2684 1436 ﬁgura:
2710 1369 2917 1419 dicendi
2961 1368 3065 1419 sint
3098 1381 3348 1434 aspersas,
3403 1381 3568 1435 neque
3607 1364 3720 1416 ulla
3755 1371 3972 1414 natura:

2380 1465 2639 1517 dubitatio
2661 1478 2725 1516 ac
2757 1463 2968 1528 solutio,
3006 1479 3169 1530 neque
3202 1462 3465 1514 linearum
3495 1460 3974 1511 demonstrationes

2381 1574 2497 1608 cum
2553 1557 2867 1624 importunis
2920 1555 3251 1617 nominibus,
3308 1568 3470 1621 neque
3531 1549 3990 1617 Philosophorum

2381 1651 2651 1702 sententia:
2685 1665 2801 1718 quae
2833 1649 3124 1716 subjectum
3161 1649 3330 1700 verbis
3378 1648 3434 1699 in
3487 1645 3652 1698 altum
3692 1643 3971 1696 attollant.

2390 1741 2578 1795 Volunt
2602 1743 2743 1794 enim
2770 1742 2859 1810 qui
2881 1750 3002 1794 sunt
3044 1741 3322 1809 sapientia:
3349 1755 3511 1806 supra
3540 1739 3750 1790 modum
3780 1736 3973 1792 dediti,

2383 1835 2563 1886 omnia
2586 1834 2744 1886 scribi
2768 1835 2839 1886 ad
2861 1833 3287 1892 ostentationem,
3319 1847 3420 1883 non
3471 1830 3542 1882 ad
3568 1844 3772 1881 morum
3803 1842 3978 1879 corre-

2387 1928 2631 1979 ctionem.
2680 1925 2795 1996 Ego
2843 1936 3019 1978 autem
3068 1925 3183 1977 dico
3229 1923 3388 1991 hujus
3441 1923 3539 1974 viri
3597 1921 3792 1988 scripta
3823 1918 3976 1970 nullo

2385 2021 2572 2071 horum
2602 2035 2708 2072 esse
2751 2018 2997 2087 privata;
3028 2017 3116 2070 sed
3149 2016 3398 2084 quoniam
3432 2031 3533 2066 non
3564 2014 3632 2065 ad
3659 2012 3981 2065 ostentatio-

2387 2129 2504 2165 nem
2535 2114 2946 2180 comparabatur
2990 2110 3104 2178 ejus
3136 2110 3376 2175 scriptio,
3404 2108 3520 2160 ideo
3553 2121 3655 2158 non
3702 2115 3980 2168 ponuntur

2387 2207 2700 2274 frequenter,
2748 2221 2910 2271 neque
2939 2203 3122 2254 statim
3158 2217 3189 2253 a
3223 2201 3506 2269 principio,
3551 2214 3718 2267 neque
3754 2195 3978 2264 ubique.

2388 2313 2551 2366 neque
2579 2298 2720 2365 apud
2741 2313 2918 2348 omnes
2950 2293 3122 2366 [HS],
3158 2295 3248 2347 sed
3273 2293 3485 2356 quando
3510 2307 3589 2345 res
3617 2292 3708 2342 dat
3737 2291 3978 2342 occasio-

2389 2406 2527 2453 nem,
2558 2406 2680 2442 usus
2714 2389 2802 2451 iis,
2843 2405 2959 2457 quae
2987 2388 3222 2455 postulat
3269 2387 3462 2450 oratio,
3505 2385 3639 2438 redit
3673 2386 3855 2436 statim
3899 2381 3979 2432 ad

2388 2497 2603 2547 scopum
2632 2483 2974 2550 propositum.
3008 2479 3139 2546 Ejus
3170 2479 3310 2532 enim
3358 2478 3530 2530 oratio
3571 2491 3733 2544 neque
3767 2474 3836 2525 ad
3871 2488 3982 2524 so-

2388 2576 2668 2643 phisticam
2722 2575 2955 2624 intuetur
2983 2573 3305 2640 jactantiam
3335 2585 3398 2621 ac
3431 2570 3688 2638 forensem
3717 2581 3931 2633 appara
3957 2592 3979 2602 ο

2392 2679 2521 2723 tum.
2558 2682 2720 2735 neque
2753 2666 2824 2718 ad
2851 2665 3196 2732 artiﬁciosam
3237 2662 3567 2714 naturalium
3619 2673 3794 2713 rerum
3820 2671 3980 2709 exco-

2391 2758 2722 2826 gitationem,
2750 2772 2910 2824 neque
2941 2756 3009 2806 ad
3041 2754 3303 2806 linearum
3333 2749 3856 2818 contemplationem,
3880 2759 3979 2798 aut

2392 2845 2731 2898 curiosiorem
2781 2859 3122 2895 numerorum
3167 2841 3594 2908 intelligentiam.
3646 2838 3749 2891 Sed
3809 2852 3983 2905 neque

2393 2942 2467 2988 cst
2499 2935 2546 2986 ei
2581 2935 2758 2986 studio
2807 2934 2944 2984 orbis
2997 2941 3189 2991 motus.
3226 2940 3315 2983 aut
3363 2928 3803 2999 quemadmodum
3832 2929 3984 2980 iner-

2394 3042 2518 3078 rans
2568 3027 2792 3078 mundus
2837 3027 3085 3092 procedat
3136 3029 3275 3076 circa
3335 3022 3516 3074 stellas
3555 3031 3840 3074 errantes:
3889 3023 3984 3073 sed

2397 3132 2556 3186 neque
2600 3128 2717 3168 sunt
2773 3118 2817 3168 ei
2866 3133 3006 3168 cura!
3056 3124 3400 3168 consonantes
3459 3122 3554 3164 aut
3607 3111 3977 3172 semivocales.

718 3203 868 3272 αὐτῷ
893 3202 994 3271 τῆς
1021 3203 1155 3262 νεὼς
1185 3204 1435 3273 ἀτρέμας
1468 3207 1716 3274 εἱστήκει
1749 3205 1824 3275 τῷ
1855 3208 2002 3260 οίακι
2023 3207 2288 3277 τεχνικώ-

2398 3224 2557 3271 neque
2587 3208 2675 3270 qui
2707 3223 2796 3274 per
2826 3223 2914 3258 eas
2943 3206 2998 3272 [it
3047 3221 3233 3256 conccn
3260 3220 3340 3254 us.
3377 3199 3661 3268 Propterea
3689 3202 3798 3254 ha'c
3844 3203 3985 3269 qui-

717 3312 852 3346 τατα
878 3293 1180 3364 χρώμενος.
1211 3296 1367 3348 Ἐστι
1393 3297 1447 3348 δὲ
1480 3292 1541 3350 οὗ
1574 3297 1682 3350 τῶν
1711 3297 1884 3365 λόγων
1911 3300 2003 3351 καὶ
2044 3317 2291 3368 γεωγρα·

721 3391 810 3456 φεῖ
837 3390 936 3449 τλάς
967 3388 1074 3439 τῶν
1102 3388 1514 3458 ἐπαινουμένων
1559 3391 1823 3460 πατρίδας
1867 3396 1964 3463 τῆς
1997 3394 2293 3464 συμπάσης

722 3487 1165 3554 ἀποτεμνόμενος
1202 3488 1328 3554 γῆς,
1371 3488 1466 3539 καὶ
1500 3487 1718 3554 ἀνάγων
1746 3489 1823 3548 είς
1851 3487 1909 3538 ἓν
1939 3486 2046 3538 τῶν
2073 3487 2293 3556 τμημά-

719 3596 848 3631 των.
883 3572 1012 3629 Εἶτα
1062 3578 1241 3635 δὲκαὶ
1275 3579 1404 3646 περὶ
1450 3577 1712 3646 ποταμῶν
1739 3594 1792 3629 τι
1824 3575 2148 3644 φθέγγεται,
2203 3578 2294 3628 καὶ

723 3670 1036 3738 φυσιολογεῖ
1085 3669 1265 3722 αὐτῶν
1320 3672 1414 3732 τας
1470 3671 1666 3738 ἀρχάς,
1697 3669 1791 3720 καὶ
1843 3670 1972 3737 περὶ
2012 3668 2294 3737 εὐκαιρίας

725 3761 954 3825 πόλεων,
993 3762 1086 3813 καὶ
1118 3761 1368 3830 κράσεως
1400 3761 1595 3830 ἀέρων,
1631 3761 1724 3812 καὶ
1749 3759 1909 3828 ὡρῶν
1938 3760 2226 3829 ἁρμονίας,
2247 3762 2294 3811 εἰ

725 3854 820 3906 καὶ
846 3855 944 3920 τὴν
971 3852 1138 3921 ἀκοὴν
1164 3852 1239 3920 τῷ
1271 3851 1384 3904 ὄντι
1419 3851 1673 3918 δυσήκοοι
1702 3851 1796 3902 τοῦ
1826 3851 1934 3904 τῶν
1987 3851 2296 3918 λεγομένων

727 3946 826 3996 οὐκ
850 3944 1154 3996 ἐπαΐουσιν.
1191 3945 1459 3995 ’Ἂπτεται
1505 3944 1561 3996 δὲ
1591 3945 1686 3994 καὶ
1733 3943 2028 4004 πολυειδῶς
2062 3944 2170 3996 τῶν
2204 3943 2296 3995 τοῦ

727 4037 885 4103 λόγου
926 4036 1143 4102 μερῶν·
1191 4036 1256 4087 τά
1306 4037 1402 4104 μὲν
1462 4033 1892 4104 ἁγωνικώτερον,
1927 4035 1996 4087 τα
2023 4035 2080 4086 δὲ
2125 4036 2299 4103 πραό-

729 4145 907 4195 τερον.
954 4128 1062 4193 Τῆς
1108 4127 1163 4178 δὲ
1203 4127 1308 4178 τῶν
1343 4126 1646 4195 διηγήσεων
1679 4127 1896 4195 χάριτος
1937 4126 2018 4188 τίς
2051 4126 2115 4178 ἂν
2151 4126 2299 4194 αὑτῷ

730 4222 841 4271 τῶν
869 4219 1088 4270 πάντων
1129 4217 1601 4288 ἀμφισϐητήσειες
1648 4217 1747 4279 τῆς
1775 4217 1831 4269 δὲ
1875 4218 2168 4286 συνθήκης,
2202 4217 2300 4285 τῆς

731 4313 786 4363 δὲ
832 4312 938 4363 τῶν
978 4311 1200 4380 ῥυθμῶν
1247 4310 1633 4375 ἀναπαύσεως,
1664 4309 1761 4376 τῆς
1820 4310 1875 4362 δὲ
1933 4310 2068 4376 πρὸς
2122 4309 2300 4362 πάντα

736 4403 1068 4472 καταλλήλου
1114 4403 1503 4472 εὐαρμοστίας.
1553 4402 1819 4470 Βούλομαι
1855 4402 1954 4469 μὲν
1986 4397 2079 4452 οὖν
2104 4403 2185 4454 ὅτι
2221 4401 2297 4470 μὴ

741 4493 1020 4561 στωμύλος
1047 4493 1186 4562 ὑπὲρ
1221 4493 1431 4545 ἐκείνου
1477 4492 1918 4558 διαγωνίσεσθαι.
1948 4491 2206 4559 Εὑρίσκω
2243 4492 2299 4544 δὲ

2401 3302 2515 3352 dem
2554 3300 2807 3351 amandat
2841 3308 3098 3367 tanquam
3125 3310 3561 3361 supervacanea;
3600 3309 3986 3362 nonnunquam

2403 3402 2578 3444 tamen
2609 3392 2681 3443 eis
2723 3391 2911 3450 utitur,
2937 3405 3010 3440 ac
3038 3389 3092 3440 in
3120 3396 3348 3453 tempore
3425 3384 3643 3438 Veritati
3675 3393 3852 3436 autent
3883 3386 3987 3435 ad-

2402 3487 2582 3546 ha'ret,
2620 3493 2666 3534 et
2706 3499 2737 3534 a
2771 3481 2908 3551 falso
2932 3480 3119 3533 aliena:
3155 3478 3469 3532 narrationi.
3515 3475 3766 3528 Dictionis
3800 3486 3983 3528 autem

2403 3575 2594 3628 sciebat
2633 3574 2826 3626 multos
2854 3581 3031 3625 modos
3057 3587 3073 3624 .'
3102 3587 3226 3624 usus
3253 3579 3328 3623 est
3358 3578 3534 3622 autem
3559 3584 3617 3620 eo
3650 3568 3738 3636 qui
3762 3568 3988 3634 sufﬁcie-

2405 3669 2491 3720 bat
2517 3669 2583 3718 ad
2619 3666 2942 3718 auditionem
2989 3662 3214 3716 simulet
3245 3663 3494 3715 bonorum
3524 3671 3572 3714 et
3613 3662 3895 3722 malorum,
3933 3673 3984 3710 et

2406 3760 2640 3827 utrisque
2661 3757 2901 3826 partibus
2936 3756 3097 3808 simul
3134 3754 3468 3825 satisfaciens
3499 3769 3518 3808 :
3561 3770 3685 3806 nam
3735 3753 3987 3804 dictionis

2405 3856 2613 3924 quidem
2643 3868 2858 3904 numero
2885 3863 2931 3904 et
2961 3851 3351 3918 pulchritudine
3380 3849 3642 3903 eruditum
3663 3849 3738 3902 sic
3753 3851 3988 3901 attraxit

2407 3946 2724 4005 auditorem,
2768 3954 2814 3995 et
2872 3943 3002 3995 satis
3039 3942 3224 3995 delinit
3257 3943 3556 4010 gratiarum
3585 3940 3837 3994 illecebris
3874 3957 3891 3993 :
3924 3958 3989 3994 eo

2407 4049 2604 4095 autem,
2640 4037 2777 4103 quod
2827 4046 2955 4087 esset
2984 4034 3133 4085 clara
3163 4043 3212 4085 et
3264 4032 3527 4085 luculenta
3557 4033 3749 4096 oratio,
3792 4033 3984 4099 effecit.

2409 4141 2463 4178 ut
2493 4143 2647 4178 aures
2675 4128 3036 4193 imperitorum
3074 4126 3141 4177 ab
3168 4125 3282 4193 ejus
3313 4140 3432 4177 voce
3460 4125 3761 4191 penderent.
3788 4123 3988 4177 Ambos

2409 4228 2586 4270 autem
2618 4218 2820 4269 induxit
2849 4216 3069 4269 breviter
3095 4225 3142 4268 et
3178 4214 3534 4283 probabiliter.
3573 4212 3683 4283 Ego
3711 4222 3891 4265 autem
3922 4229 3992 4264 ne

2409 4310 2540 4362 nihil
2569 4309 2766 4369 dicam,
2803 4307 2978 4360 celans
3011 4306 3150 4375 quod
3174 4306 3242 4358 sit
3277 4321 3397 4358 vero
3425 4306 3618 4369 minus,
3647 4306 3754 4357 scio
3773 4305 3990 4372 quidem

2409 4418 2518 4455 esse
2567 4400 2730 4452 multa
2777 4398 2982 4451 dicendi
3010 4413 3201 4466 genera
3250 4396 3658 4463 pulcherrimas;
3709 4396 3992 4464 perfectio-

2411 4508 2550 4554 rum,
2584 4491 2820 4558 inquam,
2857 4487 3168 4550 Oratorum,
3223 4496 3270 4538 et
3305 4502 3528 4554 quorum
3571 4485 3840 4552 exemplar
3882 4501 3993 4538 non

737 4587 860 4646 τοῦς
895 4586 1086 4651 λόγους
1115 4583 1264 4652 αὐτῷ
1303 4584 1438 4653 μηδὲ
1468 4584 1670 4652 ταύτης
1699 4585 1919 4652 χάριτος
1951 4583 2291 4644 ἀποδέοντας.

2410 4594 2482 4637 est
2516 4583 2666 4651 vulgo
2696 4582 3019 4649 propositum
3055 4582 3125 4631 ad
3173 4579 3492 4630 imitandum
3537 4588 3750 4646 propter
3798 4594 3995 4630 sonum

739 4678 854 4728 ἀλλ’
888 4680 1019 4730 ὅπου
1051 4678 1152 4742 μὲν
1181 4677 1274 4729 καὶ
1298 4677 1359 4728 τὸ
1387 4677 1640 4744 περιττὸν
1668 4675 1910 4745 ἔχοντας,
1939 4677 1996 4726 ἐν
2025 4675 2078 4726 δέ
2105 4691 2165 4742 γε
2197 4680 2306 4738 τοῖς

742 4768 949 4819 πλείοσι
975 4768 1034 4818 τὸ
1066 4767 1260 4836 σεμνὸν
1303 4767 1393 4819 καὶ
1445 4768 1505 4818 τὸ
1556 4766 1800 4833 κόσμιον.
1855 4765 1956 4816 Δύο
1999 4765 2055 4817 δὲ
2105 4764 2306 4827 ταύτας

743 4860 892 4921 ὁδους
926 4858 1074 4926 αὑτῷ
1103 4859 1328 4926 θέμενος
1364 4859 1708 4925 μαρτυρικὴν
1733 4857 2001 4918 ἔνστασιν,
2022 4855 2115 4906 καὶ
2141 4857 2311 4923 ἀσκη-

745 4949 901 5014 τικὴν
937 4947 1253 5016 καρτερίαν,
1284 4946 1464 5015 τρέχει
1521 4947 1618 5014 μὲν
1659 4944 1743 4995 ἐπ’
1788 4946 1990 5014 ἀμφοῖν
2039 4947 2149 4997 τοῖν
2180 4961 2308 4998 στα-

745 5041 916 5101 δίοιν,
972 5041 1030 5090 οὐ
1088 5039 1263 5090 ποδῶν
1311 5037 1591 5105 ὠκύτητι,
1655 5037 1788 5088 άλλα
1849 5039 1982 5103 μετὰ
2037 5036 2312 5104 λογισμῶν

746 5131 1022 5198 ὀξύτητος,
1071 5129 1319 5180 Μάλιστα
1364 5127 1418 5178 δὲ
1478 5127 1567 5178 τὸν
1621 5125 1916 5193 ἀσκητικὸν
1965 5126 2188 5177 διαθέων
2239 5125 2313 5177 δί-

750 5224 908 5273 αυλον
964 5219 1320 5290 εὑτονὼτερος
1381 5217 1575 5271 ἑαυτοῦ
1653 5217 1743 5269 καὶ
1809 5219 2314 5286 ἀγωνοστικώτερος

751 5318 977 5380 γίνεται.
1033 5315 1239 5366 Πιαίνει
1297 5311 1427 5376 γοῦν
1484 5328 1570 5380 μοι
1631 5309 1728 5378 τὴν
1786 5309 1952 5378 ἀκοὴν
1999 5309 2233 5376 ὁπηνίκα
2289 5309 2316 5359 ό

751 5410 903 5474 ὶόγος
946 5407 1091 5474 αὐτῷ
1142 5408 1312 5458 ἄνεισι
1365 5404 1462 5473 μὲν
1510 5402 1634 5471 ὄρη,
1694 5401 1877 5452 ὕπεισι
1931 5401 1985 5451 δὲ
2040 5401 2311 5468 σπήλαια·

753 5503 855 5553 ὑπό
903 5516 958 5550 τε
991 5499 1169 5560 πίτυν,
1227 5499 1258 5566 ἢ
1313 5495 1442 5566 δρῦν
1500 5512 1619 5545 τινα
1664 5493 1872 5555 καθίζει
1920 5494 2008 5543 τὸν
2051 5493 2312 5561 άσκητὴν,

759 5599 852 5646 καὶ
901 5593 1168 5660 σχεδιάζει
1204 5589 1351 5656 αύτῴ
1386 5589 1590 5655 τροφὴν
1644 5586 1740 5652 τὴν
1791 5587 1856 5635 ὲκ
1904 5582 2165 5652 βοτανῶν,
2224 5585 2318 5635 καὶ

755 5687 905 5754 πόμα
937 5685 997 5735 τὸ
1044 5687 1105 5734 ἐκ
1159 5682 1372 5750 πηγῶν.
1430 5678 1772 5746 Περιανθίςει
1820 5675 1926 5745 γάρ
1983 5676 2080 5738 τάς
2135 5677 2316 5728 τοιαύ-

757 5796 849 5840 τας
881 5775 1160 5844 διηγήσεις
1207 5773 1384 5838 λέξεσι
1417 5789 1527 5825 τισι
1567 5771 1628 5822 τὸ
1669 5769 1833 5822 καλὸν
1880 5769 2193 5832 ἀνθούσαις,
2223 5775 2316 5826 καὶ

761 5870 1050 5936 τκγιαὶτων
1103 5867 1359 5919 ττοικίηει
1431 5865 1742 5925 ῥοδωνιαῖς,
1795 5865 1882 5914 κα’·
1940 5861 2012 5923 ὡς
2069 5861 2315 5930 δρώμενα

2413 4685 2458 4728 et
2491 4690 2765 4727 numerum
2797 4671 3054 4724 orationis
3087 4686 3104 4721 :
3132 4670 3549 4736 prwstantiorem
3573 4677 3750 4720 autem
3779 4668 3992 4720 dicendi

2415 4768 2642 4834 formum
2673 4767 2735 4817 iis
2765 4765 2974 4831 scriptis
3004 4778 3119 4830 qua
3153 4775 3461 4828 componere
3488 4768 3768 4822 statuerat,
3816 4762 3996 4811 nescio

2415 4877 2484 4912 an
2513 4860 2790 4928 quisquam
2841 4872 2904 4908 ea:
2941 4854 3180 4906 omnibus
3225 4868 3458 4922 unquam
3495 4849 3824 4918 adaptaverit
3849 4866 3866 4900 :
3899 4853 4002 4902 sed

2416 4962 2462 5005 et
2515 4952 2560 5003 si
2591 4952 2705 5018 quis
2756 4964 2819 5001 ex
2848 4949 2974 5010 illis,
3019 4946 3108 5016 qui
3137 4954 3186 4999 et
3226 4946 3454 4998 dictione
3484 4944 3740 4997 excellunt
3773 4951 3822 4995 et
3853 4959 3946 4996 sen
3967 4973 3998 4982 -

2417 5046 2600 5104 tentia,
2633 5040 2893 5108 ejusmodi
2917 5047 3226 5107 argumenta
3247 5036 3573 5103 suscepisset,
3601 5035 3995 5086 accuratiorem

2418 5135 2622 5204 quidem
2645 5145 2689 5186 et
2713 5131 3121 5184 elaboratiorem
3145 5129 3390 5198 effecisset
3425 5128 3737 5188 orationem,
3772 5128 3867 5179 sed
3886 5143 3998 5178 non

2417 5227 2597 5278 itidem
2624 5225 2740 5277 dico
2761 5221 3088 5274 auditoribus
3110 5229 3476 5288 congruentem
3505 5228 3550 5270 et
3581 5217 3994 5270 conuenientem.

2419 5318 2559 5371 Nam
2597 5328 2642 5370 et
2678 5316 2992 5384 principium
3024 5312 3156 5379 'ejus
3195 5311 3495 5362 orationum
3541 5309 3724 5361 statim
3774 5309 3997 5377 attingit

2419 5410 2730 5476 subjectum,
2767 5415 2815 5458 et
2866 5420 3056 5472 parum
3105 5403 3382 5470 procedens
3432 5402 3653 5454 ostendit
3697 5404 3778 5452 sui
3809 5399 4000 5466 scripti

2420 5515 2652 5566 scopum,
2679 5506 2724 5549 et
2751 5498 2806 5547 in
2833 5494 3098 5547 nonnullis
3128 5493 3448 5545 orationibus
3488 5507 3604 5543 cum
3629 5500 3792 5543 totum
3829 5506 4002 5560 argu-

2421 5598 2652 5642 mentum
2691 5583 2999 5650 recapitulet
3024 5585 3078 5633 in
3125 5595 3408 5641 summam,
3436 5581 3489 5630 id
3510 5579 3690 5637 statim
3736 5577 3788 5628 in
3814 5588 4001 5643 partes

2421 5678 2623 5731 dividit.
2644 5674 2710 5729 Se
2738 5685 2911 5726 autem
2933 5672 3292 5724 accommodat
3317 5671 3546 5737 personis
3563 5677 3610 5720 et
3638 5668 3959 5733 temporibus
3980 5683 4000 5719 :

2422 5779 2469 5821 et
2502 5779 2573 5819 est
2603 5767 2809 5834 quidem
2842 5765 3079 5818 omnibus
3123 5764 3256 5815 idem
3302 5759 3441 5813 color
3486 5759 3759 5819 orationis,
3791 5767 3838 5809 et
3889 5775 3998 5808 una

2428 5862 2652 5925 qualitas
2687 5857 2955 5914 dictionis;
3009 5871 3208 5908 morum
3245 5864 3417 5906 autem
3457 5851 3601 5904 tario
3639 5861 3708 5904 est
3746 5852 3993 5902 mutatio.
