4158 6472
175 439 253 503 117
896 435 992 494 DE
1036 432 1380 494 SCRIPTIS
1415 428 1795 489 SYMEONIS
1836 426 2411 490 METAPIIRASTAE
2454 426 2836 487 DIATRIBA.

3270 424 3372 488 118

170 563 225 609 tl,
248 559 294 602 ut
314 550 505 601 dixerit
537 548 823 617 quispiam,
856 547 1163 615 artiﬁciosa,
1203 563 1304 600 non
1329 550 1421 613 per
1441 557 1610 599 artem
1646 564 1722 599 res

1896 539 2457 609 Ἀγαπητοὶ,ὲγένετο
2483 540 2541 590 ὲν
2580 540 2692 601 τοῖς
2725 538 2899 592 ἔτεσιν
2942 536 3097 607 ήμῶν
3146 538 3285 608 ἀνήρ
3312 556 3396 602 τις

170 652 373 701 mutans,
413 642 505 693 sed
534 641 673 708 quod
702 638 981 708 unicuique
1020 638 1094 691 rei
1119 646 1169 691 et
1200 652 1432 706 persona'
1470 636 1720 689 incidenti

170 730 496 790 conveniebat,
531 731 903 794 interpretans.
938 731 1211 796 Tanquam
1244 736 1421 779 autem
1444 728 1513 777 ad
1540 725 1722 778 arche-

169 835 272 891 typa
300 821 624 886 exemplaria
653 820 722 871 ad
768 835 849 871 res
897 819 1221 886 antiquiores
1267 818 1495 879 intuens,
1538 832 1627 867 nec
1657 816 1720 867 ab

168 914 256 964 illis
286 912 500 975 recedit,
532 928 595 964 ne
627 912 874 963 videatur
924 910 1130 978 aliquid
1168 909 1316 961 aliud
1346 911 1540 979 facere,
1572 919 1618 961 et
1651 909 1721 960 ad

168 1005 412 1064 exemplar
430 1021 634 1072 quoque
665 1013 831 1055 totam
866 1012 1188 1054 transmutat
1237 1003 1443 1053 dicendi
1470 1003 1719 1069 formant,

169 1112 253 1147 non
282 1096 536 1146 diversam
564 1095 763 1163 faciens
802 1093 1107 1155 materiam,
1141 1093 1226 1143 sed
1259 1090 1395 1158 quod
1436 1090 1489 1141 in
1515 1090 1719 1142 dicendi

168 1201 324 1254 genere
351 1194 627 1250 peccatum
680 1192 814 1248 eral,
874 1183 1173 1252 corrigens;
1232 1197 1394 1250 neque
1438 1182 1721 1234 sententias

169 1280 415 1335 innatans,
454 1276 547 1327 sed
592 1289 888 1327 convertens
921 1273 1145 1342 ﬁguram
1180 1274 1418 1325 dictionis
1448 1284 1467 1321 :
1497 1280 1543 1324 et
1566 1270 1612 1322 ei
1636 1270 1721 1321 in-

168 1371 321 1421 cidens
350 1368 528 1419 oratio
561 1369 615 1418 in
638 1366 987 1419 diversitatem
1024 1366 1391 1417 narrationum
1415 1372 1462 1414 et
1493 1364 1722 1414 varieta-

168 1474 252 1513 tem
278 1470 732 1528 argumentorum,
780 1476 881 1511 non
908 1460 1267 1526 confunditur,
1317 1474 1419 1508 non
1449 1457 1720 1523 perturba-

170 1563 257 1613 tur,
276 1552 361 1602 sed
401 1562 657 1619 tauquam
690 1551 915 1615 optimus
962 1550 1299 1619 gubernator,
1333 1565 1450 1600 cum
1495 1548 1541 1601 ei
1578 1547 1723 1601 navis

168 1644 450 1711 agitabatur
494 1643 764 1711 ﬂuctibus,
818 1644 991 1695 stabat
1038 1646 1246 1711 quietus
1296 1642 1500 1693 clavum
1549 1650 1723 1693 tenens

167 1735 594 1801 artiﬁdosissime.
616 1734 784 1788 Porro
807 1740 984 1788 autem
1012 1740 1065 1786 in
1090 1735 1352 1787 nonnullis
1376 1751 1577 1804 quoque
1609 1752 1725 1787 ora-

168 1830 369 1880 tionibus
404 1829 655 1880 describit
694 1829 926 1894 patriam
952 1844 1131 1881 eorum
1170 1830 1258 1889 qui
1315 1828 1621 1891 laudantur,
1655 1828 1721 1879 ab

1825 634 1882 683 ἐν
1916 634 1980 699 τῇ
2010 628 2401 696 Ἀλεξανδρέων
2435 626 2814 696 μεγαλοπόλει.
2860 625 2980 680 Vita
3020 635 3076 681 et
3116 641 3203 681 res
3229 638 3390 698 gestu-

1823 736 1994 777 serva:
2023 719 2115 773 Dei
2137 718 2527 787 Euphrosyme.

1896 809 2174 878 Ἀδριανοῦ
2231 808 2605 878 βασιλεύοντος
2648 807 2803 870 ἔτους
2849 808 3097 862 εἰκοστοῦ
3148 808 3389 877 πρῶτον,

1822 900 2186 961 ἀναλύσαντός
2244 916 2303 950 τε
2373 898 2480 952 ἀπὸ
2528 898 2628 967 τῆς
2677 899 2942 968 ἀνατολῆς
2993 899 3087 950 ἐπὶ
3129 900 3227 961 τὴν
3263 898 3392 951 Ῥώ-

1826 1011 1953 1063 μην.
1989 991 2305 1062 Martyrium
2326 990 2499 1044 sancti
2524 988 2820 1044 Eleutherii
2849 990 3092 1059 episcopi
3115 999 3171 1045 et
3192 989 3391 1043 Altcitzc

1824 1086 2014 1139 matris
2044 1084 2186 1152 ejus.

1894 1173 2306 1233 ’Λναόαίνοντος
2334 1171 2550 1224 Παύλου
2585 1174 2664 1235 είς
2706 1171 2955 1248 Ἰκόνιον,
2978 1173 3115 1243 μετὰ
3152 1174 3249 1243 τὴν
3293 1191 3393 1242 φυ-

1821 1268 1924 1336 γὴν
1986 1268 2085 1333 τὴν
2146 1265 2443 1335 γενομένην
2508 1263 2617 1319 ἀπὸ
2661 1263 3010 1335 Ἀντιοχείας.
3078 1265 3391 1337 Martyrium

1822 1365 2025 1411 sancta:
2049 1355 2285 1410 Theelze.

1897 1447 2074 1517 Ἀπερ
2126 1448 2239 1509 τοῖς
2290 1447 2589 1517 ὀφθαλμοῖς
2641 1450 2801 1519 ἡμῶν
2862 1446 3205 1518 ἐθεασάμεθα
3260 1450 3388 1502 πάν-

1822 1556 1934 1601 τες.
1962 1537 2273 1609 Martyrium
2297 1541 2468 1595 sancti
2496 1541 2726 1610 apostoli
2763 1541 3012 1596 Δηὼ-οε.

1895 1629 2268 1698 Ἀρχαγγέλου
2301 1634 2633 1701 πανήγυρις,
2688 1633 2785 1686 καὶ
2831 1632 2940 1685 τῶν
2989 1632 3196 1685 πιστῶν
3248 1634 3392 1695 ἅπας

1825 1720 2166 1790 εὐφροσύνης
2200 1721 2477 1789 σύλλογος.
2514 1722 2834 1779 Encomium
2876 1724 2932 1778 in
2975 1726 3395 1797 archistrategos

1825 1813 2143 1867 Michaelcm
2176 1823 2231 1868 et
2255 1813 2582 1869 Gabrielem.

167 1938 384 1973 universa
418 1931 564 1972 terra
597 1936 873 1984 separaris,
905 1937 968 1972 ac
986 1921 1241 1973 deducens
1271 1920 1342 1971 ad
1390 1936 1549 1971 unam
1597 1935 1721 1985 par-

1900 1905 2290 1970 Βασι).εύοντος
2322 1907 2659 1977 Λύρηλιανοῦ
2683 1905 2751 1979 ἦν
2772 1910 3070 1980 άθροισμδς
3098 1910 3270 1978 μέγας
3288 1910 3396 1962 τῶν

168 2024 254 2064 tem
282 2029 299 2063 :
324 2013 515 2064 deinde
560 2013 792 2078 loquitur
825 2014 984 2065 etiam
1014 2012 1215 2080 aliquid
1243 2013 1307 2063 de
1332 2010 1639 2075 ﬂuminibus
1665 2027 1726 2063 ac

164 2120 320 2156 eorum
350 2105 630 2169 principiis
662 2106 920 2157 disserens
941 2104 1283 2168 naturaliter,
1303 2113 1351 2156 et
1381 2104 1443 2157 de
1466 2113 1684 2171 opportu
1700 2132 1725 2143 -

165 2197 309 2248 nitate
333 2197 634 2257 civitatum,
657 2208 705 2248 et
733 2196 795 2247 de
818 2197 1189 2260 temperatione
1212 2194 1373 2257 aeris,
1393 2204 1440 2247 et
1477 2195 1539 2247 de
1582 2204 1727 2247 tem-

164 2304 329 2349 purum
361 2289 722 2351 conversione,
746 2288 955 2341 etiamsi
984 2288 1044 2353 ii,
1075 2288 1165 2357 qui
1194 2296 1316 2340 sunt
1353 2286 1501 2356 {119]
1548 2304 1725 2340 revera

164 2380 362 2431 auribus
418 2380 585 2447 paulo
636 2380 976 2442 tardioribus,
1020 2395 1104 2443 ea,
1160 2395 1277 2447 qua:
1321 2381 1589 2443 dicuntur,
1624 2395 1727 2431 non

164 2473 456 2523 exaudiunt.
510 2470 869 2539 Multifariam
903 2487 1105 2540 quoque
1161 2480 1355 2525 tractat
1386 2483 1564 2540 partes
1605 2488 1729 2525 ora-

165 2562 316 2622 tionis,
351 2563 497 2615 alias
546 2563 759 2632 quidem
808 2563 1003 2630 majori
1058 2563 1404 2626 contentione,
1439 2564 1577 2616 alias
1608 2579 1726 2616 vero

162 2651 349 2706 brevius
380 2663 433 2706 et
485 2656 736 2707 sedatius.
786 2652 851 2706 In
900 2653 1075 2722 gratia
1132 2662 1306 2705 autem
1359 2655 1727 2707 narrationum

164 2744 263 2809 quis
292 2760 355 2795 ea:
396 2745 641 2795 omnibus
671 2760 787 2795 cum
821 2759 878 2795 eo
908 2743 1269 2797 contenderit?
1294 2744 1411 2811 quis
1442 2744 1496 2794 in
1523 2759 1729 2811 compo-

163 2835 369 2887 sitione?
394 2836 519 2904 quis
560 2836 614 2886 in
648 2850 982 2886 numerorum
1010 2834 1312 2888 suavitate?
1343 2835 1455 2900 quis
1494 2836 1549 2886 in
1606 2851 1727 2887 cono

164 2930 395 2981 cinnitate
428 2930 486 2980 in
512 2928 754 2980 omnibus
783 2925 1132 2995 congruente?
1158 2925 1326 2994 Atque
1356 2925 1475 2978 nolo
1520 2928 1727 2996 quidem

163 3023 479 3079 contendere.
547 3022 684 3089 quod
736 3036 839 3071 non
883 3019 952 3072 sit
1017 3018 1195 3085 ampla
1248 3028 1294 3071 et
1345 3020 1560 3087 grandis
1616 3020 1728 3088 ejus

164 3115 314 3164 oratio
334 3127 353 3163 :
388 3112 604 3165 invenio
638 3121 812 3163 tamen
832 3111 945 3179 ejus
976 3110 1321 3171 orationibus,
1355 3125 1418 3162 ne
1443 3110 1577 3166 hanc
1597 3112 1726 3180 qui-

160 3205 262 3256 dem
281 3206 459 3257 deesse
496 3204 755 3271 gratiam,
782 3202 871 3254 sed
901 3200 1093 3253 alicubi
1133 3200 1338 3269 quidem
1363 3217 1450 3254 eas
1483 3217 1589 3255 esse
1615 3218 1727 3253 am-
1756 3220 1800 3281 ρ

161 3297 259 3362 ptas
300 3308 347 3347 et
400 3296 786 3355 redundantes,
840 3294 893 3345 in
940 3293 1175 3361 pluribus
1224 3305 1400 3347 autem
1431 3311 1614 3363 graves
1675 3305 1723 3347 et

159 3390 481 3455 compositas.
519 3386 651 3441 Cum
686 3387 782 3438 has
812 3395 985 3437 autem
1005 3386 1137 3437 duas
1159 3386 1269 3438 vias
1287 3386 1383 3438 sibi
1413 3387 1725 3455 proposuis-

156 3489 237 3541 set,
274 3492 582 3547 martyrum
611 3478 983 3537 constantiam.
1010 3485 1058 3529 et
1092 3478 1437 3530 monasticam
1470 3478 1523 3529 in
1562 3493 1726 3530 exer-

158 3574 390 3622 citatione
425 3570 797 3631 tolerantiam,
826 3568 990 3619 currit
1013 3568 1220 3636 quidem
1270 3579 1491 3636 utroque
1526 3571 1720 3633 stadio,

158 3679 242 3714 non
267 3679 385 3715 cum
432 3663 630 3729 pedum
668 3660 995 3726 pernicitate,
1031 3659 1121 3712 sed
1148 3676 1266 3712 cum
1308 3660 1573 3713 celeritate
1604 3676 1727 3713 ora-

158 3757 313 3807 tionis.
352 3755 606 3807 Maxime
632 3764 809 3805 autem
840 3754 1179 3805 monasticunt
1205 3769 1508 3821 percurrens
1553 3754 1725 3807 curri-

156 3848 329 3908 culum,
397 3847 585 3899 evadit
641 3846 809 3912 seipso
869 3845 1125 3897 robustior
1170 3854 1215 3896 et
1261 3846 1445 3914 fortior
1496 3862 1516 3897 :
1567 3862 1725 3899 aures

155 3941 339 4001 quidem
379 3948 529 3990 certe
560 3937 876 4004 impinguat,
909 3937 1118 4003 quando
1157 3935 1271 4003 ejus
1296 3936 1466 3988 oratio
1491 3936 1725 3989 ascendit

154 4031 338 4095 quidem
406 4037 644 4090 montes,
703 4027 836 4079 subit
891 4037 1065 4079 autent
1106 4026 1398 4094 speluncas,
1454 4028 1546 4080 sub
1599 4029 1725 4095 pinu

155 4130 309 4170 autem
357 4129 459 4170 aut
492 4133 696 4186 quercu
735 4116 915 4185 aliqua
943 4115 1161 4168 collocat
1210 4115 1644 4179 Exercitatorem,
1674 4126 1725 4171 et

154 4208 235 4258 rule
262 4208 597 4260 alimentum
646 4214 695 4258 et
747 4205 1110 4270 illaboratam,
1146 4206 1191 4258 ei
1223 4207 1368 4274 offert
1388 4223 1451 4259 ea:
1481 4206 1647 4260 herbis
1676 4217 1725 4261 et

154 4310 312 4365 potum
340 4316 405 4351 ex
436 4297 710 4366 fontibus.
748 4297 1018 4363 Ejusmodi
1047 4298 1305 4350 orationes
1334 4309 1488 4351 ornat
1519 4301 1725 4367 floren~

154 4392 267 4444 tibus
291 4392 523 4459 pulchre
548 4390 930 4453 auditionibus,
966 4399 1014 4441 et
1037 4391 1199 4443 variis
1230 4391 1359 4442 rosis
1392 4389 1723 4457 ﬁgurarum;

152 4494 188 4532 et
216 4499 271 4535 ea
299 4499 419 4551 qua:
462 4492 602 4534 tunc
631 4481 845 4546 fiebant,
889 4480 1037 4547 quasi
1064 4480 1271 4547 subjicit
1312 4480 1493 4531 oculis.
1543 4477 1724 4532 Virum

151 4586 227 4638 ego
272 4570 439 4623 laudo
489 4569 713 4639 quidem
758 4579 969 4636 propter
1017 4568 1273 4636 ejusmodi
1321 4568 1627 4637 facundiam
1678 4577 1725 4621 et
1758 4567 1805 4626 D

151 4662 399 4727 gratiam:
437 4676 554 4712 non
617 4660 789 4710 minus
842 4668 1018 4710 autem
1054 4659 1189 4727 quod
1225 4656 1434 4721 pulchre
1480 4658 1725 4711 tractarit

154 4760 543 4818 argumentum.
585 4749 861 4803 Tenemus
908 4750 1016 4817 jam
1068 4749 1488 4817 Metaphrastem
1524 4766 1537 4802 :
1574 4749 1727 4803 audi-

154 4857 255 4897 mus
293 4842 656 4910 loquentem,
684 4840 975 4909 rejicienda
1012 4840 1193 4909 itaque
1220 4850 1346 4893 sunt
1374 4856 1437 4892 ex
1489 4840 1609 4908 ejus
1640 4854 1726 4893 se-

155 4944 273 4997 gete,
318 4949 450 5001 quae
512 4932 615 4985 ille
665 4931 913 4986 elocutus
979 4946 1090 4984 non
1142 4940 1244 4995 est,
1301 4932 1491 4984 saltem
1521 4932 1723 5000 aliqua.

149 5025 281 5087 Quod
317 5026 474 5079 facili
517 5024 751 5091 negotio
798 5022 1071 5084 succedet,
1109 5022 1153 5076 si
1202 5037 1322 5090 quae
1353 5021 1558 5076 Psellus
1589 5024 1727 5077 scri-

154 5116 257 5180 psit,
307 5118 507 5170 animo
564 5112 986 5183 perpendamus,
1046 5122 1101 5167 et
1160 5128 1283 5167 cum
1322 5113 1439 5168 aliis
1482 5113 1724 5182 ejusdem

154 5209 523 5279 tietaphrastaz
592 5206 867 5269 germanis
930 5207 1317 5276 scriptionibus
1358 5206 1721 5261 conferamus.

153 5294 257 5351 Esto
310 5314 447 5369 ergo
521 5296 773 5351 secunda
812 5295 1001 5349 tabella
1041 5312 1251 5358 eorum,
1291 5311 1408 5364 qum
1449 5296 1725 5350 dissimilis

151 5391 318 5451 oratio,
369 5400 427 5444 et
485 5388 675 5458 stylus
734 5387 1149 5456 Metaphrastem
1206 5397 1482 5457 parentem
1536 5388 1726 5440 nolunt

151 5487 447 5543 agnoscere,
483 5485 547 5531 et
602 5474 649 5528 si
702 5476 875 5541 stylus
910 5477 1095 5538 vellet,
1121 5485 1251 5530 aetas
1298 5477 1409 5544 ipsa
1447 5476 1725 5545 scriptoris

155 5580 241 5618 non
274 5570 510 5635 patitur,
560 5572 627 5618 ut
677 5564 913 5618 breviter
953 5566 1003 5619 in
1054 5568 1129 5620 tui
1178 5567 1424 5635 gratiam,
1455 5568 1543 5620 ubi
1578 5582 1725 5620 com-

155 5661 289 5712 mode
344 5659 465 5713 ﬁeri
540 5656 755 5728 poterit
801 5657 1089 5712 adnotabo.
1146 5660 1270 5713 Haec
1325 5668 1379 5713 tu
1431 5668 1614 5727 postea
1672 5667 1727 5711 et

156 5750 419 5817 industria,
475 5760 537 5805 et
608 5750 780 5819 magis
824 5748 1008 5805 sedulo
1062 5751 1243 5805 studio
1293 5751 1483 5806 melius
1524 5750 1724 5805 discer-

155 5855 250 5893 ΗΕΒ.

1827 1997 2170 2063 Χριστιανῶν
2217 2000 2275 2049 ὲν
2326 2001 2391 2069 τῇ
2445 2000 2801 2069 Νικομηδέων
2846 2000 3019 2055 πόλει.
3081 2000 3395 2073 Martyrium

1827 2088 1999 2141 sancti
2034 2088 2321 2142 Lucilliani
2356 2098 2411 2142 et
2437 2090 2729 2144 sociorum.

1898 2179 2281 2243 Βασιλεύοντος
2340 2179 2434 2233 τοῦ
2512 2183 2833 2252 παρανόμου
2881 2183 2978 2236 καὶ
3031 2183 3394 2238 άσεϐεστάτου

1828 2270 2165 2340 Δύρηλιανοῦ
2192 2273 2249 2323 ἐν
2279 2275 2343 2341 τῇ
2392 2272 2744 2344 πρεσϐυτέρᾳ
2777 2274 2886 2327 τῶν
2931 2275 3143 2328 πόλεων
3182 2275 3392 2346 Ῥώμῃ.

1830 2363 2013 2416 Sancti
2051 2362 2335 2433 Porphyrii
2366 2365 2705 2435 martyrium,
2741 2365 2833 2435 qui
2873 2382 3065 2436 passus
3097 2376 3183 2423 est
3214 2366 3396 2423 Caesa-

1828 2467 1933 2506 reae
1973 2450 2348 2520 Cappadocia.

1898 2542 2021 2595 Blov
2052 2544 2238 2610 καλὸν,
2296 2544 2515 2610 ἀδελφοί
2553 2562 2679 2614 μου,
2732 2545 2994 2615 βούλομαι
3031 2546 3396 2616 διηγήσασθαι

1828 2633 1924 2685 καὶ
1966 2634 2222 2704 ἐνάρετον
2264 2637 2331 2706 τῇ
2368 2637 2527 2705 ἡμῶν
2560 2636 2800 2708 ὁμονοίᾳ.
2836 2636 2957 2691 Vita
3012 2636 3159 2709 [ΕΟ]
3223 2640 3395 2693 sancti

1827 2721 2051 2778 Joannis
2073 2726 2352 2796 Calybitaa.
2376 2726 2432 2780 In
2460 2728 2566 2781 alio
2582 2729 2768 2783 codice
2791 2729 3111 2798 principium
3141 2739 3254 2783 est:
3276 2731 3397 2783 Βέον

1830 2816 1922 2867 καὶ
1970 2815 2124 2884 ἆγιον
2174 2819 2268 2870 καὶ
2304 2818 2605 2887 ἁμόλυντον
2647 2822 2743 2875 καὶ
2787 2821 3040 2893 ἐνάρετον
3080 2821 3274 2891 ἀνδρὸς
3316 2824 3395 2877 δι·

1831 2906 1986 2958 καίου
2017 2906 2275 2978 βούλομαι
2306 2908 2695 2979 διηγήσασθαι.

1902 2997 2172 3067 Βούλομαι
2191 2999 2391 3062 τοίνυν,
2415 3001 2714 3070 ἀγαπητοὶ,
2750 3003 3023 3073 ὑφήγησιν
3057 3005 3267 3074 ἀγαθὴν
3301 3007 3396 3059 καὶ

1830 3092 2086 3160 ἐνάρετον
2122 3091 2488 3162 διηγήσασθαι
2545 3096 2665 3157 ταῖς
2701 3094 2797 3148 τοῦ
2845 3095 2981 3149 Θεοῦ
3020 3097 3392 3165 Ἐκκλησίαις.

1832 3185 2095 3239 Facinora
2126 3195 2181 3240 et
2206 3196 2482 3241 certamen
2516 3198 2830 3242 sanctorum
2884 3188 3048 3243 trium
3104 3204 3395 3258 puerorum

1831 3287 1887 3330 et
1920 3277 2159 3331 Danielis
2180 3280 2482 3347 prophetae.

1903 3369 2211 3440 Διηγήσατὸ
2269 3387 2353 3434 τις
2397 3372 2579 3441 γέρων
2614 3371 2808 3441 μέγας,
2859 3372 2912 3423 ei
2947 3388 3000 3425 τι
3037 3371 3286 3440 Ξενοφῶν
3315 3392 3397 3435 τις

1834 3461 2191 3527 συγκλητικὸς
2223 3460 2362 3530 ὑπὲρ
2394 3462 2573 3513 πᾶσαν
2615 3461 2946 3531 εὐπρέπειαν
2980 3462 3395 3532 ὑπάρχωνΝἰιι

1832 3553 2001 3605 sancti
2033 3552 2417 3622 XenOphontis
2454 3564 2508 3607 et
2532 3554 2825 3607 sociorum.

1902 3646 2207 3715 Διηγήσατό
2239 3662 2322 3708 τις
2374 3644 2548 3708 ἁόϐἇς
2596 3645 2881 3717 Σεραπίων
2931 3646 3191 3716 ὑπάρχων
3240 3648 3298 3700 ὲν
3331 3650 3397 3717 τῇ

1833 3738 2075 3809 ἑσωτέρᾳ
2132 3739 2347 3808 ἐρήμῳ,
2413 3736 2532 3792 Vita
2591 3739 2763 3793 sancti
2820 3739 2983 3794 Marci
3021 3738 3396 3805 Atheniensis,

1832 3830 1924 3900 qui
1952 3830 2006 3884 in
2029 3841 2215 3883 monte
2236 3829 2479 3885 Thraciae
2502 3845 2559 3885 se
2585 3832 2849 3886 exercuit.

1902 3920 2285 3990 Διοκλητιανοῦ
2338 3921 2433 3974 καὶ
2490 3921 2837 3992 Μαξιμιανοῦ
2872 3922 2971 3993 τὴν
3021 3922 3398 3995 αὐτοκράτορα

1844 4010 2138 4081 Ῥωμαίοις
2167 4011 2463 4066 διεπόντων
2492 4014 2691 4086 ἀρχήν.
2723 4014 3039 4085 Martyrium
3069 4017 3243 4072 sancti
3264 4016 3396 4071 Pro—

1832 4119 1998 4174 copu.

1902 4195 2148 4263 Ἐγένετο
2178 4195 2321 4249 κατὰ
2345 4194 2439 4249 τὸν
2463 4197 2653 4266 καιρὸν
2681 4197 2888 4253 ἐκεῖνον
2921 4199 3061 4269 μετὰ
3099 4200 3396 4267 ἑπταετοῦς

1830 4287 2042 4359 χρόνου.
2067 4288 2378 4357 Martyrium
2401 4290 2572 4344 sancti
2607 4289 2887 4359 Stephani.

1900 4375 2150 4442 Ἐγένετό
2179 4393 2263 4440 τις
2292 4377 2432 4447 ἀνὴρ
2472 4379 2530 4430 ὲν
2557 4380 2623 4447 τῇ
2665 4378 3058 4450 Ἀλεξανδρέων
3091 4382 3395 4453 μεγαλοπό-

1828 4468 1911 4522 λει
1937 4469 2075 4539 ἀνὴρ
2097 4469 2323 4535 ἔνδοξος.
2346 4470 2465 4525 Vita
2494 4480 2693 4526 sancta:
2716 4472 3103 4546 Euphrosynat.

1901 4561 2150 4628 Ἐγένετο
2181 4562 2237 4613 ἑν
2266 4563 2386 4623 ταῖς
2423 4560 2658 4631 ἡμέραις
2696 4564 3083 4634 Διοκλητιανοῦ
3110 4566 3204 4620 τοῦ
3238 4568 3395 4639 βασι-

1827 4652 1965 4715 λέως
1995 4652 2256 4723 Ἀνθιμος
2311 4652 2579 4723 ὕπαρχος.
2611 4654 2923 4726 Martyrium
2954 4667 3154 4715 sanctae
3188 4659 3394 4716 Eebnoo

1829 4760 1950 4797 [ηδε.

1896 4832 2146 4901 Ἐγένετο
2200 4833 2341 4903 μετὰ
2393 4833 2456 4886 τὸ
2499 4834 2800 4905 ἀναστῆναι
2849 4837 2939 4890 τὸν
2986 4838 3189 4911 Κύριον
3235 4843 3391 4912 ήμῶν

1841 4923 2045 4991 Ἰησοῦν
2084 4921 2317 4991 Χριστὸν
2366 4923 2430 4976 ὲκ
2478 4924 2688 4993 νεκρῶν
2736 4926 3058 4999 συνήθροισε
3114 4932 3240 4993 τοὺς
3281 4932 3387 4986 δώ,

1825 5016 1974 5068 δεκα.
1998 5014 2131 5068 Acta
2166 5013 2336 5068 sancti
2360 5016 2586 5083 apostoli
2618 5016 2862 5072 Thomaa.

1896 5104 1959 5159 El
1988 5106 2049 5158 ού
2079 5107 2231 5176 τόπῳ
2260 5107 2291 5177 ἢ
2323 5108 2529 5177 χρόνῳ,
2586 5107 2781 5179 γνώμῃ
2829 5109 2888 5165 δὲ
2941 5111 3140 5182 μᾶλλον
3188 5117 3391 5187 στερρᾷ

1828 5197 1921 5249 καὶ
1960 5198 2277 5266 προαιρέσει
2322 5199 2390 5250 τά
2412 5214 2470 5250 τε
2498 5198 2730 5267 μέγιστα
2778 5201 2885 5253 τῶν
2926 5203 3385 5275 κατορθωμάτων.

1828 5287 1948 5342 Vita
1972 5299 2025 5343 et
2052 5290 2308 5342 miracula
2342 5290 2513 5343 sancti
2549 5291 2908 5363 thaumaturgi
2939 5294 3387 5370 Niconis,cogno-

1827 5388 2032 5442 mento,
2063 5380 2432 5433 Paenitentiam
2463 5383 2602 5449 agite

1910 5475 2061 5544 Ἐμοί
2092 5490 2154 5541 γε
2189 5473 2307 5526 λίαν
2345 5475 2443 5543 ἡδὺ
2476 5476 2569 5528 καὶ
2606 5475 2667 5528 τὸ
2702 5479 2825 5548 περὶ
2855 5478 3042 5548 λόγους
3075 5486 3278 5547 πονεῖν,
3305 5481 3388 5549 οἷς

1827 5564 1876 5617 οι
1935 5563 2144 5629 ἀγῶνες
2187 5563 2296 5615 τῶν
2359 5564 2498 5633 ὑπὲρ
2548 5562 2643 5616 τοῦ
2692 5565 2882 5630 καλοῦ,
2912 5570 3005 5620 καὶ
3057 5570 3155 5638 τῆς
3188 5570 3388 5640 ἀρετῆς

1829 5656 2264 5710 σπουδασάντων.
2313 5656 2573 5713 Laudatio
2609 5668 2664 5712 et
2722 5661 3105 5715 miraculorum
3145 5664 3387 5717 narratio

1829 5746 2000 5803 sancti
2027 5746 2175 5800 Pauli
2219 5747 2512 5801 Lati-ensis.

1899 5840 1987 5891 'Ev
2022 5841 2138 5901 ταῖς
2166 5840 2399 5909 ἡμέραις
2438 5840 2673 5905 ὲκείναις
2702 5841 3074 5911 βασιλεύοντος
3106 5843 3197 5897 τοῦ
3232 5847 3351 5899 sita:
3374 5873 3389 5884 -
