4158 6472
722 415 830 478 119

2020 422 2294 482 LEONIS
2334 425 2638 486 ALLATU

3861 426 3973 488 120

723 523 982 577 ϐεστάτου
1016 526 1107 578 καὶ
1140 526 1376 594 μεγάλου
1421 526 1723 584 Θεοδοσίου.
1758 529 1874 584 Vita
1909 533 2080 585 Sancti
2113 531 2292 587 Patris
2322 540 2364 595 Α
2467 534 2577 590 Ἠν
2599 532 2752 602 οὗτος
2777 541 2805 592 6
2851 541 3129 603 Βασίλειος
3165 542 3418 610 κατηχῶν
3453 541 3628 592 πάντα
3676 540 3972 608 ἄνθρωπον

727 615 893 668 nostri
923 616 1308 684 Ampliilocbii.

799 708 886 759 Ἐν
931 709 1049 768 ταῖς
1104 707 1341 777 ἡμέραις
1395 709 1630 771 ἐκείναις
1688 712 1984 782 γενομένου
2020 715 2284 783 διωγμοῦ,

727 801 819 849 καὶ
853 797 1060 848 πολλῶν
1107 797 1352 864 ἀδελφῶν
1395 801 1920 869 προαναιρεθέντων.
1975 804 2288 874 Martyrium

725 899 1032 943 Sanctorum
1065 889 1349 942 Alexandri
1383 900 1437 944 et
1468 891 1779 953 Antonium,

794 983 882 1033 'Ev
914 987 1032 1044 ταῖς
1073 983 1306 1052 ἡμέραις
1340 985 1398 1035 ἐν
1446 979 1536 1047 αἷς
1584 985 1613 1037 6
1655 985 1786 1049 Θεὸς
1835 988 1862 1039 6
1912 988 2132 1057 ἀγαθός.
2172 990 2287 1046 Vita

724 1075 893 1127 sancti
937 1075 974 1126 Α
987 1073 1144 1126 rsenii
1171 1076 1532 1128 anachoretaa.

737 1176 766 1194 ‘
797 1166 886 1218 Ἐν
913 1168 1031 1228 ταῖς
1064 1167 1303 1236 ἡμέραις
1345 1168 1584 1233 ἐκείναις
1621 1169 1869 1238 Ζήνωνος
1895 1169 1988 1223 τοῦ
2024 1170 2290 1240 βασιλέως

726 1255 819 1307 καὶ
873 1255 1175 1324 Γρηγορίου
1243 1257 1486 1327 ἐπάρχου
1539 1258 1708 1314 ὄντων
1775 1262 1832 1312 ἐν
1889 1261 2290 1333 Ἀλεξανδρείᾳ.

729 1343 846 1397 Vita
876 1356 929 1397 et
962 1361 1046 1400 res
1069 1356 1234 1415 gesta:
1266 1357 1468 1401 sancta:
1491 1347 1795 1404 Theodorae
1827 1351 2228 1406 Alexandriam.

802 1439 890 1488 Ἐν
941 1441 1007 1506 τῇ
1066 1438 1452 1508 Χαλκηδονέων
1499 1427 1652 1494 πτόλει
1710 1437 1777 1513 ἦν
1827 1445 2124 1512 ἀθροισμύς
2185 1445 2294 1497 τῶν

735 1529 1094 1596 Χριστιανῶν.
1131 1529 1369 1598 Πρισκὸς
1403 1531 1432 1583 6
1464 1531 1790 1596 ἀνθύπατος.
1823 1535 2137 1605 Martyrium
2171 1553 2296 1590 san-

724 1632 824 1672 cta:
853 1621 1181 1689 Euphemiaz.

799 1713 888 1762 Ἐν
953 1714 1065 1774 τοῖς
1128 1715 1343 1782 καιροῖς
1390 1713 1802 1768 Κωνσταντίνου
1870 1717 1965 1770 τοῦ
2031 1718 2295 1788 βασιλέως

727 1808 1110 1857 ἀκαταστασία
1165 1805 1388 1872 ἐγένετο
1438 1807 1498 1859 ἐν
1534 1811 1600 1879 τῇ
1635 1811 1863 1880 Φρυγίᾳ.
1912 1812 2068 1867 Actio
2119 1813 2295 1868 sancti

727 1897 950 1949 [VzcolaL

797 1988 888 2042 Ἐν
915 1991 1029 2052 rei;
1053 1991 1274 2061 καιροῖς
1290 1990 1386 2045 τσῦ
1409 1991 1934 2065 είκοστοῦ-πέμπτου
1964 1995 2116 2060 ἔτους
2148 1997 2204 2050 ἐν
2225 2000 2291 2068 τῇ

726 2082 1133 2150 εὶκαταστασία
1187 2082 1294 2136 τῶν
1345 2085 1586 2139 εὐσεϐῶν
1638 2086 1865 2156 καιρῶν.
1923 2087 2042 2142 Vita
2119 2089 2292 2144 sancti

727 2174 940 2230 Ι’ίιι)(ξ;Β.

797 2265 886 2314 Ἐν
936 2263 1015 2332 τῷ
1068 2265 1246 2335 καιρῷ
1295 2266 1487 2335 ἐκείνῳ
1544 2266 1923 2335 βασιλεύοντος
1973 2269 2165 2322 Δεκίου
2201 2273 2294 2324 καὶ

728 2357 1088 2426 Παλλεριανοῦ
1116 2358 1224 2410 τῶν
1251 2358 1666 2429 αὐτοκρατόρων
1707 2361 1765 2413 ἐν
1795 2363 1860 2431 τῇ
1896 2363 2109 2435 μεγάλῃ
2139 2363 2294 2417 πόλει

741 2450 1282 2522 ’[³ὡμῃ.ζΜειι·ιγι·ἰυιη
1311 2451 1483 2507 sancti
1516 2451 1772 2507 Mercurii
1793 2451 2057 2508 Caesarea:
2084 2453 2292 2524 Cappa-

725 2545 919 2597 «lucina.

800 2635 898 2690 Ἐν
925 2637 1002 2706 τῷ
1033 2637 1209 2708 καιρῷ
1238 2636 1432 2707 ἐκείνῳ
1465 2635 1554 2688 ὅτε
1587 2636 1828 2697 Σατανᾶς
1855 2635 1958 2690 ὐπὸ
1987 2638 2098 2690 τῶν
2129 2637 2293 2704 ἀξίων

729 2730 893 2783 αὐτοῦ
930 2731 1206 2801 εὐωχεῖτο.
1240 2729 1549 2798 Martyrium
1573 2729 1745 2781 sancti
1776 2727 1942 2784 Dnlm.

801 2818 948 2891 [l‘ll]
979 2822 1070 2873 Ἐν
1097 2820 1170 2889 τῷ
1192 2818 1366 2888 καιρῷ
1385 2816 1481 2870 τοῦ
1508 2817 1746 2887 διωγμοῦ
1765 2819 1857 2870 τοῦ
1881 2819 2022 2873 κατὰ
2039 2820 2147 2874 τῶν
2163 2822 2297 2894 Χρι-

731 2912 964 2964 στιανῶν
995 2907 1068 2982 ἦν
1099 2928 1182 2975 τις
1207 2910 1464 2973 Ἰάκωϐος
1491 2908 1734 2978 ὀνόματι.
1761 2911 2076 2983 Martyrium
2111 2912 2168 2968 S.
2206 2913 2295 2970 Ja-

729 3005 848 3060 cobi
875 3004 1070 3059 Persae.

799 3099 890 3150 Ἐν
920 3100 998 3169 τῷ
1027 3099 1201 3168 καιρῷ
1228 3099 1335 3153 τῶν
1356 3101 1572 3171 ἀνόμων
1619 3098 1952 3170 ὐπερμάχων
2003 3100 2102 3171 τῆς
2139 3101 2295 3153 είδω-

730 3189 1062 3258 λολατρείας.
1106 3190 1417 3262 Martyrium
1472 3198 1788 3246 sanctorum
1825 3189 2048 3255 Justini,
2097 3189 2296 3245 Chari-

732 3282 874 3336 tonis
907 3292 962 3335 ct
991 3284 1283 3337 sociorum.

789 3373 882 3424 Ἐν
911 3374 986 3442 τῷ
1025 3375 1328 3444 τριακοστῷ
1357 3374 1567 3446 ἑϐδόμῳ
1591 3376 1698 3429 ἔτει
1725 3374 1819 3428 τοῦ
1873 3375 2115 3445 διωγμοῦ
2140 3375 2298 3445 ἡμῶν

732 3467 1081 3535 ὀνεκαινίσθη
1111 3468 1267 3526 πάλιν
1292 3469 1358 3521 τὰ
1386 3468 1494 3520 τῶν
1520 3469 1816 3538 συμφορῶν
1867 3467 2044 3537 ἡμῶν.
2101 3467 2298 3538 Marty-

733 3558 871 3608 tium
896 3567 1205 3611 sanctorum
1240 3558 1539 3628 Acepsima:
1585 3560 1846 3632 episcopi,
1898 3557 2122 3614 Joannis
2169 3573 2296 3628 pre.

733 3649 936 3718 shytcci
960 3659 1007 3704 et
1039 3648 1261 3704 Aitbela:
1290 3652 1522 3706 diaconi.

803 3740 930 3792 Ἐπὶ
961 3742 1238 3810 βασιλείας
1278 3744 1468 3795 Δεκίου
1518 3744 1610 3796 τοῦ
1675 3744 1938 3814 βασιλέως
1993 3745 2300 3813 βασιλεύον-

731 3849 822 3894 τος
853 3833 950 3900 τῆς
1005 3833 1243 3903 Ῥώμης,
1302 3835 1639 3906 θεραπευτοῦ
1672 3837 1770 3905 μὲν
1839 3837 1946 3889 τῶν
2005 3837 2296 3905 δαιμόνων.

732 3924 1038 3993 Martyrium
1064 3936 1371 3978 sanctorum
1407 3927 1604 3996 Papyli,
1630 3927 1786 3996 Carpi
1819 3936 1872 3981 et
1913 3927 2222 3997 Agathodis.

810 4017 1002 4078 Ἐτους
1043 4016 1296 4087 δευτέρου
1319 4017 1415 4085 τῆς
1461 4017 1738 4086 βασιλείας
1791 4019 1951 4069 Γαΐου
2009 4017 2298 4086 Γαλλερίου

734 4107 1135 4175 Διοκλητιανοῢ.
1165 4109 1476 4178 Martyrium
1512 4109 1684 4162 sancti
1739 4107 1907 4162 Mena:
1943 4107 2160 4178 Egypti
2207 4107 2299 4177 qui

734 4201 1050 4268 martyrium
1108 4201 1276 4254 subiit
1329 4201 1381 4253 in
1425 4199 1556 4252 urbe
1589 4199 1791 4268 Cotyai.

807 4291 1000 4353 Ἔτους
1032 4290 1400 4343 διακοσιοστοῦ
1431 4288 1522 4342 τοῦ
1549 4291 1798 4359 Σωτῆρος
1826 4289 2003 4358 Ἰησοῦ
2061 4287 2298 4360 Χριστοῦ

745 4381 974 4451 ζήτησις
1029 4382 1124 4434 καὶ
1174 4381 1459 4448 άνεύρεσις
1527 4381 1766 4447 γέγονεν.
1813 4378 2058 4433 Iuventio
2099 4388 2299 4432 sancta:

743 4489 944 4526 (ξτυςιε.

807 4567 1001 4630 Ἐτους
1029 4565 1255 4636 ἑϐδόμου
1285 4566 1384 4635 τῆς
1433 4565 1706 4635 βασιλείας
1746 4565 2113 4634 Μαξιμιανοῦ,
2174 4566 2302 4634 ήγε-
2335 4579 2376 4634 ι)

739 4661 1061 4732 μονεύιντος
1087 4662 1357 4730 Μαξίμου.
1387 4660 1697 4732 Martyrium
1736 4670 2047 4715 sanctorum
2079 4660 2298 4713 Eulam-

735 4754 808 4822 pii
841 4763 895 4807 et
931 4753 1244 4822 Eulampite.

810 4846 1001 4905 Ἕτους
1030 4847 1276 4912 πέμπτου
1308 4845 1402 4914 τῆς
1435 4844 2013 4910 βασιλείσςἸουστίνου
2042 4842 2134 4896 τοῦ
2155 4843 2302 4912 φιλο-

737 4938 958 5006 χρέστου
987 4936 1380 5004 βασιλεύοντος.
1408 4936 1718 5006 Martyrium
1751 4936 1924 4990 sancti
1993 4936 2207 4988 Arethaa
2249 4944 2302 4988 et

735 5030 1023 5093 Sociornm.

807 5113 982 5168 Ἦκεν
1008 5118 1141 5186 ἡμῖν
1173 5119 1204 5186 ἡ
1237 5117 1465 5188 λαμπρὰ
1488 5118 1582 5171 καὶ
1601 5115 1947 5187 χαρμόσυνος
1977 5119 2070 5170 καὶ
2101 5117 2266 5171 ποθου
2284 5143 2302 5156 ·

739 5209 872 5275 μένη
910 5210 1234 5276 πανήγυρις.
1271 5206 1328 5260 in
1385 5210 1897 5279 transportationem
1955 5210 2300 5278 reliquiarum

737 5299 904 5351 “uncti
929 5299 1151 5352 Joannis
1191 5300 1582 5369 Chrysostomi.

807 5385 980 5440 Ἷίκον
1000 5392 1090 5440 ἐπὶ
1119 5391 1185 5441 τὰ
1223 5392 1514 5459 νικητήρια
1549 5391 1615 5443 τὰ
1655 5392 1792 5444 κατὰ
1823 5391 1913 5443 τοῦ
1938 5391 2186 5444 διαϐόλου
2208 5392 2301 5444 καὶ¹

735 5484 779 5531 οἶ
809 5482 951 5545 ἅγιοι
979 5482 1250 5548 μαρτυρες
1275 5481 1594 5550 Νίκανδρος,
1625 5483 1719 5534 καὶ
1740 5483 2077 5551 Μαρκιανὸς.
2109 5481 2302 5552 Marty-

739 5574 875 5624 rium
907 5581 1221 5624 sanctorum
1258 5571 1510 5625 Nicandri
1552 5581 1606 5625 et
1639 5572 1910 5626 Marciani.

805 5657 916 5713 Ἶίν
946 5679 1028 5724 τις
1059 5661 1198 5729 ἀνὴρ
1231 5662 1458 5728 μοναχδς
1488 5662 1709 5732 ὀνόματι
1737 5661 2103 5732 Ἀμφιλόχιος.
2134 5655 2300 5723 Οὗτος

738 5752 948 5812 Fixum;
972 5755 1059 5802 καὶ
1087 5751 1345 5820 θεοσεϐὴς
1379 5752 1642 5820 ὑπῆρχεν.
1683 5752 1801 5806 Vita
1851 5753 2024 5806 sancti
2076 5752 2297 5822 Amphi-

741 5843 896 5896 lucbii
940 5841 1172 5910 cpisr'npi
1216 5842 1526 5896 Icouicnsis.

2393 631 2520 699 περὶ
2550 630 2647 696 τῆς
2671 631 2928 698 ἀληθείας
2956 632 3054 700 τῆς
3076 635 3156 695 είς
3194 634 3450 701 Χριστόν.
3483 633 3802 702 Martyrium
3833 646 3969 684 san-

2392 723 2462 775 cti
2491 721 2670 775 Basilii
2703 725 3022 793 presbyteri.

2463 810 2572 866 'Hv
2603 833 2685 878 τις
2724 819 2860 886 γυνὴ
2888 817 3231 887 φιλόχριστος
3289 819 3513 886 ὀνόματι
3575 815 3791 869 Ἰουλία.
3849 817 3975 867 Vita

2391 907 2809 964 sanctiJoannis
2843 911 3120 975 monachi,
3145 912 3237 981 qui
3265 927 3384 966 sese
3441 911 3496 964 in
3558 919 3785 979 puteum
3826 909 3975 976 inje-

2393 1011 2558 1054 cerat.

2477 1093 2542 1146 'H
2611 1096 2739 1164 περὶ
2821 1096 2930 1148 τῶν
2970 1098 3255 1168 μακαρίων
3338 1096 3550 1165 ἀνδρῶν

2394 1187 2599 1257 γραφή.
2640 1187 2758 1241 Vita
2782 1190 2951 1244 sancti
2993 1188 3392 1260 Xenophontis.

2481 1278 2544 1330 'il
2622 1280 2793 1347 σεπτὴ
2859 1281 2951 1333 καὶ
3009 1281 3384 1352 μεγαλόδωρος
3439 1280 3548 1334 τῶν
3579 1279 3750 1346 ἁγίων
3822 1277 3973 1345 αῦτη

2399 1371 2591 1438 σκηνή.
2625 1370 2878 1424 Miracula
2913 1383 3224 1427 sanctorum
3255 1375 3464 1428 Cosme
3485 1381 3538 1427 et
3591 1371 3854 1426 Damiani.

2465 1459 2768 1527 Θαυμάτων
2799 1460 3050 1529 διήγησιν
3100 1461 3501 1530 προϐάλλεσθαι
3557 1461 3816 1528 σήμερον.
3869 1456 3976 1510 ﬂi-

2400 1551 2579 1602 racnla
2623 1551 2791 1604 sancti
2821 1552 3091 1607 Anastasii
3125 1552 3324 1607 Persae.
3357 1551 3731 1606 Memorantur
3779 1549 3833 1603 in
3878 1563 3977 1604 se-

2402 1644 2564 1712 ptima
2597 1645 2800 1713 synodo
2829 1647 3186 1700 recuruenica.

2485 1735 2765 1805 Ἰεράρχην
2804 1738 2896 1788 καὶ
2941 1737 3184 1807 ὰσκητὴν
3238 1737 3354 1806 ἁμα
3376 1736 3472 1790 καὶ
3533 1733 3767 1805 Χριστοῦ
3827 1731 3979 1802 pip-

2401 1845 2537 1890 τυρα
2574 1827 2753 1896 μόνοις
2782 1828 2846 1879 ἂν
2869 1827 3078 1895 γένοιτο
3093 1828 3334 1882 δυνατόν.
3361 1827 3419 1883 S.
3450 1826 3707 1882 Methodii
3735 1823 3975 1896 patriar-

3631 1095 3762 1165 βίων
3837 1093 3976 1159 ἀνα,-

2326 1917 2366 1972 Β
2395 1919 2512 1975 cba:
2535 1919 3124 1989 Constantinopolitani
3152 1919 3273 1976 Vita
3302 1931 3359 1975 et
3386 1937 3471 1974 res
3501 1930 3686 1991 gestae.

2468 2011 2575 2062 Καὶ
2613 2010 2777 2062 πάλαι
2809 2011 2905 2076 μὲν
2951 2010 3057 2063 τῶν
3104 2011 3246 2065 κατὰ
3287 2011 3421 2062 Θεὸν
3485 2008 3979 2075 πολιτευσαμένων

2399 2101 2426 2152 6
2468 2099 2577 2167 βίος
2603 2099 2887 2168 λυσιτελὴς
2913 2101 3006 2153 καὶ
3020 2099 3313 2169 ὠφέλιμος.
3348 2099 3568 2153 Maximi
3591 2099 3976 2167 Homologeta

2401 2192 2534 2246 Vita.

2466 2283 2661 2347 Καλῶς
2688 2279 2802 2348 οῦν,
2837 2284 3134 2354 ἀγαπητοὶ,
3175 2285 3271 2338 καὶ
3304 2286 3332 2338 6
3362 2283 3521 2355 χορὸς
3550 2285 3579 2336 6
3614 2286 3672 2336 ἐν
3705 2282 3976 2350 Αἰγύπτῳ

2399 2377 2752 2446 μαρτυρήσας
2777 2376 2914 2446 Θεῷ.
2956 2377 3273 2448 Martyrium
3305 2377 3478 2432 sancti
3518 2375 3767 2429 Martiani
3795 2373 3932 2444 Egy
3952 2402 3974 2413 -

2397 2469 2493 2538 ptii
2529 2478 2583 2522 et
2615 2469 2907 2522 sociorum.

2469 2561 2626 2613 Κατὰ
2660 2563 2752 2614 τὸν
2786 2561 2974 2632 καιρὸν
3006 2563 3212 2614 ἐκεῖνον
3232 2556 3300 2630 ἦν
3343 2561 3371 2611 6
3402 2559 3672 2628 μακάριος
3713 2555 3979 2617 Ἰάκωϐος

2395 2649 2560 2702 οἰκῶν
2590 2652 2646 2702 ἐν
2677 2651 2896 2720 Βηλαὸᾔ
2924 2653 2989 2720 τῇ
3016 2651 3185 2702 πόλει.
3214 2648 3522 2718 Martyrium
3557 2647 3730 2707 sancti
3758 2646 3979 2711 Jacobi,

2397 2743 2541 2812 quod
2577 2743 2664 2798 ille
2688 2743 2850 2797 subiit
2880 2743 2933 2797 in
2966 2743 3206 2798 Perside.

2468 2855 2624 2908 Κατὰ
2671 2855 2762 2909 τὸν
2786 2856 2974 2926 καιρὸν
2999 2856 3095 2926 τῆς
3129 2857 3402 2924 βασιλείας
3433 2856 3716 2909 Θεοδοσίου
3749 2853 3840 2907 τοῦ
3877 2851 3978 2921 βα-

2398 2949 2591 3012 σιλέως
2618 2949 2711 3001 καὶ
2737 2949 3022 3018 Ἀρκαδίου
3071 2952 3162 3004 καὶ
3193 2952 3451 3020 ὐνωρίου
3484 2950 3589 3002 τῶν
3620 2949 3750 3003 υίῶν
3777 2945 3977 3001 αὐτοῦ.

2399 3042 2713 3110 Martyrium
2744 3045 2915 3097 sancti
2948 3044 3135 3097 Jacobi
3168 3045 3366 3098 Persae.

2471 3133 2626 3187 Κατὰ
2653 3135 2744 3188 τὸν
2779 3135 2966 3204 καιρὸν
3001 3137 3100 3205 τῆς
3134 3135 3409 3205 βασιλείας
3453 3135 3706 3202 Μαξίμου
3760 3129 3830 3203 ἦν
3886 3149 3977 3194 τις

2323 3251 2366 3308 c
2403 3228 2581 3296 ἱερεὺς
2631 3226 2740 3279 τῶν
2773 3227 3063 3297 Ἐλλήνων.
3100 3227 3411 3298 Martyrium
3440 3227 3498 3280 S.
3543 3226 3826 3288 Susanna}.

2472 3318 2624 3389 [1‘22]
2642 3320 2794 3372 Κατὰ
2810 3319 2935 3382 τοὺς
2953 3320 3174 3387 καιροὺς
3189 3319 3425 3380 ἐκείνους
3453 3317 3726 3370 ἐϐασίλευε
3751 3316 3981 3384 Διοκληο

2401 3411 2582 3473 τιανὸς
2609 3413 2637 3464 6
2675 3411 2954 3480 τύραννος.
2996 3410 3304 3479 Martyrium
3335 3409 3509 3463 sancti
3552 3408 3821 3475 Procoyiii.

2474 3525 2630 3578 Κατὰ
2668 3525 2794 3588 τοὺς
2828 3526 3050 3594 καιροὺς
3091 3524 3386 3594 Γρατιανοῦ
3420 3526 3514 3578 καὶ
3576 3522 3980 3576 Οὐαλεντιανοῦ

2403 3617 2509 3670 τῶν
2525 3618 2952 3689 Αὐτοκρατόρων
2978 3617 3178 3686 συνέϐη
3207 3617 3683 3685 συναθροισθῆναι.
3708 3614 3822 3668 Vita
3846 3630 3982 3667 san-

2403 3711 2474 3764 cti
2503 3709 2675 3764 Patris
2701 3709 2869 3762 nostri
2899 3708 3141 3762 Martini.

2477 3802 2631 3854 Κατὰ
2660 3803 2790 3863 τούς
2833 3801 3056 3870 καιροὺς
3135 3797 3516 3868 Διοκλητιανοῦ
3566 3795 3661 3850 τοῦ
3710 3795 3980 3865 βασιλέως

2407 3891 2497 3942 καὶ
2518 3887 2612 3941 τοῦ
2640 3889 2804 3940 αὐτοῦ
2833 3887 3200 3959 συγκαθέδρου
3230 3885 3610 3940 Γαλλεοιανοῦ.
3656 3884 3979 3954 Martyrium

2405 3988 2606 4034 sancta:
2638 3979 2956 4033 Anastasia.

2477 4091 2633 4144 Κατὰ
2661 4093 2789 4154 τούς
2817 4092 3045 4163 καιροὺς
3085 4093 3326 4154 ἐκείνους
3395 4090 3772 4160 βασιλεύοντος
3833 4092 3984 4143 κατὰ

2407 4181 2754 4251 συγχώρησιν
2804 4181 2896 4234 τοῦ
2966 4182 3224 4250 Χριστοῦ.
3280 4181 3596 4252 Martyrium
3657 4188 3981 4236 sanctorum

2405 4273 2689 4342 Acindyni,
2719 4272 2923 4343 Pegasii
2943 4284 2996 4326 et
3013 4273 3405 4342 Anempodisti.

2476 4363 2632 4415 Κατὰ
2665 4365 2790 4426 τοὺς
2831 4365 3056 4429 καιροὺς
3078 4364 3322 4427 ἐκείνους
3373 4362 3748 4432 βασιλεύοντος
3800 4363 3982 4426 Mair-

2407 4454 2600 4523 μιανοῦ
2627 4454 2719 4506 τοῦ
2768 4457 3085 4526 παρανόμου
3121 4459 3216 4509 καὶ
3246 4457 3636 4510 ὰσεϐεστάτου.
3661 4455 3980 4525 Martyrium

2407 4553 2609 4598 sancta:
2654 4546 2923 4600 Barbarae.

2478 4637 2634 4689 Κατὰ
2661 4638 2790 4698 τούς
2828 4637 3054 4706 καιροὺς
3082 4637 3325 4700 ἐκείνους
3359 4634 3428 4707 ἧν
3469 4653 3553 4698 τις
3614 4637 3754 4707 ἀνὴρ
3797 4639 3854 4690 ἐν
3909 4643 3981 4710 τῇ

2406 4726 2773 4793 Παφλαγόνων
2829 4725 3003 4797 χώρα.
3049 4727 3364 4796 Martyrium
3416 4727 3589 4780 sancti
3664 4727 3980 4782 Mamantis.

2477 4818 2635 4870 Κατὰ
2675 4819 2801 4880 τούς
2862 4820 3082 4888 καιροὺς
3137 4819 3377 4880 ἐκείνους
3423 4819 3517 4872 ἐπὶ
3575 4819 3981 4888 αὐτοκράτορος

2405 4907 2677 4977 Τραϊανοῦ
2719 4903 2786 4977 ἦν
2827 4908 2994 4978 πολλὴ
3039 4908 3226 4977 μανία.
3280 4907 3591 4977 Martyrium
3643 4909 3814 4963 sancti
3871 4909 3981 4964 Ζο-

2405 4997 2542 5050 simi.

2477 5109 2633 5162 Κατὰ
2683 5109 2806 5170 τούς
2835 5110 3060 5178 καιροὺς
3102 5111 3377 5163 Λικιννίου
3433 5109 3528 5163 τοῦ
3582 5109 3844 5180 βασιλέως
3906 5109 3980 5184 ἦν

2405 5203 2645 5270 διωγμὸς
2680 5203 2855 5270 μέγας
2894 5202 3004 5254 τῶν
3050 5204 3413 5271 Χριστιανῶν.
3461 5203 3780 5275 Martyrium
3842 5220 3977 5260 san-

2405 5305 2616 5349 ctorum
2651 5293 3018 5364 Quadraginta
3051 5295 3366 5366 Martyrum.

2476 5385 2633 5440 Κατὰ
2663 5384 2789 5444 τούς
2827 5387 3052 5454 χρόνους
3073 5387 3341 5454 Τραϊανοῦ
3361 5385 3456 5440 τοῦ
3486 5386 3751 5456 βασιλέως
3781 5389 3979 5456 γέγονέ

2404 5495 2486 5541 τις
2519 5480 2676 5550 κόρη.
2721 5481 2836 5536 Vita
2885 5491 2940 5534 et
2985 5481 3302 5552 martyrium
3350 5490 3552 5534 sancta:
3591 5479 3848 5536 Eudociz
3879 5483 3984 5537 Sa-

2408 5573 2706 5626 maritume.

2481 5661 2614 5711 Κατ’
2639 5662 2846 5712 ἐκεῖνον
2879 5661 2969 5714 τον
2994 5661 3183 5730 καιρὸν
3238 5657 3380 5730 ἦμεν
3431 5663 3627 5725 πάντες
3659 5663 3707 5715 oi
3738 5663 3982 5718 ἀπόπτο-

2406 5751 2484 5803 λοι
2505 5753 2562 5803 ἐν
2598 5751 3007 5821 Ἰεροσολύμοις.
3034 5753 3246 5807 Periodi
3273 5753 3444 5807 sancti
3471 5752 3693 5808 Thema!
3719 5756 3976 5823 apostoli.

2481 5845 2614 5894 Κατ’
2649 5846 2851 5896 ἐκεῖνον
2906 5846 2993 5897 τὸν
3029 5847 3218 5909 καιρὸν
3266 5845 3531 5912 Τραϊανοῦ
3576 5844 3664 5897 τοῦ
3713 5845 3980 5911 βασιλέως
