4158 6472
752 400 851 466 127

2049 397 2321 457 LEONIS
2356 399 2665 459 ALLATII

3904 401 4001 463 ηδ

745 534 804 568 τε
834 513 928 566 καὶ
955 509 1235 581 μεγέθους.
1264 505 1577 576 Martyrium
1604 502 1663 558 S.
1691 504 1935 557 Λιιιίιὶιηὶ
1970 505 2211 575 episcopi
2238 505 2330 559 Ni-

2437 521 2556 575 σης.
2619 507 2936 579 Martyrium
2985 509 3042 564 S.
3091 511 3336 581 Gregorii
3399 510 3603 584 Magna:
3658 512 3932 566 Armenia:
3970 520 4021 565 et

746 600 1130 660 comediensis.

823 696 895 747 Οὐ
952 692 1077 757 ξένα
1128 689 1386 741 Γαλατῶν
1412 686 1480 738 τὰ
1510 686 1776 757 παρόντα,
1831 686 1956 739 οὐδὲ
1997 688 2332 757 ὁμολογητοῦ

742 789 839 853 τῆς
879 781 1136 851 ἀληθείας
1170 782 1444 846 ἀλλότρια.
1483 777 1796 847 Martyrium
1852 779 2023 831 sancti
2068 760 2330 833 Platonis.

818 877 892 928 Οὐ
956 874 1185 936 πολλοὺς
1234 874 1506 939 Αἴγυπτος
1534 869 1668 921 ἐπάν
1699 869 1755 921 δὲ
1798 868 1933 940 τέκῃ
1957 906 1969 919 .
2009 866 2130 921 Vita
2159 870 2332 923 sancti

748 963 983 1033 l’arapii.

829 1057 943 1124 Οὐχ
982 1054 1155 1118 οὕτως
1213 1055 1308 1125 ἠδϋ
1357 1053 1433 1119 τῷ
1468 1052 1770 1122 φιλαρέτῳ.
1798 1051 2237 1107 Commentarius
2270 1051 2326 1106 in

748 1157 1002 1202 sanctum
1043 1145 1313 1199 Jacobutn
1398 1142 1860 1212 Adelp‘hotheum.

822 1244 992 1294 Πάλαι
1059 1241 1155 1310 μὲν
1194 1242 1251 1292 ἐν
1299 1239 1491 1300 τύποις
1541 1233 1610 1309 ἦν
1656 1238 1725 1290 τά
1771 1237 1868 1305 τῆς
1935 1235 2172 1299 πίστεως
2239 1238 2335 1291 καὶ

742 1335 1086 1403 αἰνίγμασιν,
1117 1332 1301 1385 Sancti
1333 1330 1573 1401 Dionysii
1596 1328 1937 1399 Areopagitas
1979 1327 2330 1398 martyrium.

806 1426 979 1478 Πάλαι
1031 1422 1130 1492 μὲν
1172 1423 1272 1483 τὰς
1322 1421 1464 1472 κατὰ
1512 1419 1618 1488 γῆν
1658 1416 1948 1485 διατριϐὰς
1996 1415 2250 1478 ἀνύοντες
2283 1416 2333 1467 oi

744 1514 1052 1569 ἀπόστολοι.
1119 1510 1181 1567 1η
1218 1520 1466 1566 sanctum
1496 1508 1802 1579 apostolum
1860 1504 2125 1559 Thomam
2184 1520 2334 1559 com-

746 1608 1072 1662 mentarius.

822 1702 994 1754 Πάλιν
1028 1700 1202 1770 ἠμῖνό
1233 1698 1374 1760 θεῖος
1399 1697 1671 1766 ἐφέστηκε
1712 1697 1996 1767 πρόεδρος,
2032 1696 2127 1747 καὶ
2172 1692 2335 1745 πάλιν

743 1797 774 1847 ὸ
804 1792 959 1857 λόγος
997 1792 1119 1860 ἥκει
1155 1791 1567 1858 πανηγυρὶσων.
1610 1789 1683 1842 De
1709 1789 1884 1842 tribus
1912 1783 2325 1840 inventionibus

746 1884 945 1954 capitis
998 1884 1170 1937 sancti
1200 1882 1428 1937 Joannis
1458 1880 1732 1950 Baptistae.

811 1978 1149 2048 Τυραννικόν
1177 1994 1227 2028 τι
1261 1976 1448 2045 χρῆμα
1475 1975 1745 2028 τεκόντων
1776 1975 2000 2044 στοργὴ,
2031 1974 2125 2028 καὶ
2150 1970 2327 2040 δεσμά

747 2072 986 2135 φύσεως.
1038 2066 1161 2122 Vita
1222 2066 1452 2121 Joannis
1511 2073 1731 2136 propter
1795 2064 2074 2120 Christum
2132 2077 2335 2134 paupe-

750 2164 846 2216 ris.

824 2252 1001 2305 Πολλά
1058 2250 1160 2318 τῆς
1223 2248 1570 2311 διδασκαλίας
1616 2248 1725 2301 τῶν
1757 2247 1816 2301 εὖ
1849 2248 1943 2301 καὶ
1987 2248 2063 2310 ὡς
2098 2245 2218 2317 Θεῷ
2244 2245 2332 2315 φί-

745 2344 833 2395 λον
866 2342 1227 2412 βεϐιωκότων.
1264 2338 1386 2394 Vita
1403 2340 1577 2394 sancti
1608 2339 1920 2394 Charitonis
1941 2339 2329 2408 Homologetas.

837 2435 1012 2504 Πολλὴ
1074 2435 1213 2488 κατὰ
1266 2434 1373 2487 τῶν
1414 2432 1507 2486 τοῦ
1570 2432 1810 2501 Χριστοῦ
1868 2431 2165 2502 μαρτύρων
2221 2429 2316 2484 τοῦ

746 2525 993 2578 διαϐόλου
1031 2526 1062 2594 ἡ
1102 2522 1429 2594 κακουργία.
1471 2522 1782 2593 Martyrium
1838 2522 2011 2577 sancti
2070 2522 2328 2588 Andreae,

745 2618 835 2686 qui
901 2618 953 2671 in
1005 2615 1140 2671 Crisi
1196 2628 1296 2669 est.

822 2711 1036 2763 Πολλῶν
1074 2711 1217 2762 κατὰ
1256 2709 1546 2777 διαφόρους
1604 2708 1829 2777 καιροὺς
1896 2708 2037 2759 κατά
2094 2704 2330 2775 Χριστοῦ

749 2806 845 2856 καὶ
894 2802 1002 2855 τῶν
1057 2802 1265 2855 ἐκείνου
1329 2801 1607 2871 μανέντων
1626 2800 1981 2870 θεραπευτῶν
2008 2800 2331 2867 Διοκλητια-

752 2896 862 2957 νὸς.
900 2896 1218 2966 Martyrium
1252 2904 1569 2947 sanctorum
1595 2891 1899 2946 Sebastiani
1932 2901 1987 2945 et
2028 2892 2325 2957 sociorum,

747 2989 909 3052 Zoés,
943 2987 1334 3056 Tranquillini,
1366 2985 1678 3049 Nicostrati,
1709 2985 1921 3039 Claudii
1939 2985 2199 3049 Castoris,
2246 2982 2333 3036 Ti-

752 3082 939 3143 burtii,
966 3080 1211 3144 Castalii,
1244 3079 1540 3133 Marcellini
1571 3077 1831 3133 etMarci.

830 3173 1040 3243 Πρόϐου
1079 3174 1173 3226 τοῦ
1222 3172 1518 3237 δυσσεϐοῦς
1590 3172 1651 3225 τὸ
1697 3171 1968 3241 βασίλειον
2018 3172 2321 3241 σκῆπτρον,

749 3264 858 3315 τῶν
910 3265 1197 3334 Ῥωμαίων
1219 3262 1515 3327 διέποντος.
1544 3263 1857 3335 Martyrium
1888 3262 1987 3318 SS.
2026 3263 2330 3333 Trophimi,
2361 3256 2405 3278 "

750 3357 991 3409 Sabliatii
1023 3367 1079 3411 ct
1112 3359 1550 3428 Dorymedontis.

825 3448 1117 3515 Σαμόσατα
1143 3449 1297 3511 πόλις
1340 3450 1439 3516 τῆς
1499 3448 1695 3519 Συρίας
1744 3449 1912 3501 ἐστίν’
1946 3448 2237 3518 Εὐφράτης
2268 3451 2333 3520 τῇ

753 3536 904 3588 πόλει
933 3540 1231 3608 παραρῲῖ.
1276 3539 1395 3592 Vita
1428 3548 1483 3593 et
1510 3540 1829 3611 martyrium
1854 3540 2029 3593 sancti
2078 3538 2327 3595 Luciani.

831 3629 1001 3695 Σοφόν
1042 3646 1095 3681 τι
1159 3631 1350 3699 χρῆμα
1408 3631 1704 3700 ζωγράφου
1746 3632 1891 3703 χεὶρ,
1925 3632 2021 3684 καὶ
2048 3632 2193 3701 δεινὴ
2236 3632 2335 3701 μὲν

756 3722 1096 3789 μιμήσασθαι
1126 3721 1225 3792 τὴν
1252 3722 1527 3793 ἀλήθειαν.
1587 3722 1705 3778 Vita
1756 3734 1809 3781 et
1840 3724 1991 3798 [l29]
2034 3742 2121 3782 res
2158 3736 2324 3798 gesta:

754 3815 925 3868 sancti
958 3814 1163 3869 Nicolai
1187 3814 1450 3885 Myrensis
1480 3816 1745 3886 episc0pi.

825 3908 937 3971 Τὰς
993 3908 1100 3961 τῶν
1148 3908 1368 3976 ἀγαθῶν
1422 3910 1630 3979 ἀνδρῶν
1670 3911 2055 3980 άναγράπτους
2092 3910 2336 3964 τίθεσθαι

753 3998 1004 4069 πράξεις,
1040 4002 1133 4053 καὶ
1168 4001 1266 4070 τὴν
1292 3999 1496 4055 τούτων
1523 4004 1766 4073 μνήμην.
1805 4005 1923 4057 Vita
1962 4005 2136 4059 sancti
2168 4003 2337 4059 Joan-

756 4095 840 4147 nis
866 4095 1175 4148 Eleemonis
1208 4096 1532 4163 patriarchae
1554 4096 1932 4151 Alexandrini.

829 4186 907 4256 Τῇ
939 4185 1230 4257 θαυμαστῇ
1275 4187 1426 4240 δυάδι
1471 4187 1579 4241 τῶν
1619 4188 1801 4255 σοφῶν
1844 4188 2198 4260 Ἀναργύρων
2232 4207 2337 4243 πα-

754 4276 875 4345 τρὶς
917 4277 1037 4345 μέν.
1100 4278 1215 4331 Vita
1255 4288 1568 4331 sanctorum
1606 4280 2010 4351 Anargyrorum
2046 4280 2257 4337 Cosmte
2283 4290 2338 4337 et

759 4374 1024 4427 Datniani.

827 4467 939 4535 Τὴν
970 4466 1106 4535 πρὸς
1151 4466 1353 4538 ἀρετὴν
1391 4467 1507 4520 ὁδὸν
1562 4467 1834 4538 φέρουσαν
1871 4471 2136 4539 τραχεῖαν
2171 4464 2333 4535 εἶναι,

2439 597 2736 652 Sociorum.

2508 688 2774 759 Τιμόθεον
2824 694 2920 746 τὸν
2970 694 3144 765 μέγαν
3200 698 3404 767 ἢνεγκε
3460 697 3560 769 μὲν
3617 699 3650 768 ἠ
3698 697 4013 751 Λυκαόνων.

2435 778 2870 839 Commentarius
2924 786 2980 840 in
3028 798 3277 844 sanctum
3321 788 3523 845 Christi
3571 788 3875 858 apostolum
3928 786 4019 841 Ti-

2438 872 2743 926 mothettm.

2507 962 2614 1015 Τοῦ
2646 966 2849 1035 Κυρίου
2893 968 3050 1037 ἡμῶν
3082 968 3257 1038 Ἰησοῦ
3301 970 3540 1041 Χριστοῦ
3588 969 3841 1040 κοινωνίᾳ
3886 984 4019 1036 σαρ-

2436 1054 2550 1120 κὸς,
2605 1056 2632 1109 ὅ
2671 1074 2803 1127 φησι
2846 1060 3077 1125 Παῦλος,
3117 1064 3212 1116 ἐπὶ
3245 1065 3351 1134 γῆς
3391 1062 3815 1134 φιλανθρώπως.
3866 1060 4019 1114 Mar-

2438 1146 2634 1215 tyrium
2689 1158 3003 1205 sanctorum
3057 1150 3277 1224 Thyrsi,
3325 1152 3533 1221 Leucii,
3590 1152 3929 1209 Philemonis
3966 1160 4020 1205 et

2436 1235 2730 1306 Apollonii.

2508 1331 2646 1394 Τούς
2694 1332 3049 1401 εὐλογοῦντάς
3083 1353 3166 1399 σε,
3202 1338 3337 1406 φησι
3365 1337 3503 1406 πρὸς
3551 1337 3646 1389 τὸν
3686 1335 3941 1406 Ἀϐραὰμ
3991 1336 4019 1385 ὀ

2436 1420 2592 1485 Θεὸς,
2624 1424 2925 1494 εὐλογήσω.
2958 1426 3080 1482 Vita
3111 1429 3287 1483 sancti
3319 1428 3533 1499 Cyriaci
3565 1427 3949 1482 Anachoretaa.

2506 1513 2646 1578 Τοὺς
2697 1514 2984 1585 σώφρονας
3025 1518 3119 1571 τὸν
3166 1518 3279 1589 βίον
3346 1518 3444 1571 καὶ
3508 1518 3831 1590 φιλαρέτους
3876 1516 4024 1569 κατά

2435 1603 2665 1673 δύναμιν
2714 1609 2957 1660 ἐπαινεῖν
3007 1611 3155 1663 ὅσιόν
3205 1627 3265 1662 τε
3312 1610 3449 1680 ὁμοῦ
3508 1610 3603 1663 καὶ
3652 1607 4023 1679 ὠφελιμώτα-

2436 1713 2549 1751 τον.
2576 1696 2697 1752 Vita
2727 1709 2781 1752 et
2814 1716 2903 1755 res
2930 1711 3097 1769 gesta:
3135 1700 3193 1756 S.
3234 1703 3517 1757 Matronae.

2511 1788 2780 1857 Τραϊανοῦ
2809 1790 2877 1843 τὰ
2934 1790 3221 1861 Ῥωμαίων
3258 1793 3511 1861 σκῆπτρα
3548 1790 3843 1853 διέποντος.
3902 1788 4025 1844 Vita

2444 1886 2498 1932 et
2527 1880 2843 1950 martyrium
2891 1891 3207 1937 sanctorum
3248 1881 3551 1948 'Eustathii,
3593 1892 3649 1937 et
3676 1882 3798 1953 ejus
3833 1884 4028 1939 uxoria

2445 1968 2803 2039 TheOpistes,
2855 1982 2909 2028 et
2948 1988 3140 2029 eorum
3194 1974 3430 2031 ﬁliorum
3478 1975 3668 2047 Agapii
3724 1984 3781 2030 et
3835 1973 4025 2030 Theo-

2442 2060 2590 2130 pisti.

2514 2153 2785 2223 Τραῐανοῦ
2845 2156 2941 2209 τοῦ
2992 2156 3286 2222 δυσσεϐοῦς
3338 2156 3604 2227 βασιλέως
3667 2156 3864 2228 πολλὴν
3926 2158 4030 2225 μὶν

2443 2246 2704 2315 πρόνοιαν
2768 2248 2861 2300 καλ¹
2916 2250 3176 2320 σπουδήν.
3252 2250 3567 2322 Martyrium
3616 2249 3717 2305 SS.
3770 2249 4028 2312 Eudoxii.

2441 2334 2677 2403 Romuli,
2703 2340 2935 2393 Zenonis
2966 2350 3022 2394 et
3057 2340 3297 2396 Macarii.

2510 2429 2602 2484 26.
2658 2430 2717 2483 '0
2753 2431 2847 2484 τοῦ
2894 2432 3031 2486 Θεοῦ
3091 2433 3223 2496 Θεὸς
3253 2435 3423 2497 Λόγος
3485 2435 3671 2497 άῖδίως
3719 2433 3899 2487 συνὼν
3947 2436 4030 2505 τῷ

2441 2522 2619 2593 ῙΙατρι¹
2669 2525 2763 2576 καὶ
2813 2524 3041 2594 ἀχρονος
3089 2525 3168 2578 ὢν
3215 2525 3409 2579 εἵλετο.
3471 2510 3912 2582 Commentarios
3972 2528 4027 2580 in

2440 2623 2691 2668 sanctum
2727 2615 3034 2682 apostolum
3073 2616 3411 2684 Philippum.

2514 2705 2636 2758 Τῶν
2668 2705 2774 2758 ὐπὸ
2824 2704 3063 2775 Χριστοῦ
3107 2705 3208 2776 τὴν
3240 2707 3465 2777 ἄθλησιν
3511 2708 3803 2777 ἑλομένων,
3841 2710 3890 2762 οἱ
3925 2710 4031 2777 μὲν

2442 2798 2583 2869 ὑπὲρ
2639 2798 2924 2861 εὐσεϐείας
2971 2798 3159 2861 ἁπλῶς
3207 2800 3343 2869 πρὸς
3403 2800 3671 2869 Ἕλληνας
3713 2800 4030 2869 ἠγωνίσαν-

2440 2910 2519 2946 το.
2558 2895 2678 2948 Vita
2702 2894 2879 2947 sancti
2912 2892 3181 2948 Theodori
3214 2892 3403 2965 Grapti
3432 2906 3485 2949 et
3512 2895 3687 2949 sancti
3730 2893 4028 2964 Theopha-

2441 2985 2524 3039 nis
2561 2985 2701 3041 illins
2731 2984 2935 3041 fratris.

2512 3080 2723 3151 Ὤσπερ
2766 3080 2858 3133 ἐπὶ
2898 3079 3009 3132 τῶν
3053 3079 3344 3150 ἀριστέων.
3419 3079 3537 3135 Vita
3574 3080 3743 3135 sancti
3785 3080 4030 3136 Datticlis

2442 3174 2664 3245 Stylitae.

2512 3269 2723 3335 Ὠσπερ
2754 3265 2958 3336 λειμὼν
2994 3268 3225 3338 εὐανθὴς
3252 3271 3521 3334 ποικίλοις
3550 3272 3735 3326 ἀνθεσι
3784 3276 4033 3337 πυκαζό-

2441 3375 2600 3427 μενος
2635 3358 2862 3428 ὼραῖζει
2894 3364 3012 3421 ταῖς
3041 3361 3253 3429 ὀδμαῖς.
3310 3362 3431 3417 Vita
3482 3374 3537 3418 et
3571 3364 3807 3420 laudatio
3846 3382 3967 3420 sant
3990 3370 4030 3421 ti

2436 3446 2613 3502 Patris
2642 3449 2813 3503 nostri
2840 3448 3193 3520 Theophanis
3225 3451 3494 3523 Siagreni.

2513 3541 2676 3604 Ἔτος
2722 3543 2820 3612 μὲν
2861 3545 2968 3598 ἀπὸ
3018 3546 3118 3614 τῆς
3161 3546 3512 3618 Ἀλεξάνδρου
3570 3548 3663 3601 τοῦ
3714 3550 4033 3619 Μακεδόνος

2439 3635 2612 3706 ἀρχῆς
2636 3636 3015 3700 ἑξακοσιοστὸν
3036 3634 3123 3709 ἦν.
3147 3638 3464 3711 Martyrium
3480 3653 3790 3697 sanctorum
3815 3644 4031 3705 Gurizc.

2442 3727 2693 3782 Samonae
2722 3737 2776 3782 et
2806 3729 2983 3789 Abibi,
3024 3739 3078 3783 et
3106 3731 3173 3785 de
3199 3746 3388 3785 eorum
3422 3734 3687 3789 miraculo
3727 3746 3939 3804 patrato
3971 3738 4032 3790 in

2438 3820 2671 3889 puellam
2704 3820 3085 3888 Euphemiam.

2512 3906 2663 3979 [150]
2714 3907 2970 3977 Νέρωνος
3031 3908 3190 3972 αὖθις
3248 3910 3318 3963 τά
3394 3911 3685 3981 Ῥωμαίων
3762 3914 4032 3985 σκῆπτρα

2437 3998 2717 4061 διέποντος
2760 4000 2787 4051 ό
2844 3999 3160 4070 θαυμαστὸς
3216 4001 3513 4074 Ναζάριος.
3571 4002 3691 4059 Vita
3738 4015 3794 4059 et
3841 4018 4033 4062 certa-

2440 4109 2565 4149 men
2644 4102 2958 4148 sanctorum
3028 4095 3282 4163 Nazarii,
3344 4096 3585 4153 Cervasii
3664 4099 3899 4155 Protasii
3968 4114 4031 4156 et

2439 4184 2605 4240 Celsi.
3172 4198 3173 4201 ‘

2511 4280 2741 4350 Μάρκου
2770 4279 3067 4333 Ἀντωνίου
3101 4280 3196 4333 καὶ
3224 4280 3457 4334 Λουκίου
3494 4283 3674 4353 Βήρου
3712 4284 3814 4353 τὴν
3861 4284 4033 4338 αὐτο-

2440 4374 2683 4444 κράτορα
2744 4372 3038 4442 Ῥωμαίοις
3083 4373 3381 4428 διεπόντων
3416 4375 3616 4446 ἀρχήν.
3680 4375 3798 4431 Vita
3830 4384 3887 4431 et
3932 4393 4035 4433 res

2440 4476 2606 4536 gesta
2642 4462 2699 4518 S.
2735 4464 2951 4518 Abercii
2984 4463 3232 4534 Episcopi
3271 4466 3685 4534 Hieropolitani.
3790 4462 3793 4463 ⁷

758 4559 851 4613 καὶ
881 4560 1084 4629 ἀνάντη
1114 4559 1206 4612 καὶ
1243 4560 1463 4630 εὐχερῆ.
1496 4558 1619 4613 Vita
1658 4571 1711 4614 et
1742 4575 1827 4616 res
1863 4571 2030 4631 gestae
2056 4561 2113 4615 S.
2157 4560 2335 4617 Patris

2515 4554 2649 4608 Οὐδὲ
2678 4555 2920 4622 γυναξὶν,
2949 4554 3069 4608 οὐδὲ
3092 4556 3284 4627 κόραις
3316 4558 3376 4610 τὸ
3416 4558 3517 4629 τῆς
3546 4560 3852 4631 μαρτυρίας
3885 4562 4033 4615 ἀπο-

759 4654 927 4707 nostri
961 4652 1239 4707 Joannitii.

829 4742 939 4813 Τὴν
965 4742 1060 4795 τοῦ
1088 4742 1325 4815 Χριστοῦ
1362 4743 1598 4813 ποίμνην
1620 4742 1891 4814 ὁσημέραι
1920 4742 2335 4815 πληθυνομένην

756 4836 783 4886 ὁ
816 4834 1087 4905 δυσμενὴς
1120 4836 1393 4906 καθορῶν.
1450 4835 1764 4907 Martyrium
1814 4836 1985 4891 sancti
2036 4836 2334 4892 Callistrati

756 4939 811 4983 et
841 4930 1136 4988 soeiorum.

829 5021 939 5090 Τῆς
979 5020 1100 5088 ἴσης
1150 5018 1379 5082 ἀτοπίας
1404 5019 1608 5089 νομίζω
1658 5019 1780 5073 τότε
1810 5017 2142 5089 φθέγγεσθαι
2163 5020 2229 5074 τὰ
2260 5020 2335 5092 μὴ

757 5113 967 5168 δέοντα.
1001 5110 1313 5181 Martyrium
1343 5111 1401 5165 S.
1427 5110 1743 5167 Autonomi.

828 5201 949 5273 Τῆς
977 5202 1219 5272 μεγάλης
1245 5203 1453 5266 πόλεως
1499 5201 1887 5274 Ἰεροσολύμων
1925 5203 2031 5257 ὐπδ
2063 5205 2159 5257 τοῦ
2190 5206 2334 5277 Περ-

760 5296 869 5347 σῶν
910 5294 1176 5366 βασιλέως
1201 5295 1459 5366 ἀλούσης.
1503 5295 1817 5368 Martyrium
1861 5299 2034 5352 sancti
2063 5298 2332 5356 Anastasii

757 5389 956 5444 Persae.

827 5482 939 5548 Τῆς
979 5480 1114 5553 πρὸς
1154 5482 1232 5552 τῷ
1273 5482 1489 5553 Λιϐάνῳ
1519 5484 1634 5555 δρει
1683 5487 1939 5559 Φοινίκης
1991 5487 2183 5541 πολλαὶ
2234 5486 2335 5557 μὲν

759 5579 942 5641 πόλεις
970 5577 1155 5648 ἕτεραι
1186 5580 1502 5647 νοτιώτεραι
1528 5618 1543 5644 ,
1584 5580 1679 5633 καὶ
1710 5582 2056 5653 προσάρτιοι.
2112 5578 2234 5634 Vita
2280 5590 2334 5633 et

758 5687 847 5727 res
893 5680 1057 5741 gestae
1085 5681 1140 5726 et
1180 5673 1497 5742 martyrium
1548 5681 1862 5731 sanctorum
1914 5673 2246 5730 Galactimtis
2280 5683 2334 5729 et

760 5762 1085 5835 Epistemes.

830 5855 943 5928 Τῆς
992 5856 1097 5912 τῶν
1150 5858 1372 5931 Περσῶν
1434 5860 1604 5933 ἀρχῆς
1654 5863 1729 5926 εἰς
1792 5860 2005 5932 Πέρσας
2062 5857 2330 5915 διαλυθεί-

2441 4648 2750 4702 κέκλεισται
2786 4649 3014 4705 στάδιον.
3077 4648 3393 4720 Martyrium
3424 4652 3520 4707 SS.
3556 4653 3849 4725 Martyrum
3903 4654 4032 4710 Me-

2439 4741 2692 4805 trodorus,
2724 4738 3118 4811 Nymphodorae
3143 4754 3197 4797 et
3228 4742 3554 4799 Metrodore.

2512 4835 2672 4903 Ἀρτι
2692 4832 2785 4885 τοῦ
2823 4834 3060 4903 μεγάλου
3095 4834 3196 4900 τῆς
3233 4834 3492 4903 ἀληθείας
3531 4835 3923 4905 εὐαγγελιστοῦ
3961 4859 4031 4895 τε

2436 4927 2530 4981 καὶ
2557 4927 2820 4997 κήρυκος.
2852 4925 3166 4996 Martyrium
3192 4924 3251 4980 S.
3276 4925 3513 4982 Theclaa.

2508 5020 2684 5074 [Ιολλά
2730 5019 2825 5073 καὶ
2878 5018 3093 5088 μεγάλα
3135 5037 3210 5089 με
3258 5019 3356 5091 τὴν
3407 5022 3679 5092 Ἀντιόχου
3714 5022 4031 5093 θαυμάζειν

2436 5111 2866 5183 παρακαλοῦσιν.
2938 5109 3063 5165 Vita
3109 5120 3166 5166 et
3224 5126 3313 5167 res
3362 5122 3540 5182 gesta:
3584 5123 3642 5169 et
3695 5115 4027 5186 martyrium

2436 5214 2749 5259 sanctorum
2782 5202 3034 5275 Cypriani
3065 5212 3120 5258 et
3144 5202 3393 5259 Justinaa.

2509 5298 2575 5352 Et
2615 5298 2731 5352 haec
2775 5297 2996 5365 quidem
3035 5310 3136 5365 pro
3167 5296 3311 5351 Vitis~
3345 5304 3660 5351 sanetorum
3704 5299 3836 5354 satis
3876 5301 4021 5357 sint.

2434 5389 2639 5445 Verum
2668 5387 3088 5458 Melaphrastem
3118 5396 3315 5457 praeter
3358 5390 3456 5443 has
3493 5399 3805 5445 sanctorum
3840 5392 4027 5461 Vitas,

2436 5483 2537 5537 alia
2568 5497 2786 5551 quoque
2809 5480 3094 5550 scripsisse
3125 5489 3323 5550 preter
3346 5480 3397 5535 id
3426 5483 3570 5551 quod
3603 5484 3779 5538 innuit
3801 5485 4029 5544 Psellus

2437 5577 2494 5631 in
2534 5577 2655 5646 ejus
2696 5574 3029 5629 laudatione.
3065 5574 3156 5638 Ὠς
3182 5576 3231 5629 ει
3269 5577 3363 5631 και
3398 5564 3566 5649 μήδὲν
3596 5580 3722 5634 ἄλλο
3751 5581 3828 5651 τῷ
3860 5584 4027 5653 ἀνδρὶ

2396 5692 2399 5695 ι
2436 5667 2846 5732 διεσπούδαστο,
2905 5668 3028 5739 μηδ’
3068 5669 3392 5740 ἀποχρῶντα
3435 5671 3667 5727 siina
3699 5675 4024 5745 σύμπαντα,

2438 5764 2534 5817 καὶ
2572 5762 2911 5815 καθέκαστον
2942 5762 3079 5835 πρὸς
3120 5764 3376 5836 ἀφορμὴν
3404 5766 3681 5838 εὐφημίας
3715 5769 4025 5840 ἀρκοῦντα·

2439 5856 2574 5914 ἀλλὰ
2611 5856 2669 5910 τό
2698 5874 2758 5925 γε
2800 5855 3037 5910 τοιοῦτον
3066 5855 3281 5915 ἑλέσθαι
3317 5860 3660 5925 σπούδασαα,
3711 5864 3805 5919 καὶ
3843 5862 4030 5930 οὕτως
