4158 6472
155 470 222 531 li’fl
768 463 865 523 DE
910 460 1256 521 SCRIP’l‘lS
1294 456 1674 517 SYMEONIS
1716 455 2298 515 METAPHRAST/E
2339 456 2730 516 DIATREBA.

3240 454 3343 519 130

148 570 534 643 κωταπράεασθαί
568 586 626 622 τε
657 570 754 621 καὶ
789 568 1227 639 ἀκριϐώσασθαι,
1252 568 1523 635 αὐταρκὲς
1546 567 1667 619 ἀντὶ
1693 571 1745 631 Α
1772 580 1790 620 t

1706 571 1745 631 Α
1772 566 2099 635 composuit,
2128 581 2361 635 quarum
2398 566 2683 618 nonnullae
2723 565 2865 619 inter
2896 563 3142 621 llituales
3197 567 3348 622 Ora:-

152 667 293 727 me;
338 662 495 715 ἀλλου
548 660 685 731 πρὸς
733 660 1008 729 ἐγκώμιον
1050 660 1126 729 τῷ
1176 659 1351 726 ἀνδρί.
1403 657 1657 721 Quocirca

150 762 297 815 ttiamsi
342 758 474 810 nihil
512 757 665 809 aliud
712 756 825 807 viro
872 754 950 806 illi
988 754 1167 823 fuisset
1211 750 1563 813 elaboratum,
1596 766 1659 802 ac

149 867 218 903 non
241 849 330 900 alia
348 848 543 909 omnia,
577 860 693 914 quce
721 844 797 897 vel
817 843 1027 913 singula
1056 842 1325 912 sufﬁciunt
1353 840 1421 892 ad
1451 840 1661 893 tandem

150 937 489 998 conciliandam,
537 950 664 1001 Opus
706 942 881 985 tamen
927 931 1032 984 tale
1072 930 1320 998 incepisse
1343 971 1357 994 ,
1393 939 1439 980 et
1467 928 1519 979 id
1551 938 1661 979 tant

148 1030 338 1099 praclare
362 1028 593 1096 eﬁ'ectum
622 1026 924 1105 reddidisse,
968 1024 1079 1075 viro
1106 1038 1319 1091 prorsus
1348 1022 1418 1073 ad
1454 1020 1662 1072 laudem

150 1122 361 1190 iniecerit.
402 1116 550 1171 Nulli
592 1116 817 1171 dubium
844 1130 962 1169 esse
996 1114 1175 1180 debet,
1219 1114 1305 1168 cui
1355 1111 1663 1166 manuari-

150 1227 211 1285 pta
254 1223 472 1267 veterum
519 1211 776 1265 evolvere
828 1208 1121 1277 aliquando
1172 1208 1341 1261 licuit.
1405 1206 1481 1258 Ex
1524 1205 1665 1257 illius

150 1308 253 1361 enim
287 1303 613 1359 orationibus
648 1302 705 1354 in
748 1301 880 1354 alias
920 1315 1135 1369 quoque
1165 1298 1391 1364 Christi,
1425 1297 1665 1366 Deipara:

150 1407 187 1451 et
222 1397 415 1449 aliorum
469 1402 783 1448 sanctorum
817 1390 1141 1445 festivitates
1170 1390 1350 1443 adhuc
1379 1398 1662 1459 superant,

150 1502 246 1557 quas
272 1488 369 1556 ipse
413 1484 670 1538 viderim.
722 1483 772 1535 1.
816 1480 1019 1545 Oratio,
1064 1482 1157 1543 Είς
1198 1481 1289 1532 τὸν
1338 1480 1534 1550 θρῆνον
1565 1482 1663 1550 τῆς

149 1580 391 1648 inputa;
417 1578 708 1642 Θεοτόκου,
746 1575 835 1629 ὅτε
879 1574 1222 1644 πριεπλάκη
1257 1574 1318 1625 τὸ
1361 1574 1519 1641 σῶμα
1567 1575 1662 1627 τοῦ

148 1671 299 1739 Κυρίου
323 1668 471 1738 ἡμῶν
512 1667 688 1737 Ἰησοῦ
720 1665 983 1736 Χριστοῦ.
1036 1664 1100 1718 In
1152 1666 1422 1735 lugubrem
1468 1665 1664 1718 lamen-

148 1766 339 1814 tationem
382 1762 725 1813 sanctissima:
759 1758 1023 1826 Deipartc,
1065 1774 1182 1810 cum
1224 1774 1411 1825 corpus
1452 1757 1664 1810 Domini

146 1855 265 1907 nostri
298 1853 409 1906 Jesu
454 1851 650 1906 Christi
690 1850 961 1918 complexa
1018 1860 1111 1903 est.
1144 1848 1205 1901 P.
1255 1848 1426 1902 Τοῦτο
1457 1851 1658 1915 ἐκεῖνο,

1765 659 2131 712 corumlibros
2148 667 2506 727 reponuntur.
2535 658 2748 727 1.Εὐχὴ
2773 675 2845 727 πρ
2897 659 2991 727 τῆς
3010 660 3163 729 ἱερᾶς
3181 676 3351 729 μετα-

1764 749 1999 819 λήψεως.
2069 749 2256 802 Preces
2310 760 2433 801 ante
2479 764 2720 802 sanctam
2768 748 3223 805 Communionem.
3284 752 3345 807 Ρ.

1775 841 1836 892 '0
1860 842 2020 911 μόνος
2050 840 2291 911 καθαρὸς
2325 841 2416 892 καὶ
2444 840 2743 909 ἀκήρατος,
2774 841 2966 909 Κύριε,
3000 846 3026 893 ὁ
3054 843 3120 894 δι’
3161 840 3347 895 οἶκτον

1767 935 2202 1006 φιλανθρωπίας.
2246 936 2298 989 2.
2356 936 2551 1005 Ἑτέρα
2596 936 2729 1005 εὐχὴ
2804 938 2890 988 διὰ
2943 936 3161 1007 στίχων.
3218 938 3353 991 Aliae

1765 1050 1940 1103 preces
1975 1034 2228 1086 carmine.
2255 1032 2315 1085 P.
2352 1026 2782 1103 θεουργὸναῖμα
2822 1031 3033 1101 φρῖξαν,
3069 1033 3350 1103 ἄνθρωπε,

1765 1126 1999 1196 βλέπων.
2044 1125 2096 1177 5.
2156 1124 2351 1193 Ἑτέρα
2402 1124 2489 1175 διὰ
2546 1124 2763 1193 στίχων.
2807 1125 2935 1178 Aliae
2967 1128 3219 1179 carmine.
3282 1128 3341 1181 Ρ.

1768 1214 1933 1279 Αὖθις
1997 1218 2053 1270 δὲ
2090 1216 2224 1287 πρὸς
2260 1216 2476 1286 μέθεξιν
2512 1215 2576 1268 ἂν
2623 1219 2809 1286 καιρὸς
2843 1219 3018 1287 φέρει.
3074 1218 3127 1271 4.
3167 1219 3347 1288 Στίχοι

1772 1309 1909 1378 μετὰ
1940 1309 2037 1375 τὴν
2070 1306 2232 1373 ἀγίαν
2285 1306 2614 1375 μετάλῆεζλιν.
2653 1306 2905 1359 Carmina
2947 1317 3061 1376 post
3109 1319 3353 1362 sanctam

1766 1396 2216 1452 Communionem.
2253 1396 2311 1449 P.
2353 1393 2524 1459 Εἶδες,
2560 1396 2839 1465 ἄνθρωπε,
2872 1398 2980 1448 τῶν
3018 1398 3345 1467 σπλάγχνων

1766 1490 1931 1544 ἔνδον.
1966 1490 2017 1543 5.
2051 1490 2480 1558 Εὐχαριστήριοι
2509 1488 2681 1555 στίχοι
2712 1489 2789 1549 εἰς
2818 1488 2879 1540 τὸ
2925 1488 3075 1541 αὑτό.
3104 1489 3167 1543 In
3202 1469 3344 1543 idern

1765 1591 2134 1651 argumentum
2206 1584 2496 1644 carmina,
2572 1580 2760 1649 quibus
2835 1583 3040 1650 gratias
3097 1584 3229 1652 agit.
3287 1583 3350 1639 P.

1765 1675 1960 1744 Κύριε,
2018 1674 2153 1739 ζωὴ,
2201 1673 2511 1742 εὐχαριστῶ
2545 1688 2625 1723 σοι
2653 1673 2891 1741 τρέμων.
2925 1672 2978 1726 6.
3020 1673 3211 1742 Ἑτέρα
3268 1676 3351 1736 είς

1762 1768 1823 1818 τὸ
1846 1766 1978 1817 αὐτὸ
2005 1766 2091 1817 διὰ
2112 1764 2333 1833 στίχων.
2366 1762 2503 1814 Alia:
2554 1764 2787 1816 carmine
2816 1765 2870 1817 in
2900 1764 3033 1817 idem
3075 1781 3355 1834 arguntenu

1767 1872 1897 1915 tum.
1940 1857 2000 1913 Ρ.
2037 1859 2096 1911 Ὀ
2126 1858 2248 1920 δοὺς
2305 1857 2513 1927 τροφήν
2552 1874 2640 1926 μοι
2678 1858 2855 1925 σάρκα
2905 1858 3004 1926 σὴν
3058 1859 3346 1921 ἑκουσίως.

147 1945 388 2011 ἴλυκῧτιτε
428 1942 638 2014 Ἰησοῦ,
676 1945 736 1994 τὸ
790 1942 917 2003 τοὺς
946 1944 1010 1993 ὲκ
1042 1940 1302 2011 Περσίδος
1327 1941 1663 2010 ἀφιγμένους
1700 1939 1737 1991 Β
1768 1955 1819 2008 Ἰ.
1862 1954 2007 2022 nam
2058 1950 2511 2021 ἐξομολογητικὴ,
2554 1951 2619 2020 ἥν
2674 1948 2910 2017 ὀφείλεις
2951 1948 3071 2002 καθ’
3132 1952 3349 2021 ἡμέραν

145 2045 199 2103 εἰς
231 2042 473 2110 Βηθλεέμ.
525 2038 708 2093 Oratio
736 2039 967 2092 nimium
1002 2047 1187 2091 tenera
1218 2046 1300 2091 est
1330 2047 1492 2107 atque
1533 2037 1663 2092 alle-

145 2134 293 2201 ctibus,
334 2136 504 2203 iisque
548 2132 770 2196 divinis,
820 2131 1001 2201 plena,
1052 2146 1173 2198 quae
1221 2130 1302 2184 vel
1336 2132 1507 2200 glacie
1548 2130 1664 2200 ipsa

144 2228 411 2296 lrigidiorem
462 2236 521 2280 et
565 2224 752 2294 calybe
804 2224 1078 2277 duriorem
1108 2221 1472 2287 excaliecerit,
1504 2233 1665 2292 atque

143 2319 424 2371 emolliverit.
486 2316 541 2371 Ξ.
586 2316 721 2386 Περὶ
768 2317 866 2385 τῆς
924 2315 1210 2384 ζωηφόρου
1269 2314 1527 2385 τελευτῆς
1572 2318 1664 2369 καὶ

144 2414 463 2480 μεταστάσεως
495 2413 595 2483 τῆς
625 2411 912 2464 Θερτόκου.
982 2411 1057 2465 De
1097 2411 1377 2481 salutifero
1409 2413 1577 2477 obitu,
1617 2422 1665 2465 et

142 2507 315 2558 transitu
356 2505 621 2571 Deipnraz.
659 2503 719 2558 P.
773 2504 877 2556 Τὸν
930 2503 1121 2572 καιρὸν
1149 2504 1247 2571 τῆς
1284 2504 1665 2574 Πεντηκοστῆς

142 2600 172 2645 si
215 2595 497 2648 ’Δπόστολοι
533 2596 632 2665 τῆς
670 2594 841 2656 Θείας.
871 2595 923 2647 5.
968 2594 1139 2661 Λόγος
1170 2594 1558 2663 διαλαμϐάνων
1598 2597 1666 2648 τὰ

138 2689 214 2740 ἀπὺ
249 2689 334 2757 τῆς
371 2688 678 2756 σεδασμίας
711 2688 1041 2757 γεννήσεως,
1072 2689 1167 2739 καὶ
1217 2689 1532 2757 ἀνατροφῆς
1565 2690 1663 2757 τῆς

142 2782 390 2850 imparia;
425 2779 731 2850 Δεσποίνης
767 2779 923 2848 ἡμῶν
946 2779 1234 2843 Θεοτόκου,
1291 2780 1390 2848 τῆς
1442 2780 1664 2849 θεοπρεο

141 2874 237 2935 ποῦς
262 2891 311 2926 τε
338 2874 650 2942 γεννήσεως
690 2872 929 2942 Χριστοῦ
961 2871 1053 2924 τοῦ
1084 2871 1219 2924 Θεοῦ
1250 2872 1423 2940 ἡμῶν,
1453 2873 1546 2925 καὶ
1567 2876 1664 2926 ὅσα

144 2968 260 3033 μέχρι
303 2966 393 3034 τῆς
451 2964 743 3035 ζωηφὸρου
798 2964 967 3033 αὐτῆς
1022 2962 1326 3033 συνέδραμε
1384 2966 1662 3034 τελευτῆς,

140 3058 309 3123 προσέτι
355 3060 447 3109 καὶ
474 3057 606 3126 περὶ
634 3056 735 3124 τῆς
765 3055 1122 3125 φανερώσεως
1160 3056 1259 3124 τῆς
1286 3057 1473 3124 τιμίας
1498 3058 1665 3125 αὐτῆς

142 3148 330 3217 ὶεϐῆτος,
363 3150 458 3201 καὶ
490 3150 641 3210 ὅπως
660 3151 688 3201 ὁ
713 3148 888 3217 μέγας
918 3142 1069 3208 οὗτος
1098 3147 1371 3216 θησαυρὸς
1400 3148 1662 3215 Χριστια-

140 3242 213 3299 vui;
232 3240 660 3309 τεθησαυρισται.
698 3238 884 3291 Oratio
916 3239 1179 3289 continens
1204 3253 1285 3298 ea,
1312 3252 1426 3305 qua'
1454 3255 1485 3288 a
1512 3253 1663 3289 uene-

140 3328 264 3380 randa
302 3330 598 3392 nativitate,
645 3338 694 3380 et
724 3329 1031 3380 educatione
1062 3328 1408 3379 sanctissimw
1431 3326 1667 3380 Domina:

139 3432 277 3473 nostra
316 3421 559 3489 Deipara:
584 3462 599 3483 ,
659 3436 857 3473 necnon
911 3419 1109 3472 Christi
1140 3419 1238 3471 Dei
1277 3420 1439 3471 nostri
1479 3419 1668 3471 divina?

139 3514 351 3566 maritate
382 3530 549 3583 usque
583 3514 656 3565 ad
685 3512 842 3579 ﬁnem
874 3513 993 3565 vita:
1020 3511 1245 3581 Virginis
1273 3513 1550 3582 contigere.
1586 3512 1669 3564 Ad

139 3604 212 3656 hac
237 3608 289 3658 de
310 3607 627 3658 reuelatione
654 3605 894 3672 pretiosa:
934 3603 1075 3655 illius
1108 3604 1282 3667 vestis,
1322 3613 1369 3655 et
1413 3606 1669 3672 quomodo

138 3713 302 3766 magnus
351 3699 431 3751 hic
475 3699 763 3751 thesaurus
808 3695 1123 3750 Christianis
1187 3705 1520 3749 conservatus
1573 3705 1667 3749 est.

142 3786 179 3837 P.
206 3787 379 3859 Ἐχρῆν
411 3789 637 3858 ἀληθῶς
675 3790 774 3858 τὴν
796 3786 1096 3857 Παρθένον,
1130 3786 1319 3857 ῶσπερ
1350 3786 1487 3857 αὑτὴ
1535 3787 1668 3839 Θεοῦ

140 3879 233 3944 πρὸς
276 3880 601 3950 ἀνθρώπους
658 3880 945 3948 ὲπιφοιτᾷν
1008 3878 1317 3947 μέλλοντος.
1391 3878 1672 3932 Laudatur

139 3983 298 4038 quoque
334 3987 363 4024 a
416 3971 695 4026 Michaele
734 3971 897 4040 Glyca
930 3971 1155 4039 epistola
1186 3970 1256 4022 2'2
1286 3971 1340 4023 in
1373 3970 1552 4025 indice
1591 3969 1674 4022 Bi-

139 4058 365 4117 bliotheca
391 4062 699 4117 Siortiana:
733 4064 789 4116 in
829 4063 1002 4117 classe
1046 4063 1396 4132 physicorum
1437 4062 1488 4116 i.
1535 4061 1670 4116 Cod.

141 4149 185 4203 23
215 4152 336 4208 inter
385 4156 495 4209 alia
554 4162 922 4208 recensentur
960 4154 1234 4207 orationes
1288 4153 1673 4208 ecclesiasticae

142 4240 364 4309 Smeonis
430 4247 845 4316 Metaphrastze.
917 4244 1175 4310 Quaenam
1242 4245 1374 4315 ipsa:
1444 4245 1670 4312 fuerint,

141 4330 270 4386 dicent
294 4335 403 4389 alii.
444 4335 568 4405 Ego
601 4349 699 4388 eas
727 4349 835 4387 non
867 4333 996 4386 vidi.

186 4423 298 4498 ’1511
325 4428 434 4481 Nec
464 4429 631 4483 hisce
662 4435 956 4481 contentus
989 4428 1243 4499 pleraque
1290 4427 1393 4481 alia
1425 4425 1670 4496 scripsit,

140 4536 219 4585 qua
242 4523 367 4575 inter
412 4522 556 4575 alias
591 4518 993 4573 ecclesiasticas
1038 4521 1319 4574 cautiones
1370 4520 1666 4584 Christiani

1768 2048 2118 2117 ἀμεταθέτως
2149 2046 2327 2112 λέγειν
2372 2044 2505 2113 πρὸς
2552 2044 2648 2111 τὴν
2704 2044 3011 2113 ὑπεραγίαν
3061 2044 3348 2110 Θεοτόκον,

1769 2140 1861 2190 ἐὰν
1885 2136 2054 2206 ποθῇς
2076 2139 2131 2187 ὲν
2163 2138 2229 2205 τῇ
2253 2134 2373 2205 ὥρα
2392 2132 2485 2186 τοῦ
2513 2135 3013 2205 ψυχορῤαγήματός
3035 2152 3126 2186 σου
3150 2135 3353 2187 ἰδέσθαι

1767 2230 1958 2297 αὐτὴν,
1980 2228 2073 2279 καὶ
2093 2227 2346 2296 βοηθείας
2379 2226 2579 2296 πολλῆς
2612 2229 2707 2278 καὶ
2765 2227 3113 2296 παρηγορίας
3143 2228 3349 2297 ,τυχεῖν

1767 2321 1827 2384 ἐξ
1856 2322 2043 2387 αὐτῆς.
2078 2320 2261 2374 Preces
2296 2322 2348 2372 in
2390 2321 2576 2389 quibus
2618 2320 2927 2373 delictorum
2959 2322 3211 2390 confessio
3260 2322 3352 2386 sit,

1767 2414 1987 2483 singulis
2044 2412 2222 2465 diebus
2257 2414 2368 2467 sine
2425 2412 2535 2465 ulla
2602 2413 2989 2464 intermissione
3040 2414 3348 2475 recitanda’,

1767 2506 1813 2557 si
1836 2507 1930 2570 vis,
1953 2522 2069 2558 cum
2099 2506 2338 2557 animam
2366 2505 2503 2573 agis,
2525 2504 2915 2555 sanctissimam
2938 2502 3195 2571 Virginem
3227 2502 3352 2556 Dei-

1767 2614 1956 2665 param
2018 2599 2248 2659 intueri,
2309 2606 2354 2647 et
2384 2596 2672 2647 subsidium
2718 2595 2984 2657 multum,
3049 2611 3243 2647 necnon
3302 2604 3352 2647 et

1766 2688 1999 2741 solamen
2028 2689 2093 2740 ab
2125 2689 2307 2741 eadem
2339 2687 2591 2739 obtinere.
2620 2686 2681 2739 P.
2710 2687 2879 2755 Δὲχου
2927 2686 3127 2748 τοίνυν,
3158 2686 3350 2755 εὐμενο

1769 2779 1967 2847 εστάτη
2012 2779 2281 2831 Δέσποινα
2319 2777 2523 2847 ἀγαθὴ,
2564 2778 2664 2847 τὴν
2706 2778 2931 2847 οἰκτράν
2988 2794 3090 2845 μου
3140 2778 3348 2847 δέησιν.

1837 2867 2125 2937 Cougessit
2174 2878 2436 2937 praeterea
2462 2883 2527 2921 ex
2577 2868 2836 2937 cperibus
2884 2867 2945 2922 υ.
2984 2867 3166 2921 Basilii
3212 2867 3351 2923 Ora-

1772 2961 1946 3014 tiones
1990 2960 2179 3030 viginti
2215 2970 2449 3029 quatuor
2498 2961 2565 3015 de
2604 2961 2863 3015 Moribus.
2940 2961 3151 3014 Ἠθικοὶ
3204 2962 3355 3029 λόγοι

1767 3057 1842 3107 κδ’
1867 3055 2210 3123 ἐκλεχθέντες
2233 3055 2318 3108 διὰ
2336 3056 2623 3125 Συμεῶνος
2642 3056 2738 3109 τοῦ
2755 3057 3060 3126 μαγίστρου
3084 3058 3177 3109 καὶ
3195 3058 3351 3123 λογο-

1768 3143 1920 3195 θέτου
1961 3144 2023 3195 ὲκ
2079 3144 2268 3196 πασῶν
2308 3145 2417 3198 τῶν
2476 3146 2875 3216 πραγματειῶν
2912 3146 3011 3199 τοῦ
3063 3150 3119 3198 ὲν
3170 3148 3349 3213 ἁγίοις

1772 3236 1985 3305 Πατρὸς
2026 3236 2181 3306 ἡμῶν
2216 3237 2498 3290 Βασιλείου
2542 3238 3352 3308 ἀρχιεπισκόπουΚαισαρείας

1770 3327 1865 3393 τῆς
1890 3326 2303 3389 Καππαδοκίας.
2336 3327 2611 3381 Orationes
2638 3330 2701 3382 de
2727 3330 2959 3383 Moribus
2996 3330 3182 3398 uiginti
3214 3346 3352 3398 quao

1774 3424 1910 3481 tuor,
1944 3416 2170 3470 collectae
2198 3434 2290 3487 per
2318 3417 2627 3487 Symeonem
2667 3420 2983 3490 Magistrum
3009 3432 3057 3473 et
3091 3420 3351 3487 Logotlie-

1774 3518 1883 3561 tant
1916 3525 1979 3561 επ
2003 3508 2241 3562 omnibus
2266 3513 2437 3563 sancti
2466 3511 2645 3564 Patris
2679 3515 2842 3565 nostri
2871 3512 3059 3565 Basilii
3087 3510 3352 3566 Caesarea:

1772 3598 2117 3670 Cappadocia:
2172 3604 2420 3671 episcopi.
2456 3603 2514 3657 In
2558 3606 2677 3659 aliis
2717 3604 3103 3675 Manuscriptis
3134 3608 3352 3663 Codici-

1773 3693 1873 3745 bus
1907 3694 2159 3749 habetur.
2206 3694 2492 3764 Συμεῶνος
2531 3696 2817 3761 λογυθέτου
2850 3696 2942 3749 τοῦ
2982 3698 3207 3769 δρόμου,
3250 3700 3345 3752 τοῦ

1775 3778 1869 3832 καὶ
1913 3780 2334 3850 Μεταφραστοῦ.
2386 3782 2661 3851 Symeonis
2725 3783 2923 3839 Cursus
2992 3786 3293 3857 Logothette
3335 3828 3350 3850 ,

1774 3871 1864 3937 qui
1890 3879 1938 3923 et
1967 3871 2368 3939 Metaphrastes.
2397 3872 2678 3943 Leguntur
2708 3877 2915 3943 passim
2948 3886 3004 3931 et
3036 3878 3148 3933 fere
3192 3880 3352 3933 undi-

1773 3975 1879 4028 que
1922 3960 1975 4013 in
2029 3960 2379 4015 Bibliothecis
2437 3961 2635 4017 Italicis
2683 3963 3068 4035 Manuscriptae.
3123 3985 3136 4020 :
3186 3968 3350 4021 edita:

1775 4060 1903 4104 sunt
1933 4049 2119 4105 Grzece
2153 4049 2375 4105 Parisiis
2405 4051 2563 4117 1556,
2591 4052 2735 4121 apud
2768 4052 3123 4107 Guilielmum
3159 4054 3354 4109 ﬂorei-

1775 4141 1885 4196 lum
1927 4142 1982 4195 in
2016 4141 2068 4206 8,
2103 4151 2159 4196 et
2191 4142 2382 4197 Latine
2400 4158 2525 4197 cum
2556 4144 2673 4197 aliis
2700 4143 2884 4198 Basilii
2905 4143 3175 4213 Operihus
3200 4146 3354 4201 Pari-

1777 4234 1873 4287 siis
1895 4233 2039 4303 apud
2073 4232 2392 4288 Michaelem
2422 4234 2690 4288 Somnium
2720 4235 2877 4301 1605,
2911 4237 2963 4289 in
2994 4238 3144 4302 folio,
3176 4237 3357 4293 Stani-

1778 4324 1890 4377 slao
1938 4324 2120 4378 Florio
2160 4324 2483 4395 interprete,
2517 4337 2572 4381 et
2597 4326 2817 4381 tandem
2852 4328 3041 4383 Graece
3080 4339 3135 4383 et
3166 4329 3358 4383 Latine

1779 4414 2120 4469 Francol‘urti
2161 4418 2304 4485 apud
2344 4415 2623 4471 Nicolaum
2657 4416 2932 4471 Bassaaum
2973 4419 3026 4471 in
3078 4420 3131 4473 8.
3183 4420 3358 4489 llujus

1779 4506 2025 4575 exemplo
2074 4504 2229 4570 alius,
2289 4507 2599 4575 quicunque
2627 4506 2715 4560 ille
2747 4507 2931 4570 fuerit,
2989 4522 3113 4561 cum
3149 4523 3355 4561 nomen

144 4614 330 4669 homines
393 4614 851 4668 modularentur.
912 4610 1056 4665 Inter
1127 4628 1219 4665 eas
1277 4614 1511 4681 primum
1572 4612 1673 4665 erit
1709 4620 1786 4680 D‘

1714 4626 1750 4680 ο
1782 4599 1932 4667 operi
1962 4614 2071 4652 non
2109 4598 2445 4668 praeﬁgatur,
2470 4614 2537 4651 ex
2569 4600 2831 4668 operibus
2868 4600 3242 4669 Chrysostomi
3281 4601 3356 4653 si-

142 4703 421 4773 Tmparium,
480 4706 657 4773 cujus
691 4704 931 4765 initium,
976 4703 1272 4773 Ἐξᾱιρξατε
1313 4705 1473 4772 κόραι
1532 4719 1675 4771 παρ-

144 4795 308 4851 Ξινικαί.
361 4800 416 4853 2.
476 4798 702 4865 Ἕτερα
751 4795 992 4865 Στιχηρά
1048 4796 1189 4847 κατά
1221 4795 1534 4863 ἀλφάόητον
1580 4792 1673 4844 τοῦ

146 4894 319 4956 μῖὰλου
361 4893 644 4951 Κανόνος.
687 4888 807 4941 Alia
868 4886 1107 4942 Sticltera
1157 4891 1340 4942 ordine
1398 4886 1679 4955 Alpltabeti

144 4987 366 5051 conposita
399 4982 607 5055 Magni
640 4982 893 5036 Cononis.
926 4981 978 5033 '5.
1017 4979 1214 5033 Κανὼν
1270 4982 1347 5041 είς
1394 4980 1492 5047 τὴν
1528 4978 1680 5031 ὁσίαν

144 5072 302 5142 Μαρίαν
352 5079 451 5145 τὴν
486 5072 835 5141 Αἰγυπτίαν.
873 5070 1051 5124 Canon
1076 5072 1128 5123 in
1154 5082 1396 5124 sanctam
1447 5069 1681 5123 Mariam

145 5160 475 5233 £qyptiacam.
550 5167 608 5219 1.
687 5162 906 5231 Aprilis.
976 5162 1038 5215 P.
1101 5161 1193 5231 Τῷ
1254 5162 1510 5232 μακαρίῳ
1588 5160 1683 5212 καὶ

332 5264 381 5317 4.
432 5259 652 5315 Κανὼν
695 5256 1108 5327 παρακλητικδς
1136 5259 1215 5319 είς
1244 5256 1341 5328 τὴν
1378 5258 1685 5328 ὑπεραγίαν

147 5351 343 5407 Baetim;
385 5354 757 5423 ψαλλόμενος
807 5350 873 5418 τῇ
909 5348 1119 5421 μεγάλῃ
1174 5348 1529 5418 Παρασκευῇ.
1579 5346 1687 5402 Ca-

148 5461 211 5495 lan
256 5447 655 5502 deorccatorius
707 5444 761 5494 in
796 5442 1184 5495 sanctissimam
1215 5441 1502 5509 Deiparam
1531 5481 1546 5507 ,
1595 5441 1685 5510 qui

148 5543 297 5593 canitur
322 5559 516 5612 magna
542 5543 877 5593 Parasceve.
907 5534 966 5590 P.
995 5535 1179 5587 Θέλων
1216 5551 1309 5586 σου
1341 5533 1403 5586 τὸ
1433 5535 1683 5604 πλάσμα,

148 5628 291 5695 Rusti
340 5652 463 5705 μου,
494 5630 763 5697 ζωῶσαι.
811 5627 873 5681 In
897 5626 1229 5681 Bibliotheca
1258 5625 1481 5696 Collegii
1536 5624 1685 5679 Grae-

150 5734 298 5776 eorum.

197 5812 446 5884 Pietasque
500 5814 687 5870 etiam
724 5822 938 5879 preces,
975 5824 1093 5877 qua:
1127 5806 1181 5859 in
1242 5804 1485 5859 Ecclesia
1535 5801 1685 5857 Grae-

153 5910 281 5955 carum
307 5921 407 5960 non
440 5906 569 5961 sine
599 5898 833 5973 pietatis
865 5897 1043 5954 [ructu
1074 5895 1290 5953 recitari
1313 5895 1512 5962 solent,
1568 5892 1685 5962 ipse

1785 4692 1967 4745 milem
2001 4692 2241 4745 laborem
2274 4706 2373 4744 nec
2404 4692 2605 4743 frustra
2632 4692 2895 4759 suscepit.

1854 4780 2001 4853 [l32]
2047 4783 2111 4835 Et
2144 4791 2202 4834 ut
2232 4782 2399 4850 magis
2430 4796 2492 4835 ac
2540 4782 2713 4851 magis
2741 4782 2999 4851 pietatem
3054 4790 3109 4835 et
3140 4782 3356 4849 religio-

1784 4890 1907 4929 nem
1951 4874 2395 4929 Christianorum
2446 4874 2643 4929 animis
2667 4874 2953 4939 excitaret,
2978 4876 3159 4944 capita
3206 4890 3360 4943 quaa—

1782 4966 1905 5019 dam
1962 4966 2250 5034 perbrevia
2300 4965 2588 5020 sententiis
2638 4982 2747 5020 non
2794 4976 2902 5020 tam
2956 4968 3242 5022 concinnis
3302 4977 3360 5022 et

1785 5057 2053 5117 venustis,
2088 5072 2250 5125 quam
2282 5057 2537 5126 gravibus
2574 5065 2629 5110 et
2662 5058 2868 5115 severis
2896 5057 3117 5123 referta,
3153 5068 3265 5112 tum
3295 5074 3362 5113 ex

1785 5162 1884 5200 suo
1917 5155 2031 5199 tum
2063 5161 2129 5199 ex
2152 5147 2381 5200 aliorum
2430 5162 2576 5215 penu
2624 5147 2995 5214 concinnavit,
3054 5164 3225 5218 eaque
3254 5150 3365 5204 cle-

1787 5238 2120 5308 gantissima.
2153 5238 2195 5291 E
2222 5253 2323 5291 suo
2341 5238 2745 5306 ευηιΓνωμικὰ
2776 5239 3049 5307 κεφάλαια
3076 5241 3209 5311 ρλω,
3242 5257 3364 5295 sen-

1789 5334 2011 5386 tentiosa
2044 5337 2221 5403 capita
2245 5349 2427 5387 cum.
2453 5332 2698 5398 Quorum
2726 5334 2859 5389 illud
2882 5343 2967 5390 est
2988 5336 3320 5405 principium
3346 5356 3359 5385 :

1798 5424 1856 5477 Ὀ
1910 5425 2016 5495 γὰρ
2049 5425 2264 5494 στύφων
2318 5427 2375 5476 ἐν
2429 5425 2606 5495 καιρῷ
2659 5424 2814 5492 λόγος
2870 5424 2964 5477 τοῦ
3004 5426 3363 5495 ἀπαλωτέρου

1789 5517 1981 5587 βελτίω
2031 5518 2169 5570 κατὰ
2217 5516 2374 5571 πολύ.
2424 5517 2505 5570 Ex
2536 5517 2768 5571 aliorum
2804 5517 2919 5570 haec
2949 5533 3071 5586 quae
3122 5533 3367 5586 sequun-

1787 5617 1877 5663 tur
1938 5628 1951 5666 :
2008 5611 2293 5679 Κεφάλαια
2343 5609 2436 5661 τοῦ
2482 5609 2630 5661 ὁσίου
2686 5610 2780 5662 καὶ
2834 5608 3094 5679 θεοφόρου
3150 5610 3363 5677 Ila-cpe:

1789 5704 1944 5774 ἡμῶν
1970 5704 2261 5773 Μακαρίου
2310 5702 2730 5771 τοῦΛίγυπτίου
2765 5703 2828 5756 ὲκ
2862 5702 2969 5755 τῶν
2997 5700 3161 5755 αὑτοῦ
3193 5702 3366 5769 λόγων

1788 5798 2275 5867 παραφρασθέντα.
2326 5797 2461 5852 Vide
2513 5798 2752 5851 studium
2798 5808 2852 5851 et
2881 5805 3107 5851 conatus
3145 5796 3367 5866 Symeo-

1791 5892 1877 5946 nis
1909 5907 1921 5945 :
1966 5889 2103 5946 Ὑπὸ
2133 5889 2224 5945 τοῦ
2253 5890 2537 5961 λογοθέτου
2572 5890 2664 5945 τοῦ
2695 5888 3095 5959 Μεταφραστοῦ
3130 5885 3225 5959 ρν’.
3263 5884 3370 5942 Ca-
