4158 6472
791 428 894 492 135

2095 403 2372 468 LEONIS
2404 402 2712 464 ALLATII

3929 388 4028 458 136

788 549 844 595 et
891 545 987 594 bos
1036 535 1186 590 bovis
1232 530 1488 586 societate
1543 526 1785 595 privatus
1842 523 2111 593 lacrymas
2170 522 2407 583 fundit”

2529 537 2672 583 ππος
2705 516 2924 580 διαστὰς
2953 515 3208 569 δάκνεται
3239 513 3331 567 τοῦ
3370 514 3656 583 συννόμου,

865 645 1128 715 Equidem
1173 641 1348 694 amico
1386 649 1558 706 eoque
1595 631 1934 688 nobilissimo
1960 630 2214 686 defuncto
2235 631 2366 702 quid

795 759 1034 816 faciam?
1073 755 1354 826 Lacrymis
1388 749 1628 822 profecto
1666 746 1855 804 ollusis
1894 746 2010 802 hate
2051 747 2118 800 ad
2151 755 2224 810 te,
2254 745 2370 816 Sy-

794 872 954 933 liane,
1003 869 1203 932 scribo,
1247 866 1312 919 ad
1354 872 1405 917 te
1452 862 1544 931 qui
1597 859 1727 913 mihi
1770 873 1830 913 es
1887 857 2042 913 dulce
2091 857 2274 922 decus,
2313 857 2366 911 in

794 980 1052 1036 aerumnis
1093 974 1417 1038 consolator,
1459 972 1512 1026 in
1549 984 1728 1024 rerum
1777 967 2102 1022 adversitate
2129 967 2360 1021 auxilia-

796 1095 908 1156 ris;
954 1092 1042 1156 qui
1089 1102 1329 1142 mearum
1372 1086 1424 1138 in
1473 1093 1522 1136 te
1557 1090 1765 1151 partem
1815 1094 2066 1133 curarum
2116 1079 2370 1148 suscipis,

799 1205 1052 1277 p‘biltrum
1103 1200 1193 1269 qui
1238 1213 1298 1252 es
1343 1193 1584 1250 omnium
1630 1193 1864 1256 dierum,
1909 1192 2102 1246 insons-
2125 1206 2250 1260 erga
2291 1189 2375 1244 in~

800 1322 1045 1372 sontem,
1083 1325 1206 1362 cum
1250 1307 1498 1360 libertate
1518 1301 1682 1357 verba
1709 1299 1936 1366 faciens,
1977 1298 2144 1353 animi
2175 1313 2377 1368 nequa-

805 1437 968 1494 quam
995 1418 1267 1488 ambigui;
1303 1415 1393 1483 qui
1433 1428 1520 1468 me
1554 1426 1940 1482 nonnunquam
1981 1409 2376 1478 pusillanimem

812 1530 998 1598 erigis,
1030 1527 1118 1594 qui
1158 1538 1372 1593 semper
1416 1523 1468 1576 in
1501 1536 1676 1576 rerum
1702 1519 2014 1576 discrimine
2045 1528 2240 1588 praesto
2269 1533 2326 1573 es
2361 1535 2375 1572 :

805 1644 869 1696 ad
916 1655 990 1705 te,
1034 1640 1184 1696 citari
1214 1637 1408 1708 capitis
1435 1635 1704 1692 desiderio
1741 1635 2078 1701 vulneratus,
2121 1648 2378 1697 accurro,

808 1757 898 1826 qui
929 1757 1144 1810 unicum
1173 1754 1412 1810 solamen
1437 1753 1488 1808 in
1515 1750 1803 1824 gemitibus
1829 1760 1883 1806 et
1906 1747 2162 1820 lacrymis
2186 1747 2376 1803 habeo.

881 2251 1278 2308 Commentaria
1332 2250 1386 2303 in
1446 2249 1643 2303 Lucam
1703 2249 1989 2318 scripsisse
2059 2249 2392 2322 Metaphras-

819 2358 946 2405 tem,
1001 2359 1111 2396 non
1183 2355 1346 2395 nemo
1409 2341 1640 2410 probare
1716 2341 2001 2395 conabitur
2075 2345 2389 2398 testimonio

817 2436 1168 2504 Theophanis
1240 2431 1484 2486 Ceramei
1545 2430 1774 2485 llomilia
1838 2433 1892 2485 in
1965 2435 2214 2499 quintum
2280 2436 2394 2488 Ma-

820 2530 1055 2581 tutinutn
1117 2525 1538 2594 Evangelicum;
1601 2523 1680 2576 sic
1740 2523 1886 2576 enim
1953 2523 2042 2576 ille
2101 2525 2266 2576 :Ka‘t
2320 2524 2394 2587 ib;

820 2623 886 2675 ἂν
948 2621 1022 2690 μὴ
1073 2617 1172 2670 καὶ
1239 2620 1398 2688 ἡμεῖς
1469 2617 1706 2684 δόξωμεν
1767 2616 2062 2670 ἁπεοικότσ.
2133 2617 2394 2687 μαντεύεο

824 2708 969 2771 σθαι,
1021 2707 1314 2775 ἀξιόχρεων
1353 2703 1585 2756 ἐνταῦθα
1632 2703 1967 2772 παράγωμεν
2010 2707 2261 2774 μάρτυρα
2303 2705 2404 2756 Συ-

826 2799 1064 2870 μεώνην,
1117 2798 1216 2869 τὸν]
1249 2797 1347 2861 τὰς
1393 2796 1765 2867 μεταφράσεις
1836 2793 1893 2849 εὖ
1944 2797 2087 2865 μάλα
2143 2795 2402 2865 συνθέμε-

825 2909 912 2942 νον
940 2907 952 2921 ’
983 2889 1202 2960 ἀποχρὴ
1232 2883 1325 2941 οὖν
1346 2888 1423 2957 τῷ
1454 2890 1531 2949 εἰς
1558 2887 1648 2939 τὸν
1713 2887 1855 2956 ἱερὸν
1886 2888 2097 2940 Λουκᾶν
2159 2888 2406 2958 ὑπομνή-

829 3003 959 3054 ματι
1007 2983 1162 3036 τοῦτο
1203 2983 1546 3051 ποιούμενος.
1609 2982 1683 3034 Ac
1739 2998 1799 3034 ne
1830 2997 1920 3034 nos
1957 2983 2117 3034 etiam
2147 2983 2258 3034 sine
2288 2997 2408 3048 pro-

827 3078 986 3132 babili
1027 3093 1188 3131 causa
1237 3077 1473 3130 divinare
1521 3074 1650 3130 velle
1695 3075 1982 3138 rideantur,
2034 3075 2136 3143 ﬁde
2193 3076 2406 3146 dignum

831 3181 1007 3222 testem
1044 3171 1113 3222 ad
1165 3170 1301 3221 hanc
1341 3185 1446 3221 rem
1497 3170 1832 3238 producimus
1881 3167 2187 3238 Symeonem
2236 3169 2408 3234 illum,

830 3265 919 3330 qui
953 3263 1316 3332 Metaphrases
1346 3263 1603 3329 pra'clare
1634 3263 1921 3332 composuit
1951 3277 1966 3314 :
2007 3264 2138 3315 satis
2167 3264 2325 3332 igitur
2342 3264 2411 3315 sit

831 3355 932 3416 hic,
959 3356 1048 3424 qui
1079 3355 1133 3407 in
1163 3365 1406 3407 sanctum
1458 3354 1655 3408 Lucam
1687 3353 2076 3408 Commentario
2109 3355 2182 3406 ita
2235 3355 2414 3407 existi-

832 3451 1016 3504 mavit.
1037 3449 1139 3514 Qui
1170 3448 1221 3502 id
1249 3447 1543 3500 afﬁrmaret
1561 3446 1823 3515 deceptus
1853 3445 1968 3514 ipse
1995 3445 2227 3514 primum
2251 3459 2416 3513 pravo

834 3543 1119 3595 verborum
1178 3541 1477 3603 intellectu,
1532 3540 1666 3593 alios
1707 3551 1916 3607 postea,
1957 3539 2000 3591 si
2035 3538 2133 3607 ipsi
2169 3538 2414 3602 ﬁdi-rent,

835 3634 1137 3702 deciperet.
1175 3633 1374 3686 Verum
1399 3633 1668 3701 siquidem
1721 3640 1825 3695 est,
1857 3630 2310 3700 quemadmodum
2362 3629 2417 3682 in

837 3722 1157 3793 Prophetas,
1187 3735 1512 3793 sanctosque
1544 3724 1681 3778 alios
1721 3724 1922 3776 veteris
1975 3721 2305 3776 Testamenti
2331 3721 2415 3774 Vi-

839 3832 946 3880 ros,
979 3832 1192 3870 necnon
1217 3815 1372 3878 Novi,
1408 3833 1640 3884 quorum
1688 3817 1742 3869 in
1771 3817 1942 3869 sacris
1976 3814 2190 3868 Litteris
2217 3814 2422 3868 mentio

840 3917 1038 3969 exstat,
1059 3906 1498 3962 Commentarios
1525 3908 1766 3976 scripsit.
1810 3908 1882 3961 ita
1903 3916 1956 3960 et
1987 3908 2036 3960 in
2058 3906 2255 3960 Lucam
2287 3907 2421 3962 scri-

842 3997 1034 4064 psisse,
1059 3998 1181 4065 quis
1207 3997 1259 4050 id
1292 3997 1548 4065 negabit?
1577 3997 1720 4066 Ergo
1743 4005 1798 4050 et
1818 3998 1872 4050 in
1897 3996 2243 4066 Evangelium
2263 3995 2421 4051 Luca:

843 4087 1373 4156 lnterpretationem.
1442 4086 1520 4140 Ne
1581 4088 1803 4140 minima
1860 4086 2076 4154 quidem
2135 4102 2200 4140 ex
2246 4097 2419 4154 parte.

843 4177 1193 4239 Sanctorum,
1219 4194 1452 4246 quorum
1491 4177 1635 4232 Vitas
1665 4179 1968 4247 composuit
2007 4177 2419 4247 Metaphrastes,

845 4284 1014 4337 genus
1043 4269 1239 4338 duplex
1268 4270 1489 4323 invenio
1517 4287 1531 4323 :
1564 4270 1795 4323 alterum
1829 4271 1985 4339 cujus
2029 4271 2086 4324 in
2145 4270 2423 4340 Scriptura

847 4362 1111 4414 memoria
1143 4362 1322 4429 aliqua
1358 4371 1573 4425 exstat;
1609 4362 1861 4422 alterum,
1894 4363 2049 4431 cujus
2080 4361 2426 4431 nulla.Cujus

848 4455 996 4506 nulla
1027 4463 1133 4515 est,
1185 4454 1320 4522 ipse,
1348 4468 1466 4521 qua:
1495 4468 1564 4507 ex
1597 4454 1826 4507 aliorum
1863 4455 2086 4524 scriptis
2139 4456 2421 4520 habuerat,

2475 613 2586 668 Kal
2609 610 2736 682 βοῦς
2767 609 3050 680 στερηθεὶς
3072 605 3165 660 τοῦ
3198 605 3464 676 συνήθους
3488 603 3731 674 δακρύει.

2485 703 2628 774 Ἐγὼ
2657 704 2708 758 τί
2740 703 2927 773 δράσω
2964 700 3263 769 ζημιωθεὶς
3295 699 3388 751 τὸν
3419 699 3609 767 φιλον;

2471 797 2648 850 Φίλων
2685 795 2750 848 τὸ
2783 791 3174 861 καλλώπισμα,
3201 793 3300 860 τὴν
3334 791 3630 859 κορωνίδα;

2477 889 2565 950 Σὲ,
2598 885 2877 949 Στυλιανὲ,
2907 885 3081 935 ταῦτα
3109 881 3362 952 δακρύων
3387 883 3606 951 γράφω,

2475 979 2762 1050 Πρόσφθεγ
2772 996 2846 1046 μα
2870 977 3124 1047 τερπνὸν,
3155 977 3264 1028 τῶν
3287 977 3437 1046 tua,»
3478 977 3656 1029 πόνων
3677 975 3852 1042 λύσις,

2477 1073 2677 1126 Κόπων
2703 1071 2884 1140 βοηθὲ,
2919 1069 3274 1138 συμμεριστὰ
3301 1069 3624 1138 φροντίδων,

2478 1163 2718 1217 Κοινωνὲ
2759 1163 2997 1226 πάντων,
3030 1165 3124 1216 καὶ
3158 1161 3338 1215 πλέων
3364 1162 3473 1214 τῶν
3495 1161 3775 1231 χειρόνων,

2477 1258 2704 1327 Φίλτρον
2740 1255 2957 1326 βέϐαιον
2980 1256 3041 1308 ού
3074 1255 3210 1326 πρὸς
3237 1256 3449 1325 ἡμέραν
3481 1255 3698 1324 βλέπον,

2479 1348 2706 1416 Φίλτρον
2729 1348 2997 1415 φυλάξας,
3038 1347 3279 1416 οὐδαμοῦ
3317 1349 3484 1418 φέρον
3516 1349 3703 1418 ψόγον,

2494 1441 2810 1512 Ἐλεύθερον
2835 1442 3114 1511 φρόνημα,
3156 1441 3382 1511 διπλόης
3409 1439 3580 1507 ξένον,

2495 1534 2671 1604 Ἐμῆς
2693 1535 3073 1606 παρηγόρημα
3104 1535 3495 1605 μικροψυχίας.

2490 1627 2558 1680 Ὃ
2585 1628 2682 1680 καὶ
2707 1627 2869 1679 πλέον
2903 1644 2992 1696 μοι
3022 1627 3294 1690 συνδεθεὶς
3322 1628 3542 1698 δεσμοῖς
3576 1627 3762 1691 πόθου,

2489 1719 2724 1781 Ἀλυτος
2753 1714 2916 1788 ἦλθες
2945 1719 3084 1791 πρὸς
3107 1721 3275 1783 πνοὰς
3307 1721 3406 1783 τὰς
3443 1721 3700 1790 ἐσχάτας.

2494 1812 2606 1864 Kal
2637 1811 2730 1864 νῦν
2766 1810 2879 1878 ἐγώ
2917 1828 3010 1864 σου
3045 1812 3122 1881 τῷ
3149 1813 3300 1882 πόοῳ
3333 1814 3699 1883 τετρωμένος,

2425 1883 2466 1938 Β
2499 1903 2611 1958 Kal
2645 1905 2813 1974 μηδὲν
2843 1903 3020 1972 εὑρὼν
3052 1907 3130 1967 εἱς
3163 1905 3442 1975 ἀναψυχὴν
3471 1906 3655 1969 πλέον,

2494 1997 2695 2060 Movet;
2724 2000 3052 2067 στεναγμοῖς
3084 2000 3179 2050 καὶ
3210 1999 3545 2068 σταλαγμοῖς
3577 1997 3851 2070 δακρύων,

2495 2088 2669 2159 Ψύχω
2695 2089 2758 2142 τὸ
2785 2089 3026 2160 πνεῦμα,
3060 2090 3360 2160 σπένδομαι
3390 2091 3487 2161 τὴν
3517 2092 3762 2162 καρδίαν.

2492 2253 2819 2307 Matt/iamut.
2872 2253 3202 2322 Ὕπόμνημα
3258 2255 3336 2315 εἰς
3369 2253 3460 2304 τὸν
3493 2253 3786 2322 Προφήτην
3833 2252 4067 2304 utea-.m-

2493 2342 2907 2398 Commenlarius
2959 2346 3013 2395 in
3072 2343 3295 2396 Abdiam
3346 2341 3682 2410 Prop/letam.
3738 2341 4077 2410 'l‘ndgvrya

2494 2438 2572 2498 εἰς
2630 2435 2721 2487 τὸν
2783 2435 2936 2502 ᾶγιον
2966 2435 3260 2488 ἀπόστολον
3299 2435 3584 2490 Φίλιππον.
3655 2433 4079 2488 Commentarios

2495 2526 2546 2578 in
2574 2535 2813 2578 sanctum
2844 2526 3138 2594 apostolum
3174 2525 3499 2593 Philippum.
3517 2524 3849 2592 ’Υπὸμνημα
3879 2528 3964 2586 εἰς
3992 2525 4081 2574 τὸν

2501 2614 2656 2681 ἅγιον
2717 2615 3019 2667 ἀπόστολον
3057 2615 3333 2682 Ἀνδρέαν.
3390 2614 3811 2672 Commentartus
3865 2615 3928 2668 in
3961 2632 4080 2667 san-

2501 2715 2644 2756 ctum
2693 2703 2984 2770 apostolum
3013 2703 3291 2758 Andream.
3347 2703 3675 2772 Ὑπὸμνημα
3697 2704 3772 2767 εἰς
3799 2705 3888 2756 τὸν
3930 2707 4084 2770 ἅγιον

2502 2797 2761 2848 ἰάκωῦον
2813 2796 2902 2848 τὸν
2939 2797 3256 2850 ἀπόστολον.
3310 2796 3728 2850 Commentarius
3757 2800 3810 2850 in
3839 2813 4084 2862 saneque:

2504 2888 2762 2942 Jacobum
2792 2890 3107 2958 apostolum.
3143 2889 3474 2960 ’Υπόμνημα
3527 2893 3604 2953 εἰς
3631 2891 3718 2943 τὸν
3754 2891 3913 2956 ᾰγιον
3948 2893 4082 2944 ἀπὸ·

2511 2982 2692 3036 στοὶον
2719 2982 2812 3035 τοῦ
2861 2983 3096 3052 Χριστοῦ
3129 2983 3354 3052 Θωμᾶν.
3394 2981 3811 3036 Commentarius
3865 2985 3923 3036 in
3959 3002 4084 3037 suo.

2515 3086 2656 3128 ctum
2685 3075 2980 3142 apostolum
3038 3073 3232 3130 Clariin
3265 3075 3531 3128 Thomam.
3577 3074 3807 3144 Parique
3852 3077 4087 3134 ratione,

2529 3169 2857 3237 ’Υπόμνημα
2875 3164 2951 3230 εἰς
2968 3168 3058 3220 τὸν
3077 3168 3230 3235 ἆγιον
3254 3168 3660 3237 Εὑαγγεὶιστὴν
3674 3170 3909 3221 Λουκᾶν.
3939 3166 4094 3221 Com-

2518 3263 2802 3312 ntentarius
2836 3262 2887 3311 in
2919 3275 3156 3312 sanctum
3185 3259 3574 3329 Lvangelistam
3606 3259 3825 3321 Lucam,
3851 3272 3908 3313 et
3953 3261 4030 3314 ina
4051 3264 4084 3308 i-

2516 3351 2622 3418 pit:
2660 3351 2718 3400 Εἰ
2750 3350 2841 3400 καὶ
2865 3349 3069 3400 δικαίου
3109 3350 3292 3416 μνήμη
3329 3350 3442 3415 μετ’
3476 3350 3766 3416 ἐγκωμίων
3794 3350 4092 3406 τελεῖσθαι,

2517 3445 2658 3511 quod
2694 3441 2800 3494 Leo
2831 3441 3220 3508 (lentatipinus
3240 3441 3550 3508 expressius
3571 3440 3729 3502 dixit,
3756 3441 3808 3492 in
3836 3451 4094 3494 sani-tum

2517 3534 2777 3588 Jacobum
2838 3533 3141 3602 apostolum
3205 3533 3453 3586 Zebedal-i
3505 3532 3699 3595 lilium,
3751 3532 3911 3599 λόγον
3978 3536 4099 3585 xa’i‘

2520 3623 2823 3692 ὑπόμνημα
2868 3626 2924 3675 ὲν
2980 3624 3108 3676 εῖδει
3165 3623 3546 3692 πανηγυρικῷ.
3600 3623 3782 3679 Oratio
3823 3641 3946 3691 qua:
3995 3628 4101 3678 rice

2521 3716 2893 3771 Commentarii
2965 3734 3072 3771 esse
3143 3719 3327 3786 poterit
3395 3719 3451 3771 in
3508 3735 3693 3790 genere
3757 3723 4096 3774 demonstra-

2522 3813 2643 3865 tivo.

2591 3905 2866 3959 Antonius
2899 3902 3187 3958 Verderius
3218 3903 3272 3956 in
3307 3903 3702 3973 Supplementa
3743 3901 4107 3957 Bibliotheca:

2523 3996 2876 4052 Gesneriante
2928 3997 2982 4050 in
3031 3997 3290 4066 Catalogo
3339 3996 3583 4052 exhibito
3639 4010 3669 4048 a
3726 3994 4110 4050 Grammatico

2526 4100 2795 4152 recenset,
2843 4088 3115 4157 Symeonis
3148 4089 3520 4154 Metaphrastie
3547 4085 3847 4154 Dioptram.
3890 4085 3972 4141 De
4002 4105 4109 4157 qua

2525 4180 2660 4232 nihil
2704 4181 2818 4249 ipse
2854 4180 3048 4234 habeo.
3081 4177 3262 4234 Potuit
3310 4180 3477 4244 illam,
3525 4181 3997 4250 quemadmodum
4059 4194 4114 4237 et

2526 4271 2628 4324 alia
2655 4271 2895 4324 scribere
2916 4269 3324 4340 Metaphrastes,
3343 4279 3399 4324 et
3427 4270 3566 4324 forte
3593 4271 3832 4340 scripsit,
3855 4282 3916 4326 et
3944 4275 4115 4326 modo

2527 4362 2724 4415 alicubi
2760 4363 2908 4414 latet.
2941 4361 3049 4414 Nos
3074 4375 3181 4414 non
3213 4361 3391 4414 omnia
3443 4361 3692 4415 vidimus.
3743 4360 3938 4430 Neque
3981 4365 4112 4432 quia

2529 4453 2686 4507 nobis
2724 4453 2988 4523 ignotum,
3017 4453 3138 4507 ideo
3166 4453 3329 4506 etiam
3377 4467 3486 4504 non
3510 4451 3675 4505 fuisse
3695 4451 3967 4521 scriptum
3995 4454 4114 4506 cxi-

850 4547 1157 4599 narratione
1212 4560 1329 4606 sua,
1367 4547 1624 4615 temporis
1657 4547 1797 4601 serie
1834 4564 1939 4602 non
1984 4549 2216 4614 turbata,
2247 4549 2423 4619 diges-
2455 4551 2501 4610 D
2532 4545 2803 4598 slimalur-

848 4639 938 4702 sit,
973 4647 1025 4690 ct
1085 4635 1252 4699 Vitas,
1310 4653 1504 4706 resque
1536 4649 1735 4708 gestas,
1782 4641 1894 4694 sive
1924 4639 2175 4710 Martyria
2211 4657 2421 4695 nuncu-

851 4729 998 4798 pavit
1035 4746 1047 4780 :
1096 4730 1254 4796 cujus
1282 4730 1550 4792 exstabat,
1599 4731 1763 4785 verba
1813 4733 1922 4792 illa,
1954 4732 2008 4785 in
2042 4733 2241 4801 quibus
2275 4731 2422 4804 [I36]

849 4819 1298 4880 continebantur,
1329 4821 1618 4889 arripiens,
1654 4833 1705 4875 et
1740 4839 1856 4885 sua,
1895 4824 1978 4878 vel
2027 4825 2252 4879 aliorum
2287 4827 2426 4880 anti-

851 4925 1082 4978 quorum
1136 4910 1583 4978 interpretatione
1635 4915 1916 4981 expolicns
1967 4925 2128 4983 atque
2197 4916 2428 4985 locuple-

856 5012 1000 5066 t.:ns,
1021 5017 1105 5056 res
1148 5002 1290 5055 illius
1318 5003 1504 5056 Sancti
1537 5003 1609 5056 ita
1644 5005 2021 5070 concinnabat,
2056 5016 2114 5060 ut
2135 5008 2422 5062 Commen-

855 5092 1053 5144 tarium
1103 5093 1281 5157 potius
1313 5092 1574 5154 scribere,
1606 5110 1766 5162 quam
1816 5111 1902 5147 res
1929 5107 2108 5159 gestas
2142 5096 2281 5150 illius
2310 5109 2425 5149 nar-

856 5195 975 5233 rare
1006 5180 1281 5235 videretur
1316 5199 1328 5234 :
1359 5181 1583 5250 ideoque
1615 5198 1724 5235 non
1757 5185 1863 5236 alio
1905 5186 2060 5238 titulo
2092 5201 2240 5251 usus,
2265 5202 2426 5255 quam

855 5267 1263 5322 Commentarii.
1296 5269 1433 5324 Hinc
1484 5273 1624 5341 apud
1655 5273 1826 5338 illum,
1893 5275 2208 5344 ’Υπόμνηνα
2242 5280 2317 5337 ei;
2338 5277 2429 5328 τὸν

855 5359 1009 5426 ἅγιον
1063 5359 1468 5431 Εὐάγγελιστὴν
1544 5364 1817 5434 Ἰωάννην.
1893 5365 2310 5420 Commentarius
2376 5370 2431 5421 in

857 5463 1097 5506 sanctum
1133 5455 1528 5526 Euangelistam
1553 5457 1834 5515 Joannem.
1884 5460 2211 5529 ’Υπόμνημα
2242 5463 2321 5523 εἰς
2340 5461 2430 5514 τὸν

862 5548 1033 5613 μέγαν
1078 5545 1366 5614 Προψήτην
1435 5548 1652 5618 Δανιήλ.
1718 5550 2138 5604 Commentarius
2193 5552 2246 5604 in
2306 5568 2431 5604 san-

860 5645 998 5689 ctum
1055 5636 1374 5704 Prop/telam
1444 5640 1732 5695 Danielem.
1803 5641 2134 5711 Ὑπομνημα
2208 5643 2287 5703 εἰς
2345 5642 2434 5694 τὸν

859 5726 1013 5792 ἆγιον
1043 5727 1338 5780 ἀπόστολον
1381 5731 1475 5782 καὶ
1526 5730 1924 5802 Εύαγγε).ιστὴν
1953 5732 2251 5785 Ματῦαῖον.
2279 5730 2435 5786 Com-

863 5827 1149 5871 mentartus
1194 5821 1250 5876 in
1306 5830 1544 5884 sanctum
1603 5825 1892 5891 apostolum
1941 5837 1985 5878 et
2045 5824 2435 5893 Eiangelis‘am

2602 4633 2696 4688 llis
2729 4648 2897 4703 prope
2941 4633 3132 4688 diebus
3171 4648 3296 4687 cum
3343 4647 3372 4685 a
3401 4647 3487 4687 me
3517 4631 3583 4687 de
3611 4642 3768 4688 astate
3818 4632 4121 4704 Symeonis

2531 4726 2911 4796 Metaphrastaz
2961 4725 3310 4780 doctissimus
3373 4738 3438 4778 ac
3474 4725 3875 4779 eruditissimus
3921 4726 4121 4780 Simon

2531 4816 2958 4888 Wagnereckius
3019 4826 3367 4886 percontatus
3429 4817 3653 4881 luisset,
3693 4821 4005 4888 respondi,
4068 4834 4122 4876 ut

2532 4912 2702 4981 potui,
2730 4911 2960 4980 misique
2991 4927 3108 4965 eam
3150 4909 3402 4966 Diatriba:
3429 4922 3660 4982 partem,
3691 4929 3796 4983 qua
3821 4913 4122 4984 Symeonii

2532 5012 2664 5058 a'tas
2699 5005 2960 5056 asseritur
3009 5012 3063 5055 et
3095 5004 3386 5060 stabilitur.
3450 5003 3603 5074 Legit
3655 5005 3743 5059 ille
3798 5022 3960 5071 mea,
3997 5025 4122 5063 exa-

2535 5094 2782 5157 minavit,
2822 5094 3150 5162 tandemque
3189 5093 3243 5146 in
3297 5095 3578 5148 nonnullis
3617 5110 3725 5150 non
3777 5096 4006 5166 absque
4041 5116 4122 5152 ra-

2538 5187 2686 5238 tione
2724 5186 2980 5240 dubitans
3033 5185 3328 5254 rescripsit.
3380 5185 3454 5239 Ea
3501 5187 3651 5246 lubet
3690 5188 3776 5242 hic
3806 5205 4110 5259 apponee

2537 5288 2596 5332 ut
2624 5292 2763 5348 pene
2789 5277 3090 5331 absolutam
3125 5277 3192 5330 de
3224 5275 3601 5345 Metaphrastrc
3649 5279 3811 5333 rebus
3844 5286 4122 5352 cognitio-

2537 5386 2659 5423 nem
2697 5369 3014 5432 habeamus,
3047 5369 3243 5437 quibus
3270 5369 3462 5422 addam
3512 5379 3567 5423 et
3612 5385 3751 5424 mea.
3807 5371 3870 5424 Si
3907 5375 4121 5429 dubitat

2539 5461 2778 5516 tionibus
2823 5461 2968 5514 illius
3003 5459 3260 5523 satisfeci,
3296 5461 3436 5516 bene
3463 5473 3590 5526 est;
3625 5463 3709 5516 sin
3749 5465 3972 5531 minus,
3999 5484 4122 5539 sup-

2539 5554 2705 5622 plebit
2746 5554 2834 5606 ille
2865 5569 2984 5620 tnta:
3015 5553 3264 5606 deerunt.

2617 5642 2962 5696 Nobilissimo
2989 5656 3033 5697 et
3065 5645 3419 5698 eruditissimo
3457 5645 3576 5698 Viro
3603 5645 3669 5698 ι).
3714 5645 3878 5699 Leoni
3929 5653 4121 5704 Al-atn

2543 5751 2634 5787 suo
2658 5733 2836 5787 Simon
2875 5735 3276 5802 ll’agnereckius
3319 5735 3452 5792 8.1.
3492 5737 3552 5790 In
3584 5738 3969 5806 Metapliraslc
4010 5757 4121 5796 (Cm

2544 5825 2756 5891 poribus
2806 5827 3132 5893 psrtidendis
3186 5828 3375 5880 miram
3422 5829 3546 5880 milii
3604 5829 3764 5882 lucem
3817 5835 4121 5889 attulerint
