4158 6472
157 442 221 503 237
736 442 829 502 DE
872 439 1632 501 SCRIPTISSYMEONIS
1674 443 1729 501 Μ
1742 444 2255 504 ETAPHRAST/E
2298 446 2687 510 DIATRlBA.

3237 454 3337 519 133

155 558 403 610 litteratum
434 569 453 606 :
480 553 558 606 ita
588 553 840 605 nimirum
869 552 1099 621 quotidie
1126 551 1446 605 monimenta
1484 544 1659 605 vetera
1691 564 1732 614 Α
1765 552 2076 626 Catalogum
2108 556 2170 609 de
2200 572 2331 611 novo
2358 558 2727 628 Metaphrasta:
2764 562 3075 631 scriptarum
3136 569 3339 638 syllaba

155 648 251 700 cocis
267 662 341 698 nos
377 645 645 710 beneﬁciis
669 645 842 707 beant,
873 644 1060 713 quibus
1088 659 1168 696 res
1205 643 1466 709 plurimas
1505 644 1664 696 disci-

155 755 246 800 mus,
268 737 411 788 etiam
454 736 689 789 Baronio
719 752 782 787 ac
810 733 1137 787 Bellarmino
1167 735 1393 805 ignotas.
1424 733 1497 786 Ac
1528 743 1663 787 certe

153 834 190 883 in
216 831 284 881 hoc
316 827 522 894 inﬁnito
570 845 735 881 sacrce
778 827 1111 895 antiquitatis
1158 842 1363 879 recessu
1412 826 1516 878 dici
1562 842 1662 878 non

153 930 282 989 potest,
322 936 482 989 quam
516 920 703 986 cupide
763 917 1053 987 amplectar
1111 926 1258 971 tuam
1323 918 1661 987 πανεπιστή-

156 1029 265 1081 μορυς
290 1011 588 1079 εὖστοχίαν.
638 1010 804 1062 Porro
844 1011 980 1062 inter
1008 1018 1195 1062 caetera
1240 1024 1429 1076 parum
1452 1009 1659 1078 quidem

154 1109 220 1158 rite
253 1104 361 1156 illud
413 1104 607 1156 evincis
644 1119 660 1155 :
709 1104 757 1157 si
792 1112 981 1157 temere
1010 1119 1186 1155 omnes
1221 1102 1327 1157 illae
1359 1111 1661 1156 sanctorum

154 1198 242 1249 Vita
279 1212 377 1266 qua:
429 1194 808 1261 Metaphraste
854 1211 1038 1249 nomen
1071 1196 1262 1249 habent
1308 1196 1541 1264 afﬁxam,
1590 1212 1661 1247 an

150 1291 341 1357 afﬁciunt,
368 1306 401 1339 a
447 1286 827 1355 Metaphrastte
862 1289 1067 1341 calamo
1096 1290 1313 1357 ﬂuxisse
1362 1290 1658 1352 videantur,

150 1379 537 1448 suntperridiculo
560 1381 785 1449 quodam
818 1382 1108 1449 paradoxa,
1136 1379 1285 1451 [157]
1318 1397 1475 1448 prope
1491 1383 1661 1433 omni-

148 1473 212 1523 tu
232 1471 394 1525 Christi
428 1472 637 1524 sa‘culis
673 1473 861 1525 vixisse
896 1472 1075 1525 debere
1110 1488 1127 1525 :
1158 1488 1273 1525 cum
1305 1472 1384 1525 lttB
1438 1473 1569 1526 Vita:
1598 1475 1660 1525 de

150 1564 569 1615 dirersissititarum
607 1572 818 1615 celatum
872 1562 1067 1614 sanctis
1123 1562 1449 1629 conscriptas,
1477 1562 1660 1630 sa’pis-

145 1658 235 1707 sime
276 1655 573 1719 scriptorem
632 1669 807 1717 suum,
853 1663 1105 1721 tanquam
1166 1652 1431 1705 oculatum
1478 1662 1657 1705 testem

148 1750 367 1800 adducant.
406 1746 601 1800 Verum
641 1754 715 1798 est
752 1746 845 1798 hoc
873 1744 1006 1809 loco,
1032 1746 1170 1814 quod
1213 1746 1497 1799 etiamnum
1526 1748 1659 1816 forte

144 1842 256 1903 possit
302 1838 515 1906 expendi
548 1853 567 1890 :
618 1837 741 1906 quid
770 1837 815 1890 si
839 1837 973 1889 enim
1007 1834 1393 1905 Metaphrastes
1423 1838 1655 1889 eumdem

1768 644 2077 712 adjunxeris
2108 647 2256 700 nihil.
2290 647 2352 701 In
2395 650 2581 717 quibus
2612 660 2784 705 tamen
2811 656 2935 722 ipsis
2961 655 3343 714 lucubrationi-

1764 736 1856 789 bus
1886 737 2066 804 Pselli,
2093 756 2156 792 ne
2188 741 2365 808 utique
2389 757 2421 793 a
2468 751 2515 795 te
2542 744 2767 810 positam
2812 748 2998 813 mi.or,
3039 750 3189 805 illam
3222 755 3340 823 ejus

1762 827 1889 882 bene
1912 830 2126 901 longam
2156 835 2226 885 ad
2257 833 2585 901 Xiphilinum
2628 834 2941 904 Epistolam,
2978 860 3081 912 qua
3129 846 3208 898 vir
3246 847 3337 902 ille

1762 934 1952 972 aurum
1986 937 2167 973 verum
2194 939 2225 974 a
2254 940 2307 977 se
2336 926 2626 995 confectum
2655 927 2938 995 gloriatur,
2969 932 3182 1003 ejusque
3205 939 3341 990 arti-

1760 1010 1869 1078 ficii
1912 1013 2121 1065 modum
2154 1016 2496 1070 arcanissime
2545 1019 2747 1072 indicat
2774 1023 3110 1090 patriarchce.
3154 1026 3337 1083 Habeo

1762 1115 1875 1151 eam
1902 1102 2165 1170 cognitam
2206 1104 2334 1156 mihi
2364 1120 2427 1157 es:
2464 1106 2557 1159 illa
2590 1112 2948 1180 manuscripta
2989 1112 3340 1185 Chrysophae-

1762 1205 1876 1241 rum
1904 1187 2120 1244 Grtvcite
2157 1193 2386 1261 amplius
2420 1198 2603 1266 viginti
2634 1198 2973 1269 Bibliotheca,
3004 1220 3162 1274 quam
3199 1208 3337 1263 inter

1763 1280 2062 1336 Graecorum
2111 1279 2345 1338 codicum
2374 1303 2588 1342 suorum
2630 1288 2849 1345 Cimelia
2892 1305 3068 1349 noster
3100 1295 3340 1353 Serenis-

1761 1376 1922 1427 simus
1952 1378 2198 1442 possidet.
2229 1377 2377 1440 Quod
2399 1390 2573 1433 autem
2607 1392 2843 1437 nostrum
2873 1388 3009 1439 hunc
3029 1388 3335 1459 Metaphra-

1762 1474 1889 1518 stem
1920 1482 2184 1535 nunquam
2221 1470 2592 1523 monachorum
2631 1472 2750 1526 albo
2808 1476 3132 1546 adscriptum
3180 1479 3330 1553 [158]

1762 1556 1921 1622 fuisse
1980 1558 2269 1624 suspicaris
2303 1562 2336 1626 ξε
2380 1560 2436 1613 in
2485 1576 2546 1613 ea
2589 1570 2657 1623 te,
2716 1566 3031 1621 amicissime
3088 1587 3233 1639 rogo,
3278 1584 3334 1625 ut

1764 1644 1974 1700 unicum
2005 1646 2262 1711 opinionis
2292 1650 2571 1702 contraries:
2597 1649 2989 1717 ﬁrmamentum
3022 1662 3331 1726 perpendes.

1762 1736 1901 1791 Nam
1924 1738 2178 1808 Iosephus
2212 1738 2564 1795 Methonensis
2610 1745 2883 1814 episcopus
2932 1748 2987 1800 in
3024 1747 3335 1819 Defensione

1762 1841 1942 1883 contra
1994 1831 2237 1885 Marcum
2276 1834 2665 1901 metropolitam
2722 1837 2917 1906 (exstat
2955 1841 3035 1893 hic
3101 1841 3228 1895 liber
3278 1844 3333 1895 in

145 1932 233 1981 olim
248 1946 417 1982 morem
444 1930 692 1995 servavit,
718 1945 869 1998 quem
904 1945 1068 1998 nuper
1097 1928 1287 1983 Surius
1315 1927 1535 1981 Patrum
1561 1943 1655 1979 no-
1693 1930 1732 1989 Β
1764 1923 2001 1975 conciliis
2034 1921 2488 1989 Caeco-Latinis,
2524 1928 2764 1982 editionis
2797 1929 3050 1986 Romana!
3072 1936 3143 1987 ad
3178 1934 3335 2002 ﬁnem

142 2036 315 2075 urorum
344 2024 639 2076 memoria?
665 2022 718 2076 ls
744 2025 932 2091 quippe
962 2023 1159 2075 multas
1188 2029 1487 2076 sanctorum
1515 2022 1657 2075 Vitas

144 2114 438 2167 aLatinorum
468 2114 726 2168 veteribus
756 2114 1086 2183 quibusdam,
1127 2123 1184 2167 ut
1222 2114 1462 2183 putabat,
1485 2114 1659 2166 sordi-

142 2208 223 2258 dius
258 2208 486 2274 scriptas,
518 2206 802 2273 prolixiore
829 2207 1025 2274 passim
1057 2205 1191 2275 stylo
1235 2205 1467 2275 digessit,
1504 2205 1657 2273 idque

141 2316 213 2351 non
235 2302 277 2352 in
302 2317 410 2363 sua,
437 2300 532 2353 sed
557 2310 857 2361 auctorum,
884 2315 1010 2369 quos
1028 2298 1360 2361 emendabat,
1384 2311 1605 2362 persona
1636 2311 1653 2347 :

142 2393 239 2457 quod
266 2392 459 2460 quidem
500 2389 651 2444 Surii
674 2392 894 2461 factum,
950 2406 1021 2442 an
1048 2390 1181 2442 satis
1213 2388 1282 2440 ad
1312 2387 1656 2440 eruditionem

138 2484 441 2559 antiquariam
469 2483 657 2550 prosit,
694 2498 797 2534 non
826 2482 1054 2549 disputo.
1098 2478 1232 2532 Mihi
1267 2488 1400 2531 certe
1432 2478 1580 2531 nulla
1602 2479 1657 2530 in

138 2575 257 2627 sacris
279 2576 563 2643 antiquitas
588 2576 782 2638 sordet,
814 2585 868 2626 ut
893 2574 1243 2637 venerandam
1272 2572 1385 2640 ejus
1410 2572 1657 2623 canitiem

138 2675 280 2715 ornatu
306 2664 473 2717 alieno
530 2665 763 2734 indigere
791 2672 984 2732 putem.
1018 2661 1160 2716 Illud
1190 2663 1298 2725 aio,
1329 2661 1375 2714 si
1411 2661 1525 2729 quis
1556 2654 1658 2711 dli-

138 2764 293 2821 qamuto
335 2773 360 2808 e
404 2756 631 2825 posteris
672 2755 821 2824 longe
863 2764 974 2822 post
1000 2769 1092 2807 nos
1137 2754 1328 2822 futuris
1390 2752 1657 2821 ignoraret

136 2850 283 2915 fictum
307 2851 394 2901 hoc
423 2847 593 2911 Sarii,
630 2857 679 2900 et
700 2847 1103 2916 praefationibus
1128 2846 1241 2914 ejus
1262 2846 1488 2908 amissis,
1517 2844 1657 2898 solas

134 2941 315 2991 dirarum
356 2940 505 2993 Vitas
541 2957 573 2992 a
614 2938 771 2993 Suria
807 2939 974 2991 editas
1010 2937 1260 2989 inveniret
1304 2938 1383 3005 (ut
1412 2937 1466 2988 in
1490 2934 1658 2988 Meta-

132 3030 293 3090 phraste
317 3033 552 3100 scriptis,
602 3031 737 3083 heu!
767 3030 967 3097 factum
996 3044 1107 3081 esse
1134 3027 1408 3095 videmus),
1438 3044 1507 3079 an
1556 3042 1657 3078 non

134 3134 163 3172 et
200 3123 269 3175 ille
306 3125 507 3176 demum
558 3123 983 3191 perplexissimus
1014 3120 1157 3188 ﬁeret
1208 3120 1260 3171 in
1297 3117 1657 3189 cognoscendis

131 3215 389 3279 temporibus
418 3214 599 3275 Surii,
641 3230 754 3265 cum
785 3228 921 3280 stepe
958 3210 1146 3264 Surius
1176 3211 1231 3262 in
1265 3225 1445 3262 eorum
1474 3218 1656 3261 aucto-

1762 2012 1973 2065 concilii
2027 2014 2339 2084 Florentini)
2372 2015 2680 2087 Symeonem
2704 2023 2839 2073 hunc
2863 2019 3263 2091 Helaphrastem
3298 2043 3329 2079 a

1760 2103 2177 2160 Crtecisdictum
2208 2124 2314 2161 esse
2348 2108 2658 2180 Theologum
2685 2112 2776 2164 τὸν
2806 2114 2946 2178 νέον,
2967 2116 3065 2180 ait,
3089 2132 3179 2171 seu
3221 2117 3334 2171 Its-

1761 2198 1954 2251 niorem
2002 2215 2019 2251 :
2061 2207 2117 2252 ut
2169 2201 2287 2269 jam
2321 2202 2506 2255 merito
2548 2206 2741 2258 sentire
2779 2208 2895 2277 quis
2950 2213 3133 2276 possit,
3184 2211 3355 2265 illum.

1759 2287 2065 2357 Symeonem
2088 2290 2399 2363 Theologum
2418 2295 2706 2362 juniorem,
2731 2315 2821 2351 seu
2843 2299 2960 2352 νέον
2994 2303 3167 2371 (cujus
3208 2321 3335 2357 ora-

1760 2380 1924 2433 tiones
1953 2391 2054 2436 tres
2086 2390 2133 2434 et
2190 2386 2374 2455 viginti
2426 2399 2598 2440 noster
2624 2387 2853 2443 Iacobus
2879 2391 3154 2446 Pontanus
3183 2411 3211 2447 e
3249 2411 3330 2447 co-

1758 2472 1871 2523 dice
1906 2470 2164 2527 Bavarico
2195 2476 2381 2545 edidit)
2414 2492 2520 2532 esse
2552 2478 2864 2548 Symeonem
2896 2486 3329 2552 Metaphrastem,

1759 2564 1848 2633 qui
1875 2566 2094 2635 denique
2124 2569 2292 2637 factus
2327 2571 2397 2621 sit
2442 2573 2725 2626 monachus
2775 2582 2823 2627 et
2872 2578 3185 2643 prcepositus
3218 2594 3332 2631 mo-

1759 2654 1976 2709 nasterii
2004 2656 2063 2711 S.
2088 2658 2393 2725 Mamantis,
2438 2663 2659 2730 fortasse
2706 2675 2775 2717 tot
2808 2664 3124 2721 Sanctorum
3166 2686 3335 2723 exem-

1758 2748 1856 2814 plis
1902 2762 2185 2818 permotus,
2222 2768 2442 2821 quorum
2489 2753 2578 2807 ille
2635 2755 2777 2809 Vitas
2808 2759 3133 2828 conscripsit.
3185 2760 3336 2817 Certe

1756 2841 1889 2892 sicut
1920 2840 2087 2896 (ἓνωεί
2137 2843 2192 2895 in
2219 2842 2428 2896 Menteis
2460 2843 2604 2898 Odos
2649 2846 2918 2916 Symeonis
2962 2850 3335 2920 Metaphrastte

1757 2943 1941 2986 vocant
1970 2934 2111 2988 Odos
2146 2932 2419 3003 Symeonis
2449 2935 2769 3006 Logothetw,
2803 2942 2927 3009 quia
2974 2959 3155 3008 nempe
3204 2945 3335 2999 Ma-

1758 3038 1889 3090 gnus
1917 3023 2202 3091 aliquando
2234 3023 2520 3094 Logotheta
2564 3028 2685 3095 fuit,
2717 3029 2769 3081 id
2795 3038 2871 3081 est
2900 3046 3172 3098 supremus
3206 3031 3333 3085 Im-

1759 3124 2057 3181 peratorum
2091 3114 2306 3170 Graecia:
2354 3117 2717 3174 Cancellarius
2748 3136 2764 3173 :
2796 3138 2891 3174 cur
2920 3139 3023 3176 non
3064 3124 3328 3190 similiter,

1759 3206 1948 3258 omisso
1979 3207 2347 3275 Metaphraste
2393 3211 2601 3263 nomine
2655 3212 2816 3280 (quod
2843 3213 2933 3267 ille
2981 3231 3013 3268 a
3046 3214 3173 3268 Vitis
3207 3234 3333 3271 san-

132 3320 212 3354 rutn
238 3321 465 3371 persona,
526 3319 752 3373 quorum
781 3302 973 3369 s:ylttm
1005 3301 1280 3354 emendare
1313 3316 1367 3353 se
1410 3299 1652 3363 credidit,
1684 3271 1724 3327 Ο
1759 3307 1959 3352 ctorum
2028 3301 2267 3371 accepit)
2337 3302 2658 3373 Symeonem
2730 3315 2934 3359 tantum
2997 3307 3331 3380 Theologum

128 3396 171 3444 de
187 3396 637 3448 diuersissimorum
672 3406 961 3460 temporum
988 3390 1195 3445 Sanctis
1218 3390 1514 3444 testimonia
1542 3406 1657 3457 pas-

126 3487 195 3535 sim
239 3488 597 3539 oculatissima
653 3486 833 3537 dicat?
897 3484 1019 3537 Vide
1072 3484 1253 3551 igitur,
1297 3483 1656 3535 amantissime

128 3575 231 3639 Leo,
271 3595 436 3631 annon
504 3587 559 3630 et
621 3579 997 3645 Metaphrastes
1054 3575 1181 3641 quid
1236 3574 1405 3627 simile
1453 3574 1651 3642 fecerit,

124 3668 287 3733 ideoque
319 3668 551 3723 Cionitaz
590 3668 766 3736 Alypii
812 3666 955 3730 Vita,
988 3678 1030 3719 et
1068 3667 1191 3717 alia:
1243 3665 1461 3728 similes,
1498 3664 1656 3717 nihilo

124 3765 255 3811 tamen
296 3762 461 3813 secius
501 3761 579 3812 ad
608 3759 1013 3827 Metapltrastem
1052 3757 1369 3823 pertineant,
1414 3756 1501 3825 qui
1534 3754 1647 3823 qui-

122 3854 204 3899 dem
246 3852 731 3906 diversissimarum
777 3859 994 3903 aetatum
1034 3850 1245 3902 testem'
1275 3846 1544 3899 oculatum
1603 3862 1657 3898 se

124 3942 248 3994 dicere
271 3946 534 4007 videatur,
582 3959 684 3995 non
716 3943 921 4012 quidem
946 3942 1002 3993 in
1022 3957 1142 4004 sua,
1174 3955 1351 3993 verum
1383 3939 1438 3991 in
1466 3941 1657 3991 Aucto—

120 4050 200 4084 rm
222 4052 450 4101 persona,
473 4050 615 4105 quos
643 4034 784 4103 loqui
811 4033 1137 4086 emendatius
1169 4030 1364 4084 docuit.
1400 4030 1655 4098 Exspecto

122 4126 217 4176 mira
242 4130 547 4194 cupiditate,
610 4127 732 4195 quid
796 4127 1011 4180 sentias.
1064 4125 1140 4179 De
1174 4126 1266 4177 illo
1317 4133 1491 4177 autem
1548 4124 1655 4176 loc'o

119 4212 472 4282 llataphras'az,
520 4233 634 4286 quo
695 4233 749 4269 se
785 4217 1063 4268 adltwsisse
1108 4215 1231 4267 dicit
1282 4212 1541 4277 Himerio,
1601 4221 1657 4264 ut

116 4311 235 4362 solere
281 4312 521 4364 videmus
584 4309 676 4361 τὸν
717 4308 894 4361 πῶλον
923 4307 1059 4378 πρὸς
1091 4308 1279 4377 μητρί,
1313 4306 1469 4374 plane
1509 4304 1578 4356 ad
1610 4317 1658 4355 te

118 4398 184 4456 llic,
211 4416 235 4449 α
262 4401 501 4467 partibus
553 4397 806 4451 Bollandi
841 4398 941 4450 mei
984 4397 1188 4449 discedo
1220 4412 1237 4449 :
1290 4412 1413 4448 nam
1454 4412 1507 4448 re
1536 4410 1656 4446 vera

118 4487 259 4541 talibus
294 4488 751 4559 ὑποκοριστικῶς
800 4489 977 4548 dictis,
1009 4485 1177 4541 ϐινωεὶ
1211 4487 1431 4554 inﬁnitis
1487 4486 1655 4539 modis

1757 3388 2059 3450 Juniorcm,
2084 3407 2271 3445 vocare
2305 3394 2432 3445 alibi
2461 3395 2657 3461 possit?
2701 3394 2829 3449 Cum
2865 3400 3151 3464 prtesertim
3180 3400 3332 3453 Iose-

1756 3482 1884 3545 phus
1918 3481 2258 3536 Methonensis
2323 3492 2538 3537 testetur
2567 3501 2684 3539 eum
2734 3489 2901 3553 reipsa
2940 3488 3196 3559 Theolotgi
3234 3489 3335 3544 ἆυ·-

1758 3574 1927 3627 nioris
1962 3576 2170 3628 nomine
2219 3577 2558 3645 indigitatum
2604 3579 2782 3647 fuisse,
2832 3581 2901 3632 ad
2943 3581 3331 3635 distinctionem

1759 3665 1864 3718 divi
1889 3664 2209 3719 Nazianzeni
2241 3683 2258 3720 :
2286 3669 2375 3737 qui
2409 3678 2552 3721 vetus
2587 3670 2798 3738 quidem
2830 3670 3130 3726 Cra-corum
3156 3673 3333 3727 Theo~

1761 3758 1904 3827 logus
1935 3764 2051 3813 est':
2082 3761 2233 3829 attigi
2258 3760 2393 3813 hanc
2426 3777 2533 3813 rem
2565 3761 2723 3829 paulo
2749 3762 2983 3830 pluribus
3004 3764 3057 3816 in
3084 3763 3332 3836 Prolego-

1760 3851 1923 3903 menis
1955 3866 2096 3903 num.
2132 3850 2225 3912 ‘28,
2268 3850 2360 3920 fol.
2396 3851 2517 3915 106,
2551 3853 2712 3905 etiam
2759 3868 2823 3905 ex
2868 3863 3039 3907 mente
3079 3854 3331 3910 Gretseri.

1760 3940 1837 3993 De
1864 3941 2066 3993 seniore
2104 3941 2296 4004 Psello,
2319 3943 2399 3995 vel
2429 3952 2709 4012 antequam
2741 3946 3047 3999 rescriberes
3074 3947 3221 4014 mihi,
3248 3966 3335 4001 co-

1758 4033 1990 4102 gitabam
2013 4033 2355 4102 jamdudum,
2390 4043 2437 4088 te
2476 4038 2516 4087 'a
2546 4034 2805 4088 Bollando
2837 4046 3013 4089 nostro
3059 4040 3335 4094 dissentire

1760 4138 1862 4176 non
1891 4139 2055 4191 posse.
2082 4122 2208 4177 Cum
2244 4124 2380 4175 enim
2410 4124 2641 4192 seipsum
2684 4125 3069 4193 Metaphrastes
3120 4133 3172 4179 in
3216 4146 3336 4181 san-

1759 4222 1853 4266 cla:
1902 4214 2211 4266 Theoctistes
2252 4212 2369 4266 Vita
2412 4214 2591 4283 (quam
2637 4213 2701 4267 ab
2745 4231 2804 4267 eo
2842 4218 3091 4284 scriptam
3127 4234 3236 4272 esse
3280 4236 3336 4273 se

1758 4307 1867 4370 ipso
1901 4314 2246 4371 monstrante,
2272 4303 2463 4357 Iunior
2497 4303 2699 4357 Psellus
2738 4306 2993 4376 afﬁrmat)
3040 4309 3133 4361 sub
3164 4309 3335 4364 Leone

1757 4396 1946 4449 Basilii
1984 4396 2280 4449 Macedonis
2310 4396 2421 4463 ﬁlio
2459 4394 2681 4464 publicis
2724 4398 3025 4451 muneribus
3053 4393 3177 4453 'esse
3210 4402 3333 4469 fun-

1760 4496 1895 4539 ctum
1922 4488 2176 4548 ostendat,
2218 4503 2369 4555 quem
2413 4496 2588 4539 tamen
2621 4485 2884 4540 Ctesarem
2916 4490 3092 4541 senior
3128 4489 3333 4545 Psellus

116 4580 348 4646 abundant,
386 4583 564 4635 etiam
599 4594 717 4632 cum
754 4579 819 4632 de
870 4579 1064 4633 adultis
1094 4580 1381 4649 loquuntur
1405 4594 1422 4631 :
1448 4579 1580 4631 sicut
1606 4586 1656 4629 et
1691 4598 1731 4651 ο
1762 4580 1910 4648 longe
1936 4579 2217 4641 praecessit,
2255 4594 2355 4630 non
2398 4578 2577 4648 utique
2612 4578 2779 4645 potuit
2820 4578 2928 4646 ipse
2962 4580 3134 4633 senior
3178 4578 3332 4636 Psel-

116 4669 297 4728 Csriststs
323 4675 633 4744 disc'pulos
659 4690 781 4727 suos
826 4688 928 4726 non
960 4672 1135 4741 utique
1172 4682 1283 4723 tum
1318 4677 1475 4723 aetate
1516 4684 1657 4736 pue-

116 4762 229 4827 rulos,
274 4766 466 4817 παιδία
526 4774 717 4816 tamen
773 4763 992 4814 vocavit.
1050 4761 1243 4826 Itaque
1276 4767 1491 4827 propter
1521 4758 1658 4810 alias

116 4856 225 4904 suam
269 4860 509 4910 rationes
562 4872 601 4907 a
664 4853 731 4907 Te
784 4853 1181 4921 praeclarissime
1233 4852 1450 4919 positas,
1485 4850 1657 4902 nullus

116 4948 261 5009 subite,
289 4950 727 5017 Jletaphrastem
777 4946 871 4997 sub
925 4945 1091 4998 Leone
1138 4943 1324 4996 Basilii
1358 4942 1658 4996 Macedonis

116 5038 511 5109 ﬂiioconfirmata
539 5041 673 5109 jam
713 5047 870 5091 aetate
913 5038 1080 5089 virum
1114 5036 1292 5104 fuisse.
1328 5033 1431 5086 Illa
1482 5042 1656 5085 tanten

116 5126 432 5199 iletaphrasttz
468 5131 596 5185 alia
649 5130 851 5197 scripta
884 5128 1021 5196 (cum
1080 5141 1172 5193 ego
1202 5133 1392 5192 prater
1418 5124 1655 5177 divorum

121 5217 243 5287 Vitas,
285 5234 332 5277 et
383 5224 540 5279 Odas
598 5220 866 5289 quasdam
913 5219 967 5270 in
1006 5217 1220 5271 Menteis
1262 5214 1353 5269 sub
1389 5214 1657 5284 Symeonis

115 5307 350 5380 ιοᾷθυιελω
376 5316 610 5369 nomine
652 5310 781 5363 nihil
839 5325 1071 5378 unquam
1099 5308 1247 5361 aliud
1288 5307 1529 5377 viderim)
1563 5306 1657 5358 illa

114 5404 397 5474 inmejus
427 5406 552 5459 alia
584 5404 818 5469 scripta,
850 5416 966 5470 quae
991 5400 1159 5453 multa
1195 5407 1243 5453 et
1273 5398 1657 5469 elegantissima

115 5514 173 5560 βπ
201 5505 342 5557 otium
384 5504 594 5557 vidisse
633 5510 683 5551 te
720 5500 920 5561 scribis,
954 5497 1110 5566 plane
1164 5511 1468 5565 cognoscere
1510 5510 1652 5548 aveo.

118 5584 215 5641 Nam
239 5596 289 5644 iu
310 5595 409 5646 hac
438 5589 623 5645 nobili
664 5586 907 5640 Diatriba
947 5596 1039 5639 tua
1081 5602 1287 5640 summo
1338 5603 1452 5638 cum
1481 5602 1659 5639 amore

116 5682 201 5733 sibi
225 5686 555 5745 transmissa,
612 5679 717 5732 etsi
748 5678 1158 5746 Metaphrastwa
1197 5687 1244 5731 te
1288 5677 1497 5745 scripta
1518 5676 1657 5745 infra

116 5784 487 5827 enumeraturum
521 5769 807 5841 pollicitus
836 5784 909 5833 es,
956 5779 1134 5822 tamen
1161 5769 1283 5821 aliis
1321 5769 1455 5836 forte
1502 5783 1658 5837 nego—

119 5867 173 5917 uis
193 5866 365 5933 factum
396 5863 761 5921 crediderim,
790 5871 847 5912 ut
891 5872 1080 5926 praeter
1118 5864 1462 5929 scriptionum
1496 5858 1658 5914 Pselli

296 5966 591 6027 PsraOL.
652 5957 769 6017 Gn.
825 5955 1041 6016 CXIV.

1761 4671 1859 4730 lus.
1918 4670 2274 4739 Metaphraste
2326 4669 2442 4738 jam
2504 4670 2780 4739 defuncto,
2844 4673 3139 4725 encomium
3199 4673 3334 4727 illud

1758 4763 2042 4829 scripsisse,
2072 4763 2209 4831 quod
2235 4762 2379 4827 apud
2402 4760 2638 4825 Surium,
2673 4773 2718 4814 et
2754 4762 2885 4814 alios
2922 4765 3133 4817 nomine
3174 4763 3335 4819 Pseli

1760 4854 2142 4921 circumfertur.
2170 4849 2359 4922 Itaque
2393 4853 2563 4904 nescio
2596 4853 2724 4922 quid
2753 4854 3048 4908 doctissimo
3078 4855 3334 4909 Bollando

1761 4953 1935 4995 nostro
1965 4943 2206 5005 evenerit,
2239 4958 2353 4994 cum
2379 4959 2495 4995 eam
2520 4943 2583 4995 de
2604 4944 2806 4996 seniore
2821 4943 2994 4997 Psello
3022 4948 3334 5001 sententiam

1761 5036 1853 5087 tibi
1883 5035 2177 5093 tribueret:
2218 5052 2523 5105 quanquam
2577 5036 2642 5089 Te
2696 5037 2833 5089 inter
2886 5037 3228 5093 doctissimos
3280 5051 3336 5094 et

1761 5128 1909 5181 viros
1942 5128 2155 5180 omnino
2209 5137 2389 5182 tantos
2432 5138 2658 5181 recenset
2714 5126 2795 5198 (ut
2851 5129 3042 5183 ibidem
3082 5131 3333 5202 loquitur)

1760 5234 1887 5287 quos
1918 5235 2013 5271 suo
2046 5218 2201 5286 plane
2234 5220 2420 5271 merito
2468 5219 2625 5271 colat.
2663 5218 2749 5272 list
2787 5230 2961 5273 autem
3006 5223 3185 5292 fragili
3214 5225 3336 5277 vita:

1760 5309 1854 5361 hoc
1884 5310 2176 5378 proprium,
2216 5318 2270 5360 ut
2302 5308 2383 5361 vel
2408 5309 2746 5376 festinatione
2785 5310 2971 5374 nimia,
2996 5311 3076 5363 vel
3101 5312 3335 5382 difﬁcul—

1763 5400 1956 5452 tatibus
1986 5398 2109 5451 aliis
2160 5398 2414 5466 absorpti,
2450 5415 2551 5452 non
2602 5416 2803 5467 semper
2832 5400 2929 5454 rite
2968 5418 3333 5473 assequamur,

1760 5506 1877 5559 quae
1907 5490 2001 5543 alii
2030 5491 2280 5543 sentiunt.
2329 5489 2479 5543 Sicut
2521 5492 2679 5545 etiam
2717 5491 2965 5558 arbitror,
3008 5493 3336 5550 Lansseliuns

1762 5593 1997 5634 nostrum
2028 5580 2171 5634 nullo
2199 5582 2347 5634 modo
2378 5598 2410 5633 a
2469 5591 2518 5635 te
2562 5582 2856 5644 dissentire,
2896 5583 3013 5636 licet
3065 5585 3118 5637 in
3170 5587 3335 5639 verbis

1762 5671 2155 5742 aliquantulum
2186 5655 2463 5741 discrepet,
2514 5689 2633 5725 cum
2661 5683 2896 5727 nostrum
2926 5675 3332 5744 Metaphrastem

1762 5762 1952 5817 steculo
1979 5761 2173 5817 Christi
2211 5764 2411 5817 decimo
2438 5764 2631 5831 posuit.
2665 5761 2807 5817 Nam
2838 5764 2974 5833 quod
2995 5773 3051 5817 tu
3091 5774 3337 5835 temporis

1764 5860 1994 5928 spatium
2025 5858 2090 5911 ab
2122 5875 2258 5912 anno
2290 5855 2485 5912 Chr'sti
2531 5856 2914 5927 nongentesimo
2958 5871 3119 5925 usque
3152 5856 3334 5915 mille‘

2986 5949 3021 6011 5
