4158 6472
815 412 914 477 139

2108 403 2383 465 LEONIS
2420 400 2726 461 ALLATII

3950 398 4047 461 140

808 540 1022 588 ειηιαηι,
1084 521 1332 575 sieculiim
1390 517 1583 571 Christi
1644 533 1836 569 nonum
1893 518 2130 586 appellas
2182 520 2386 587 (nempe
2416 522 2457 573 Α
2492 514 2651 566 tiinda
2676 513 2834 564 etiam
2856 526 2956 564 non
2976 509 3255 579 requisitas
3275 509 3540 578 appellant
3561 510 3816 564 animum.
3839 510 4054 565 Factum

806 617 1104 674 decursum,
1144 627 1207 663 ac
1251 611 1369 678 jant
1423 610 1579 675 plane
1632 609 1990 676 completum),
2056 609 2111 661 id
2167 610 2380 661 omnino

806 709 1053 775 temporis
1084 707 1315 775 spatium
1351 704 1651 758 Lansselius
1690 713 1885 766 noster,
1924 704 2174 756 sa'culum
2229 700 2383 753 Chri-

804 801 873 851 sti
915 800 1172 851 decimum
1230 809 1409 859 vocat,
1475 812 1655 863 nempe
1720 797 2043 859 inchoatum,
2091 804 2140 848 et
2204 794 2378 846 adhuc

806 907 1018 943 currens
1057 892 1438 963 millesimoque
1468 888 1663 944 Christi
1696 907 1837 944 anno
1869 891 2096 957 perfecte
2121 887 2378 953 complen-

804 983 951 1034 dum.

878 1076 952 1129 De
993 1074 1279 1143 Parallage
1324 1084 1567 1126 tonorum
1602 1071 1824 1126 Joannis
1874 1071 2117 1125 Lascaris
2148 1071 2202 1123 in
2252 1087 2376 1139 gra-

805 1171 935 1220 tiam
956 1183 1119 1219 meum
1138 1166 1417 1233 exscripta,
1435 1161 1551 1217 οἴδα
1577 1164 1674 1234 μέν
1699 1180 1779 1215 σοι
1803 1162 1960 1231 χάριν
1980 1162 2077 1233 τὴν
2096 1161 2373 1230 πλείστην.

815 1260 1007 1313 Vellem
1035 1270 1235 1322 tamen,
1276 1271 1330 1311 ut
1362 1259 1444 1311 hic
1479 1258 1702 1324 scriptor
1730 1257 1824 1308 has
1854 1256 1999 1324 ipsas
2025 1256 2194 1308 nudas
2228 1262 2377 1305 tono-

805 1369 920 1404 "iim
947 1352 1269 1420 diﬂ'erentias
1315 1348 1701 1416 deﬁnitionibus
1727 1346 1838 1399 suis
1874 1346 2201 1415 explicasset.
2244 1344 2377 1397 Amo

813 1446 1006 1494 mirunt
1055 1443 1108 1493 in
1134 1442 1344 1494 modum
1392 1438 1751 1491 incredibilem
1782 1437 1977 1490 amoris
2004 1452 2141 1503 erga
2173 1452 2255 1488 me
2302 1436 2379 1487 tui

804 1533 1212 1597 abundantiam,
1267 1547 1384 1583 cum
1419 1546 1500 1582 res
1554 1541 1662 1580 tam
1721 1527 1935 1590 multas,
1977 1526 2207 1591 mihique
2253 1525 2379 1577 insi-

803 1628 970 1695 gniter
1029 1624 1202 1685 utiles,
1261 1640 1325 1675 ac
1384 1636 1543 1689 prope
1576 1619 1897 1672 necessarias
1932 1633 1959 1671 e
2006 1617 2377 1682 manuscriptis

804 1716 1065 1769 codicibus
1118 1712 1267 1785 [139]
1316 1711 1500 1765 vestris
1548 1708 1932 1776 perliberaliter
1993 1708 2378 1760 communicare

805 1811 1035 1862 libuerit.
1080 1812 1246 1877 Agam
1293 1821 1383 1875 ego
1423 1805 1479 1857 in
1535 1815 1686 1870 parte
1710 1802 1938 1856 secunda
1982 1816 2119 1861 mea,
2154 1801 2291 1868 quod
2322 1800 2375 1851 in

2486 602 2631 657 Surii
2657 621 2758 655 nm
2781 606 2995 672 probas,
3028 618 3120 655 nec
3141 619 3234 673 ego
3258 604 3417 655 laudo
3436 620 3454 656 :
3489 619 3580 656 nec
3603 614 3727 672 puto
3743 604 3859 665 alii,
3880 605 3983 656 nisi
3996 607 4055 657 de

2483 696 2605 764 [ατε
2620 695 2849 748 homines
2868 695 3179 746 laudabunt.
3201 693 3405 747 Mutare
3420 695 3634 761 stglum,
3652 706 3859 747 mutare
3881 711 4054 747 rerum

2481 795 2528 837 et
2543 799 2883 850 personarum
2899 785 3107 851 faciem,
3137 784 3369 836 membra
3394 785 3555 837 etiam
3579 785 3694 853 ipsa
3722 785 3775 836 in
3792 784 4055 837 meliorem

2481 886 2701 938 statum,
2734 889 2785 927 iit
2814 876 3039 938 videtur,
3077 890 3404 941 componere,
3435 884 3716 944 posteaque
3753 892 3847 941 pro
3874 877 4056 928 iisdem

2480 970 2664 1033 primis
2693 970 2970 1020 ilivenilere
2992 983 3053 1020 ac
3076 967 3365 1036 publicare,
3395 970 3590 1020 astutia
3608 979 3701 1029 est,
3727 968 3944 1037 fallacia
3964 978 4054 1025 est,

2481 1062 2631 1129 fraus
2671 1070 2766 1123 est,
2799 1060 3096 1111 auctoribus
3127 1060 3228 1127 piis
3266 1075 3470 1112 sursum
3513 1077 3717 1113 versum
3764 1078 3819 1114 os
3868 1061 4055 1128 offucia

2479 1152 2736 1204 sublinere
2782 1161 2874 1213 est,
2932 1161 2989 1203 ut
3029 1152 3162 1203 nihil
3192 1153 3255 1205 tle
3288 1154 3543 1205 sententia
3573 1154 3767 1213 dicam,
3794 1168 3955 1216 quam
3990 1169 4057 1203 an

2480 1254 2678 1295 mutato
2702 1244 2855 1311 stylo,
2879 1242 3089 1311 ﬁrmant
3113 1244 3166 1296 in
3189 1245 3423 1296 omnibus
3442 1243 3521 1296 ille
3559 1246 3801 1306 tenuerit,
3827 1244 4057 1311 judicent

2478 1339 2588 1391 alii.
2617 1338 2685 1391 Ni
2708 1341 2841 1407 forte
2864 1338 3004 1405 apud
3033 1338 3311 1390 nonnullos
3342 1338 3544 1390 veniam
3564 1338 3662 1388 sibi
3678 1322 3897 1389 inveniet
3913 1338 4061 1404 fraus

2477 1430 2542 1482 ab
2571 1432 2703 1497 ipso,
2727 1431 2815 1493 qui
2839 1446 2954 1483 eam
2972 1429 3403 1491 comminiscitur,
3422 1430 3676 1498 professa.
3706 1426 3806 1481 Sed
3827 1429 3945 1497 quis
3964 1429 4057 1478 ini-

2478 1524 2677 1573 nimum
2696 1521 2961 1573 excusabit
2982 1537 3097 1572 eam
3119 1529 3359 1588 apertam
3385 1521 3627 1588 fraudem
3656 1535 3759 1571 non
3789 1535 3923 1580 esse,
3944 1535 4059 1570 cum

2483 1613 2663 1667 Lector
2688 1610 2920 1666 Suriana
2950 1615 3015 1666 ab
3053 1615 3284 1666 auctoris
3310 1613 3527 1683 geminis
3554 1612 3720 1665 uerbis
3756 1612 4060 1679 dignoscere

2480 1724 2581 1761 non
2604 1706 2815 1761 ualeat?
2843 1707 3062 1760 Poterat
3099 1708 3187 1760 ille
3208 1724 3305 1760 sua
3334 1708 3701 1759 characterunt
3741 1706 3869 1770 alio,
3901 1720 4061 1772 atque

2480 1799 2588 1853 alio
2632 1814 2816 1870 genere
2861 1798 2919 1851 in
2967 1798 3087 1866 ipsa
3113 1799 3341 1852 editione
3384 1799 3450 1851 ab
3480 1799 3603 1850 aliis
3628 1798 3967 1867 distinguere,
4005 1806 4057 1847 ut

802 1903 973 1962 prima
992 1875 1274 1967 jam—carpi
1302 1915 1321 1951 :
1366 1906 1524 1966 atque
1564 1895 1915 1965 germanitate
1938 1905 2164 1955 summa,
2218 1900 2274 1943 ut
2304 1890 2383 1943 vel
2415 1875 2454 1931 Β
2484 1893 2654 1962 fecere
2698 1893 2753 1944 in
2801 1890 3237 1958 Interpretatione
3284 1890 3593 1959 Thucydidis
3639 1907 3671 1943 a
3730 1890 3876 1943 Valla
3937 1906 4059 1941 con~

802 2003 979 2060 patria
1024 2008 1137 2046 mea
1194 1990 1439 2060 requirit,
1500 1991 1691 2041 iterato
1728 1985 1954 2055 fatebor,
1998 1999 2158 2052 quam
2188 1980 2376 2045 multa,

806 2088 874 2137 nti
936 2084 1057 2145 Leu,
1109 2082 1176 2134 ab
1232 2079 1506 2133 excellenti
1570 2075 1862 2130 eruditione
1925 2084 2022 2127 tua
2080 2072 2378 2125 didicerim.

806 2175 1072 2229 Francisci
1134 2172 1309 2228 Scorsi
1342 2174 1507 2225 nostri
1551 2170 1928 2239 Theophanem,
1963 2182 2230 2236 nunquam
2285 2165 2381 2216 lia-

803 2281 979 2321 ctenus
1032 2267 1139 2319 vidi
1176 2284 1190 2317 :
1229 2282 1331 2318 non
1355 2263 1535 2316 dubito
1565 2263 1830 2316 eruditum
1860 2260 2010 2314 valde
2041 2261 2379 2326 interpretem

802 2376 943 2418 esse;
978 2360 1066 2411 sed
1098 2359 1160 2410 de
1191 2357 1304 2425 ejus
1335 2356 1576 2410 (ἴεν-αιηεὶ
1618 2364 1773 2408 aetate
1803 2368 2008 2422 unaque
2058 2353 2121 2404 de
2170 2365 2377 2403 summa

804 2450 1013 2517 Rogerii
1040 2449 1319 2519 φιλοτιμίᾳ
1370 2449 1422 2499 in
1453 2447 1745 2515 appetendo
1797 2444 1951 2497 titulo
2005 2442 2181 2513 Regis,
2210 2452 2380 2494 tecum

803 2540 1094 2607 plenissime
1151 2538 1317 2590 sentio
1352 2552 1414 2589 ex
1445 2536 1679 2603 pluribus
1710 2538 1883 2588 causis
1942 2550 1959 2587 :
2008 2531 2253 2600 proinde,
2283 2530 2379 2584 illa

805 2630 868 2681 de
900 2629 1107 2697 Rogerii
1141 2628 1349 2679 nomine
1373 2625 1667 2688 subtilitas,
1701 2634 1957 2693 tanquam
1982 2624 2230 2676 mendosa
2260 2620 2381 2674 ἀντὶ

806 2721 903 2788 τῆς
930 2721 1094 2789 ῥὸγας
1129 2719 1299 2787 posita
1326 2718 1511 2786 fuerit,
1542 2717 1660 2785 plus
1690 2732 1771 2769 me
1798 2715 2047 2779 delectat,
2085 2731 2240 2784 quant
2268 2731 2383 2767 mo-

812 2822 906 2866 uet.
953 2812 1027 2864 De
1060 2809 1399 2864 Cenebrardo
1448 2809 1576 2878 quid
1631 2809 1849 2863 dicam?
1888 2805 2180 2861 Tantumne
2210 2811 2381 2861 uirum

806 2905 861 2957 in
897 2904 1002 2957 illis
1039 2902 1219 2957 Suidie
1259 2902 1423 2955 verbis
1478 2902 1852 2970 intelligendis,
1897 2916 2012 2969 qua!
2067 2901 2381 2953 mentionem

809 2999 871 3049 de
900 2996 1149 3064 Symeone
1181 2994 1469 3065 Logotheta
1520 2994 1743 3063 faciunt,
1796 3001 1905 3045 tam
1957 2993 2179 3059 turpiter
2235 2990 2381 3045 labi?

813 3092 876 3140 At
910 3089 997 3140 ille
1030 3087 1360 3149 Caminiata,
1397 3101 1548 3154 quem
1576 3086 1631 3137 in
1661 3084 2025 3137 tua-diatiiba
2074 3084 2229 3145 citas,
2265 3084 2381 3151 quis

809 3182 918 3235 est?
953 3196 1073 3234 nam
1109 3191 1156 3233 et
1184 3180 1317 3233 hunc
1344 3194 1610 3247 nunquam
1643 3178 1841 3231 editum
1865 3186 2011 3244 puto,
2036 3184 2090 3229 ut
2113 3186 2161 3229 et
2184 3176 2379 3229 Cinna-
2405 3211 2448 3269 ο

810 3290 951 3325 munt
1002 3274 1171 3337 illum,
1212 3272 1364 3341 cujus
1425 3287 1561 3323 nunc
1594 3280 1768 3323 tamen
1821 3270 2099 3322 editionem
2130 3268 2379 3321 Possinus

810 3378 983 3419 noster
1009 3366 1253 3417 adornat.
1281 3363 1363 3417 Ita
1396 3364 1645 3415 nimirum
1670 3378 1782 3431 ego,
1819 3362 1908 3429 qui
1928 3361 2143 3430 jamdiu
2175 3359 2383 3414 θνατο-

812 3475 928 3511 rum
964 3468 1199 3510 auctores
1234 3472 1408 3509 omnes
1447 3471 1749 3525 cognoscere
1773 3455 1975 3517 studeo,
2007 3454 2178 3507 adhuc
2204 3453 2383 3521 inﬁni-

810 3561 886 3605 tos
917 3566 1182 3619 superesse
1234 3563 1409 3612 cerno,
1457 3564 1584 3617 quos
1637 3547 1887 3600 nesciam.
1940 3544 2139 3599 Licebit
2193 3548 2277 3599 hic
2307 3548 2385 3599 iii-

808 3647 934 3695 rteas
968 3682 981 3704 ,
1053 3642 1123 3694 mi
1172 3640 1313 3703 Leo,
1379 3656 1575 3693 memor
1628 3639 1742 3691 triti
1800 3638 1945 3691 illius
1992 3639 2055 3691 de
2102 3637 2383 3691 Macedone

808 3744 1020 3801 propter
1076 3731 1362 3785 Democriti
1417 3732 1637 3784 mundos
1674 3730 1906 3797 inﬁnitos
1968 3730 2135 3793 irato;
2189 3739 2241 3781 ut
2291 3730 2380 3795 qui

810 3828 1037 3876 nonduin
1066 3824 1145 3877 vel
1185 3840 1344 3875 unum
1370 3823 1525 3889 probe
1554 3824 1858 3891 subegisset.
1883 3820 2029 3873 Mitto
2065 3837 2199 3872 nunc
2227 3820 2385 3873 simul

809 3931 852 3970 et
895 3919 1057 3971 semel
1104 3928 1267 3970 totam
1316 3926 1520 3983 partem
1572 3916 1707 3967 hanc
1738 3915 1999 3981 primam;
2032 3925 2187 3983 utque
2233 3913 2382 3967 illam

807 4014 862 4064 in
892 4012 1075 4079 pignus
1104 4010 1353 4061 amicitia!
1399 4016 1589 4061 nostra:
1644 4006 1949 4060 Itomiuatio
2003 4005 2185 4059 Vestra
2236 4022 2385 4059 acce—

808 4114 957 4169 ptare
1006 4103 1268 4171 dignetur,
1316 4100 1504 4167 δέομαι
1550 4098 1651 4165 τῆς
1709 4098 1807 4166 σῆς
1836 4097 2248 4168 φιλανθρωπίας
2286 4098 2382 4168 τῆς

810 4200 971 4244 πάνυ.
1006 4190 1269 4242 Munacltii
1299 4189 1368 4242 29
1396 4187 1529 4240 Maii
1556 4187 1711 4241 1648.

882 4281 1304 4336 limnanissimis
1340 4280 1424 4334 his
1466 4280 1664 4332 litteris
1692 4279 1825 4332 milii
1865 4280 1935 4333 ob
1999 4295 2165 4333 novas
2198 4281 2382 4334 turbas

812 4379 864 4428 iit
907 4372 1127 4426 Bavaria
1186 4381 1403 4425 exortus
1456 4370 1726 4439 principio
1783 4373 1987 4424 mensis
2045 4372 2381 4439 Septembris

809 4461 1055 4523 redditis,
1088 4460 1269 4513 statim
1304 4460 1376 4511 ita
1408 4459 1660 4526 respondi
1692 4477 1705 4511 :
1735 4460 2029 4512 Admodum
2084 4460 2381 4514 Reverenilo

2481 1985 2674 2050 scripta
2727 1981 3019 2051 Stephanus
3077 1992 3125 2035 et
3183 1981 3395 2036 Portus.
3453 1982 3581 2037 Tum
3636 1981 3795 2037 Suria
3850 1984 4059 2052 gratias

2481 2093 2775 2147 ageremus,
2821 2076 2959 2145 quod
3007 2074 3153 2129 illius
3200 2091 3377 2143 opera,
3429 2084 3478 2127 et
3528 2086 3793 2131 auctorem
3833 2087 4057 2128 ueterem

2484 2167 2634 2240 [HO]
2699 2168 3032 2232 haberemus,
3074 2177 3122 2221 et
3167 2167 3311 2219 illius
3340 2167 3513 2221 studio
3561 2167 3954 2237 elegantiorem,
4011 2176 4059 2219 et

2481 2261 2587 2313 ictu
2611 2260 2746 2313 oculi
2764 2273 2811 2314 et
2833 2258 3090 2323 Suriana,
3115 2269 3164 2313 et
3194 2259 3440 2313 Auctoris
3469 2260 3646 2321 verba,
3668 2259 4060 2327 sententiasque

2480 2354 2851 2422 conferremus.
2907 2353 3030 2407 Mihi
3064 2369 3192 2407 sane
3238 2369 3384 2422 teque
3418 2368 3481 2405 ac
3509 2353 3601 2405 tibi
3630 2352 3851 2419 simplex
3896 2352 4057 2415 illud,

2482 2448 2795 2515 minimeque
2833 2448 3068 2516 {uentum
3120 2447 3329 2500 dicendi
3389 2462 3570 2516 genus,
3608 2447 3745 2515 quod
3785 2455 4061 2515 tantopere

2482 2538 2748 2591 admirata
2785 2543 2860 2590 est
2913 2535 3223 2597 Christiana
3252 2537 3544 2607 antiquitas
3582 2549 3910 2601 summopere
3938 2550 4061 2600 per-

2480 2630 2669 2696 placet,
2707 2637 2756 2682 et
2781 2630 2972 2681 veritas
2996 2629 3059 2681 ab
3109 2629 3251 2681 omni
3282 2638 3473 2681 ornatu
3517 2628 3783 2680 denudata
3814 2632 4060 2678 animum

2482 2722 2773 2774 acrioribus
2827 2721 3057 2774 stimulis
3108 2722 3176 2773 ad
3225 2722 3472 2787 pietatem
3520 2722 3711 2773 excitat
3752 2735 3770 2774 :
3826 2736 3926 2772 non
3984 2722 4061 2770 ita

2481 2824 2657 2866 tamen
2678 2826 2733 2867 ut
2763 2830 2844 2867 res
2873 2814 2980 2867 illa:
3010 2814 3319 2883 elegantiori
3344 2814 3481 2884 stglo
3511 2815 3778 2881 expositas,
3822 2824 3873 2866 et
3902 2828 4070 2870 ania-

2481 2906 2710 2959 nioribus
2768 2906 3000 2959 colorum
3050 2907 3281 2973 ﬂosculis
3329 2907 3670 2959 interstincta:
3720 2906 4059 2974 rejiciantur.

2480 2996 2801 3066 Complector
2831 3014 3034 3052 summe
3068 3000 3345 3068 elegantes,
3380 3011 3426 3052 et
3469 2998 3692 3051 Latinas
3713 2998 3920 3051 dicendi
3947 2999 4066 3066 fur-

2481 3092 2653 3143 mulas
2683 3106 2801 3143 cum
2826 3092 3040 3144 veritate
3063 3092 3392 3160 conjunctae,
3425 3092 3612 3160 quibus
3650 3094 3852 3145 doctior
3881 3090 4067 3157 factus

2481 3196 2586 3232 una
2621 3181 2870 3245 pietatem
2898 3182 3132 3234 addisco.
3162 3180 3265 3235 Sed
3305 3182 3435 3235 mihi
3465 3198 3635 3235 sermo
3673 3193 3745 3235 est
3768 3184 3831 3235 de
3854 3193 4067 3235 mutato

2484 3273 2535 3324 in
2580 3272 2806 3324 aliorum
2862 3273 3069 3341 scriptis
3104 3272 3259 3340 stylo.
3318 3284 3599 3343 posteaque
3652 3274 3757 3327 illis
3810 3276 4066 3327 Auctoris

2482 3363 2639 3427 primi
2683 3364 2891 3416 nomine
2950 3350 3062 3417 sine
3090 3364 3200 3415 ulla
3231 3366 3541 3417 mutationis
3585 3376 3708 3417 nota
3753 3366 4063 3432 divenditis,

2487 3451 2772 3506 Videndum
2818 3462 2912 3515 est,
2943 3454 3026 3506 An
3069 3462 3124 3506 et
3177 3452 3576 3523 Metaplirastes
3607 3454 3736 3523 quid
3770 3455 3945 3507 simile
3982 3456 4064 3506 ie-

2482 3545 2633 3597 cerit.
2694 3543 2987 3597 Videamus.
3040 3544 3273 3606 Psellus,
3335 3548 3423 3613 qui
3464 3546 3640 3598 omnia
3686 3546 4068 3611 Metaphrasta?

2482 3636 2659 3687 studia
2700 3636 2753 3687 in
2802 3637 3085 3689 scribendis
3140 3637 3265 3690 Vitis
3318 3648 3619 3690 sanctorum
3662 3640 4067 3692 accuratissime

2482 3738 2783 3794 prosecutus
2858 3736 2953 3790 est,
3006 3729 3243 3796 quamvis
3307 3730 3538 3794 dixerat,
3608 3730 3746 3782 male
3798 3744 4064 3800 comptas,

2484 3820 2840 3889 inurbaneque
2874 3821 3195 3887 conscriptas
3238 3820 3556 3889 elegiintiore
3583 3822 3719 3888 siglo
3754 3838 4067 3887 enarrasse,

2484 3924 2751 3977 nunquam
2814 3919 2986 3963 tamen
3019 3913 3170 3971 dixit,
3204 3912 3259 3963 in
3307 3912 3567 3972 alquibus
3615 3913 3807 3981 stglum
3865 3918 4073 3966 immu-

2486 4010 2663 4065 tasse;
2715 4003 2768 4053 in
2799 4004 3063 4071 aliquibus
3109 4005 3184 4054 ita
3224 4014 3275 4055 ut
3317 4018 3429 4055 erat
3478 4005 3748 4073 reliquisse
3779 4024 3797 4059 .'
3828 4023 4074 4073 posme—

2483 4094 2609 4145 dunt
2648 4092 2706 4145 Vi
2732 4109 2815 4145 am
2857 4095 3007 4146 illuni
3051 4098 3148 4146 sub
3195 4096 3355 4161 primi
3405 4097 3675 4162 scriptoris
3724 4102 3932 4150 nomine
3962 4116 4069 4163 pu-

2483 4183 2720 4237 blica».
2764 4183 2907 4248 Quod
2957 4195 3005 4237 et
3064 4201 3241 4238 verum
3294 4197 3407 4246 est;
3452 4203 3575 4239 nam
3610 4185 3832 4256 Symeun
3890 4188 4069 4253 Vitas,

2482 4294 2612 4345 quas
2640 4280 2736 4330 sibi
2766 4278 2993 4330 scribere
3036 4289 3377 4345 proposuerat
3400 4320 3412 4341 ,
3457 4280 3534 4331 ita
3572 4281 3627 4331 in
3657 4281 3820 4332 altuin
3854 4298 4071 4336 sermo-

2483 4386 2598 4423 nem
2638 4371 2843 4434 extulit,
2871 4382 2926 4423 ut
2973 4388 3133 4439 prope
3160 4374 3275 4440 jam
3309 4386 3472 4427 essent
3528 4377 3817 4429 elocutione
3864 4395 3895 4429 a
3946 4382 4073 4443 pri-

2484 4466 2581 4516 mis
2609 4463 2712 4516 illis
2735 4464 2973 4527 diversae,
3003 4465 3220 4533 ideoque
3271 4482 3394 4519 suas
3448 4467 3851 4537 Μεταᾳράσεις,
3887 4468 4075 4522 Meta-

810 4551 985 4614 Patri,
1024 4549 1437 4617 Doctissimoque
1467 4546 1671 4601 Simoni
1711 4547 2082 4615 Wagnerecltio
2115 4549 2218 4603 Leo
2276 4549 2375 4604 ΑΙ·-
2408 4542 2450 4597 Ῑ)
2478 4555 2725 4624 phrases,
2758 4556 2811 4607 in
2842 4556 3006 4609 aliam
3049 4572 3230 4623 nempe
3257 4557 3491 4626 linguam
3519 4575 3793 4612 conuersas
3828 4564 4071 4623 uocauit,

810 4645 967 4696 latius
1041 4640 1097 4695 S.
1171 4640 1235 4695 P.
1290 4640 1357 4693 ι).
1421 4638 1541 4693 Mea
1586 4642 1648 4693 de
1701 4642 1957 4709 Symeone
2018 4641 2374 4709 Metaphraste

808 4746 946 4789 ducta
980 4735 1192 4803 probari
1223 4734 1311 4786 abs
1339 4742 1404 4798 te,
1454 4734 1712 4801 triumpho
1746 4744 1793 4787 et
1822 4736 2023 4803 gaudeo
2044 4750 2062 4787 :
2087 4736 2205 4803 jam
2235 4737 2372 4788 enim

808 4829 871 4881 ab
909 4829 1332 4881 adversariorum
1387 4828 1525 4888 telis,
1553 4842 1828 4896 morsuque
1888 4837 2028 4880 tutus
2075 4832 2162 4881 vix
2200 4845 2287 4881 ero
2342 4845 2373 4881 a

811 4922 1138 4983 Doctissinto,
1186 4931 1233 4973 et
1282 4937 1458 4973 rerum
1486 4920 1674 4972 harum
1707 4920 2077 4973 callentissimo
2105 4923 2370 4988 probatus.

814 5017 873 5069 lit
905 5030 1080 5067 verum
1116 5014 1309 5082 fatear,
1340 5014 1598 5066 haerebam
1627 5024 1782 5067 antea
1816 5028 1919 5065 non
1952 5030 2160 5078 parum,
2186 5017 2375 5079 penite-

808 5108 1027 5173 bomque
1058 5106 1244 5169 animi,
1287 5105 1514 5173 mihique
1534 5104 1917 5173 quodammodo
1952 5105 2240 5157 metuebam
2295 5105 2376 5156 in-

808 5202 962 5260 scius,
1016 5214 1084 5249 an
1137 5212 1250 5265 qua:
1280 5198 1387 5263 ipse
1416 5197 1479 5249 de
1526 5195 1897 5264 Metaphrastte
1931 5206 2104 5260 (etate,
2148 5206 2197 5248 et
2255 5198 2377 5250 aliis

809 5295 1218 5357 disputaveram,
1256 5288 1348 5341 tibi
1382 5288 1645 5356 placitura
1690 5297 1879 5350 essent,
1917 5304 2080 5357 neque
2104 5289 2273 5356 potius
2296 5290 2377 5340 ad

809 5382 1200 5443 correctionem,
1221 5395 1377 5449 quam
1399 5380 1465 5431 ad
1487 5378 1708 5448 gloriam
1734 5390 2061 5448 comparata.
2086 5380 2223 5443 Quid
2241 5382 2377 5433 enim

806 5490 1021 5539 sperare
1059 5483 1291 5539 poteram
1318 5473 1372 5523 in
1397 5472 1545 5524 rebus
1581 5472 1970 5533 occultissimis,
1997 5482 2044 5525 et
2068 5489 2099 5523 a
2132 5473 2256 5525 viris
2279 5484 2380 5526 tute

809 5564 1084 5616 Societatis
1114 5563 1349 5628 apprime
1389 5562 1603 5614 eruditis
1648 5562 1779 5614 adeo
1827 5562 1993 5614 solide
2046 5564 2380 5627 pertractatis

810 5656 1055 5726 ingenioli
1080 5655 1181 5706 mei
1200 5653 1421 5706 tantillis
1442 5654 1636 5706 viribus
1664 5654 1841 5706 nisus?
1876 5652 2009 5705 Dum
2036 5654 2243 5706 interim
2268 5656 2383 5707 lau-

810 5750 905 5801 dor
926 5749 1013 5799 alis
1030 5758 1076 5798 te
1102 5746 1397 5813 placeoque,
1419 5746 1612 5797 laboris
1620 5746 1975 5814 jamfsuscepti
1999 5761 2089 5797 nec
2116 5746 2265 5797 modo
2278 5761 2383 5812 pae-

811 5852 934 5893 t.-tet
971 5856 1059 5893 nec
1086 5840 1345 5907 paenitebit
1370 5840 1708 5907 imposterum
1733 5854 1748 5890 :
1779 5839 1883 5890 into
1913 5839 1981 5891 ad
2010 5836 2209 5890 similia
2236 5853 2383 5891 scru-

2476 4657 2522 4700 et
2552 4647 2644 4698 sub
2668 4663 2761 4699 suo
2790 4649 3019 4709 nomine,
3061 4648 3257 4701 abolito
3288 4661 3457 4702 vetere
3483 4652 3755 4717 scriptore,
3779 4654 3860 4704 edi
3898 4669 4073 4705 cura-

2475 4740 2566 4789 uit.
2592 4738 2655 4789 Et
2688 4738 2805 4791 licet
2841 4740 2894 4790 in
2923 4740 3155 4806 antiquis
3181 4742 3450 4808 scriptoris
3502 4741 3651 4809 ﬁeret
3676 4746 3896 4806 mentio,
3937 4747 4074 4797 Me-

2476 4830 2773 4895 taphrastes
2805 4839 2982 4882 tamen
3014 4830 3159 4883 illius
3179 4847 3451 4897 suppresso
3479 4834 3708 4895 nomine,
3737 4845 4075 4900 ttetempora

2476 4921 2943 4988 confunderentur,
2998 4923 3204 4989 reliqua
3259 4924 3355 4975 sibi
3419 4925 3641 4989 probata
3688 4926 3882 4991 scripto
3932 4942 4075 4980 con-

2475 5011 2718 5077 signuvit.
2767 5011 2860 5064 l’bi
2889 5028 3008 5063 vero
3041 5014 3312 5074 scriptoris
3363 5017 3691 5084 Antiquior's
3740 5022 4075 5073 memoriam

2478 5102 2648 5168 facere
2693 5102 2877 5166 t-oluit,
2928 5104 2981 5154 id
3039 5105 3114 5155 ita
3164 5105 3304 5173 fecit,
3342 5115 3398 5157 ut
3459 5122 3559 5160 non
3594 5108 3854 5160 uideretur
3908 5112 4077 5166 illius

2485 5193 2628 5252 Viue.
2680 5210 2833 5262 quant
2885 5196 3335 5248 commentabatur
3380 5196 3629 5265 Symeon.
3687 5210 3905 5272 auctqr,
3959 5210 4069 5254 sed

2479 5284 2736 5348 alterius,
2804 5301 2919 5354 qua:
2979 5296 3101 5339 ante
3169 5289 3337 5351 ipsum
3412 5291 3898 5357 circumferebatur.
3976 5293 4078 5345 ιτ-

2481 5386 2586 5429 tam
2671 5378 2807 5429 enini
2882 5378 3034 5430 illam
3098 5389 3221 5431 ante
3285 5396 3340 5432 se
3414 5382 3777 5446 conscripsisse
3842 5383 4077 5450 fatebar

2482 5480 2568 5522 tur
2611 5471 2764 5532 hunc,
2822 5472 2901 5523 vel
2955 5471 3104 5524 illum
3154 5474 3479 5539 scriptorem.
3536 5472 3597 5526 Id
3656 5475 3896 5539 exemplo
3961 5491 4078 5540 pa-

2484 5563 2673 5614 tentius
2716 5562 2822 5631 ﬁet.
2873 5562 2938 5617 In
2990 5563 3104 5615 Vita
3149 5562 3414 5632 Synteonis
3449 5562 3656 5633 Stylitie
3697 5568 3751 5617 in
3781 5565 4020 5620 Handra
4053 5584 4076 5622 :

2484 5652 2775 5721 Συμεώνην
2796 5653 2886 5704 τὸν
2912 5654 3074 5716 πάνυ,
3102 5654 3164 5705 τὸ
3199 5654 3340 5721 μέγα
3380 5653 3563 5722 θαῦμα.
3601 5656 3696 5723 τῆς
3723 5658 4077 5728 οἰκουμένης

2485 5745 2579 5796 καὶ
2613 5745 2731 5795 ὅσοι
2757 5744 2855 5813 τῆς
2901 5746 3001 5812 γῆς
3043 5746 3169 5798 tilio
3217 5762 3269 5797 τι
3303 5747 3465 5815 μέρος
3507 5746 3690 5815 λαχεῖν
3742 5747 3960 5815 Utar”.
3997 5752 4077 5803 Οἱ

2490 5838 2588 5907 μὲν
2643 5836 2764 5906 bbe:
2836 5838 2901 5891 τὰ
2946 5838 3178 5899 ἐκείνω,
3232 5840 3279 5889 οἱ
3324 5838 3379 5890 δὲ
3432 5840 3567 5908 ἀκοῇ
3615 5841 4070 5907 π>ραὶ.;ιῦὀ·ττξς,
