  <div class='ocr_page' id='page_1' title='image "/cluster/home/n/w/nwhite01/storage/ocr_20150623/114/nnc1.0046980210/081.png"; bbox 0 0 4158 6472; ppageno 0'>
   <div class='ocr_carea' id='block_1_1' title="bbox 877 442 977 505">
    <p class='ocr_par' dir='ltr' id='par_1_1' title="bbox 877 442 977 505">
     <span class='ocr_line' id='line_1_1' title="bbox 877 442 977 505; baseline 0 -1"><span class='ocrx_word' id='word_1_1' title='bbox 877 442 977 505; x_wconf 72' lang='lat'><strong><em>143</em></strong></span> 
     </span>
    </p>
   </div>
   <div class='ocr_carea' id='block_1_2' title="bbox 2194 430 2449 497">
    <p class='ocr_par' dir='ltr' id='par_1_2' title="bbox 2194 436 2449 497">
     <span class='ocr_line' id='line_1_2' title="bbox 2194 436 2449 497; baseline -0.027 0"><span class='ocrx_word' id='word_1_2' title='bbox 2194 436 2449 497; x_wconf 47' lang='grc' dir='ltr'>[κωκυ</span> 
     </span>
    </p>
   </div>
   <div class='ocr_carea' id='block_1_3' title="bbox 2552 430 4103 497">
    <p class='ocr_par' dir='ltr' id='par_1_3' title="bbox 2565 430 4103 493">
     <span class='ocr_line' id='line_1_3' title="bbox 2565 430 4103 493; baseline -0.003 0"><span class='ocrx_word' id='word_1_3' title='bbox 2565 437 2650 493; x_wconf 83' lang='lat' dir='ltr'><strong><em>LI.</em></strong></span> <span class='ocrx_word' id='word_1_4' title='bbox 2673 436 2815 492; x_wconf 60' lang='grc' dir='ltr'><strong><em>’.ΤΗ</em></strong></span> <span class='ocrx_word' id='word_1_5' title='bbox 4026 430 4103 489; x_wconf 70' lang='lat' dir='ltr'><strong><em>Nl</em></strong></span> 
     </span>
    </p>
   </div>
   <div class='ocr_carea' id='block_1_4' title="bbox 867 542 4107 619">
    <p class='ocr_par' dir='ltr' id='par_1_4' title="bbox 867 542 4107 619">
     <span class='ocr_line' id='line_1_4' title="bbox 867 542 4107 619; baseline -0.004 -12"><span class='ocrx_word' id='word_1_6' title='bbox 867 575 972 617; x_wconf 61' lang='lat' dir='ltr'><strong><em>tum</em></strong></span> <span class='ocrx_word' id='word_1_7' title='bbox 1031 558 1253 609; x_wconf 86' lang='lat' dir='ltr'><strong><em>aliorum</em></strong></span> <span class='ocrx_word' id='word_1_8' title='bbox 1310 562 1579 614; x_wconf 69' lang='lat' dir='ltr'><strong><em>cnurrant,</em></strong></span> <span class='ocrx_word' id='word_1_9' title='bbox 1642 551 2007 619; x_wconf 81' lang='lat' dir='ltr'><strong><em>pronuntiant,</em></strong></span> <span class='ocrx_word' id='word_1_10' title='bbox 2072 551 2452 618; x_wconf 80' lang='lat' dir='ltr'><strong><em>Mctaphrastcs</em></strong></span> <span class='ocrx_word' id='word_1_11' title='bbox 2486 550 2525 605; x_wconf 68' lang='grc' dir='ltr'>Α</span> <span class='ocrx_word' id='word_1_12' title='bbox 2564 547 2699 597; x_wconf 86' lang='lat' dir='ltr'><strong><em>alias</em></strong></span> <span class='ocrx_word' id='word_1_13' title='bbox 2739 545 2897 597; x_wconf 80' lang='lat' dir='ltr'><strong><em>l’sclli</em></strong></span> <span class='ocrx_word' id='word_1_14' title='bbox 2923 545 3328 608; x_wconf 65' lang='lat' dir='ltr'><strong><em>lucubrationes,</em></strong></span> <span class='ocrx_word' id='word_1_15' title='bbox 3382 544 3653 611; x_wconf 83' lang='lat' dir='ltr'><strong><em>epistolam</em></strong></span> <span class='ocrx_word' id='word_1_16' title='bbox 3684 543 3751 595; x_wconf 81' lang='lat' dir='ltr'><strong><em>ad</em></strong></span> <span class='ocrx_word' id='word_1_17' title='bbox 3802 542 4107 608; x_wconf 75' lang='lat' dir='ltr'><strong><em>Xiphilinum</em></strong></span> 
     </span>
    </p>
   </div>
   <div class='ocr_carea' id='block_1_5' title="bbox 865 639 2439 711">
    <p class='ocr_par' dir='ltr' id='par_1_5' title="bbox 865 639 2439 711">
     <span class='ocr_line' id='line_1_5' title="bbox 865 639 2439 711; baseline -0.007 -11"><span class='ocrx_word' id='word_1_18' title='bbox 865 665 964 700; x_wconf 85' lang='lat' dir='ltr'><strong><em>nou</em></strong></span> <span class='ocrx_word' id='word_1_19' title='bbox 993 649 1106 704; x_wconf 75' lang='lat' dir='ltr'><strong><em>sibi.</em></strong></span> <span class='ocrx_word' id='word_1_20' title='bbox 1140 664 1201 697; x_wconf 86' lang='lat' dir='ltr'><strong><em>ac</em></strong></span> <span class='ocrx_word' id='word_1_21' title='bbox 1243 646 1285 696; x_wconf 89' lang='lat' dir='ltr'><strong><em>si</em></strong></span> <span class='ocrx_word' id='word_1_22' title='bbox 1339 646 1444 710; x_wconf 81' lang='lat' dir='ltr'><strong><em>ipse</em></strong></span> <span class='ocrx_word' id='word_1_23' title='bbox 1470 644 1785 711; x_wconf 81' lang='lat' dir='ltr'><strong><em>loqueretur,</em></strong></span> <span class='ocrx_word' id='word_1_24' title='bbox 1841 642 1975 709; x_wconf 90' lang='lat' dir='ltr'><strong><em>quod</em></strong></span> <span class='ocrx_word' id='word_1_25' title='bbox 2008 639 2197 694; x_wconf 85' lang='lat' dir='ltr'><strong><em>Surius</em></strong></span> <span class='ocrx_word' id='word_1_26' title='bbox 2226 641 2439 707; x_wconf 75' lang='lat' dir='ltr'><strong><em>fecerat,</em></strong></span> 
     </span>
    </p>
   </div>
   <div class='ocr_carea' id='block_1_6' title="bbox 864 732 2442 801">
    <p class='ocr_par' dir='ltr' id='par_1_6' title="bbox 864 732 2442 801">
     <span class='ocr_line' id='line_1_6' title="bbox 864 732 2442 801; baseline -0.006 -10"><span class='ocrx_word' id='word_1_27' title='bbox 864 741 953 791; x_wconf 76' lang='lat' dir='ltr'><strong><em>sed</em></strong></span> <span class='ocrx_word' id='word_1_28' title='bbox 994 754 1168 790; x_wconf 79' lang='lat' dir='ltr'><strong><em>eorum</em></strong></span> <span class='ocrx_word' id='word_1_29' title='bbox 1222 735 1473 801; x_wconf 75' lang='lat' dir='ltr'><strong><em>personis,</em></strong></span> <span class='ocrx_word' id='word_1_30' title='bbox 1511 734 1717 801; x_wconf 80' lang='lat' dir='ltr'><strong><em>quando</em></strong></span> <span class='ocrx_word' id='word_1_31' title='bbox 1753 747 1882 799; x_wconf 88' lang='lat' dir='ltr'><strong><em>opus</em></strong></span> <span class='ocrx_word' id='word_1_32' title='bbox 1912 743 2006 797; x_wconf 83' lang='lat' dir='ltr'><strong><em>est,</em></strong></span> <span class='ocrx_word' id='word_1_33' title='bbox 2042 732 2309 800; x_wconf 85' lang='lat' dir='ltr'><strong><em>appingit;</em></strong></span> <span class='ocrx_word' id='word_1_34' title='bbox 2345 744 2442 782; x_wconf 80' lang='lat' dir='ltr'><strong><em>sa:-</em></strong></span> 
     </span>
    </p>
   </div>
   <div class='ocr_carea' id='block_1_7' title="bbox 866 824 2442 895">
    <p class='ocr_par' dir='ltr' id='par_1_7' title="bbox 866 824 2442 895">
     <span class='ocr_line' id='line_1_7' title="bbox 866 824 2442 895; baseline -0.004 -15"><span class='ocrx_word' id='word_1_35' title='bbox 866 832 980 895; x_wconf 87' lang='lat' dir='ltr'><strong><em>pius</em></strong></span> <span class='ocrx_word' id='word_1_36' title='bbox 1012 830 1194 889; x_wconf 86' lang='lat' dir='ltr'><strong><em>etiam,</em></strong></span> <span class='ocrx_word' id='word_1_37' title='bbox 1244 826 1387 878; x_wconf 89' lang='lat' dir='ltr'><strong><em>nulla</em></strong></span> <span class='ocrx_word' id='word_1_38' title='bbox 1441 841 1617 875; x_wconf 81' lang='lat' dir='ltr'><strong><em>eorum</em></strong></span> <span class='ocrx_word' id='word_1_39' title='bbox 1652 826 1793 892; x_wconf 88' lang='lat' dir='ltr'><strong><em>facta</em></strong></span> <span class='ocrx_word' id='word_1_40' title='bbox 1844 824 2121 882; x_wconf 82' lang='lat' dir='ltr'><strong><em>mentione.</em></strong></span> <span class='ocrx_word' id='word_1_41' title='bbox 2178 834 2286 875; x_wconf 65' lang='lat' dir='ltr'><strong><em>rem</em></strong></span> <span class='ocrx_word' id='word_1_42' title='bbox 2334 824 2442 888; x_wconf 91' lang='lat' dir='ltr'><strong><em>ipse</em></strong></span> 
     </span>
    </p>
   </div>
   <div class='ocr_carea' id='block_1_8' title="bbox 866 912 2443 983">
    <p class='ocr_par' dir='ltr' id='par_1_8' title="bbox 866 912 2443 983">
     <span class='ocr_line' id='line_1_8' title="bbox 866 912 2443 983; baseline -0.002 -13"><span class='ocrx_word' id='word_1_43' title='bbox 866 938 1064 971; x_wconf 72' lang='lat' dir='ltr'><strong><em>meram</em></strong></span> <span class='ocrx_word' id='word_1_44' title='bbox 1124 920 1279 971; x_wconf 73' lang='lat' dir='ltr'><strong><em>veluti</em></strong></span> <span class='ocrx_word' id='word_1_45' title='bbox 1311 918 1447 968; x_wconf 87' lang='lat' dir='ltr'><strong><em>alius</em></strong></span> <span class='ocrx_word' id='word_1_46' title='bbox 1479 926 1716 968; x_wconf 86' lang='lat' dir='ltr'><strong><em>enarrat.</em></strong></span> <span class='ocrx_word' id='word_1_47' title='bbox 1750 915 1991 983; x_wconf 70' lang='lat' dir='ltr'><strong><em>Confer-ri</em></strong></span> <span class='ocrx_word' id='word_1_48' title='bbox 2044 924 2255 981; x_wconf 87' lang='lat' dir='ltr'><strong><em>possunt</em></strong></span> <span class='ocrx_word' id='word_1_49' title='bbox 2313 912 2443 967; x_wconf 80' lang='lat' dir='ltr'><strong><em>Vita:</em></strong></span> 
     </span>
    </p>
   </div>
   <div class='ocr_carea' id='block_1_9' title="bbox 863 1003 2443 1073">
    <p class='ocr_par' dir='ltr' id='par_1_9' title="bbox 863 1003 2443 1073">
     <span class='ocr_line' id='line_1_9' title="bbox 863 1003 2443 1073; baseline -0.003 -13"><span class='ocrx_word' id='word_1_50' title='bbox 863 1022 1162 1060; x_wconf 79' lang='lat' dir='ltr'><strong><em>sanctorum</em></strong></span> <span class='ocrx_word' id='word_1_51' title='bbox 1211 1016 1333 1057; x_wconf 83' lang='lat' dir='ltr'><strong><em>ante</em></strong></span> <span class='ocrx_word' id='word_1_52' title='bbox 1377 1005 1793 1072; x_wconf 77' lang='lat' dir='ltr'><strong><em>Mclaphrastem</em></strong></span> <span class='ocrx_word' id='word_1_53' title='bbox 1842 1004 1906 1056; x_wconf 85' lang='lat' dir='ltr'><strong><em>ab</em></strong></span> <span class='ocrx_word' id='word_1_54' title='bbox 1954 1005 2253 1057; x_wconf 72' lang='lat' dir='ltr'><strong><em>auctoribus</em></strong></span> <span class='ocrx_word' id='word_1_55' title='bbox 2309 1003 2443 1073; x_wconf 49' lang='lat' dir='ltr'><strong><em>Sgn&#39;</em></strong></span> 
     </span>
    </p>
   </div>
   <div class='ocr_carea' id='block_1_10' title="bbox 866 1096 2441 1166">
    <p class='ocr_par' dir='ltr' id='par_1_10' title="bbox 866 1096 2441 1166">
     <span class='ocr_line' id='line_1_10' title="bbox 866 1096 2441 1166; baseline -0.003 -15"><span class='ocrx_word' id='word_1_56' title='bbox 866 1103 1071 1153; x_wconf 67' lang='lat' dir='ltr'><strong><em>(lin-ills</em></strong></span> <span class='ocrx_word' id='word_1_57' title='bbox 1101 1100 1331 1164; x_wconf 65' lang='grc' dir='ltr'>πήρην,</span> <span class='ocrx_word' id='word_1_58' title='bbox 1361 1114 1474 1166; x_wconf 83' lang='lat' dir='ltr'><strong><em>qutr</em></strong></span> <span class='ocrx_word' id='word_1_59' title='bbox 1503 1108 1636 1147; x_wconf 72' lang='lat' dir='ltr'><strong><em>certe</em></strong></span> <span class='ocrx_word' id='word_1_60' title='bbox 1669 1096 1839 1146; x_wconf 85' lang='lat' dir='ltr'><strong><em>adhuc</em></strong></span> <span class='ocrx_word' id='word_1_61' title='bbox 1874 1104 2149 1161; x_wconf 90' lang='lat' dir='ltr'><strong><em>supersunt</em></strong></span> <span class='ocrx_word' id='word_1_62' title='bbox 2176 1096 2441 1161; x_wconf 71' lang='lat' dir='ltr'><strong><em>plurimm,</em></strong></span> 
     </span>
    </p>
   </div>
   <div class='ocr_carea' id='block_1_11' title="bbox 845 1186 2446 1256">
    <p class='ocr_par' dir='ltr' id='par_1_11' title="bbox 845 1186 2446 1256">
     <span class='ocr_line' id='line_1_11' title="bbox 845 1186 2446 1256; baseline -0.003 -12"><span class='ocrx_word' id='word_1_63' title='bbox 845 1195 983 1245; x_wconf 61' lang='lat' dir='ltr'><strong><em>‘c-tm</em></strong></span> <span class='ocrx_word' id='word_1_64' title='bbox 1034 1191 1300 1256; x_wconf 76' lang='lat' dir='ltr'><strong><em>descriptis</em></strong></span> <span class='ocrx_word' id='word_1_65' title='bbox 1348 1206 1379 1239; x_wconf 90' lang='lat' dir='ltr'><strong><em>a</em></strong></span> <span class='ocrx_word' id='word_1_66' title='bbox 1450 1188 1819 1253; x_wconf 77' lang='lat' dir='ltr'><strong><em>Mctaphraste.</em></strong></span> <span class='ocrx_word' id='word_1_67' title='bbox 1875 1186 2021 1238; x_wconf 70' lang='lat' dir='ltr'><strong><em>lViItil</em></strong></span> <span class='ocrx_word' id='word_1_68' title='bbox 2071 1187 2140 1239; x_wconf 88' lang='lat' dir='ltr'><strong><em>ibi</em></strong></span> <span class='ocrx_word' id='word_1_69' title='bbox 2174 1203 2446 1239; x_wconf 83' lang='lat' dir='ltr'><strong><em>commune</em></strong></span> 
     </span>
    </p>
   </div>
   <div class='ocr_carea' id='block_1_12' title="bbox 867 1276 2445 1343">
    <p class='ocr_par' dir='ltr' id='par_1_12' title="bbox 867 1276 2445 1343">
     <span class='ocr_line' id='line_1_12' title="bbox 867 1276 2445 1343; baseline -0.004 -10"><span class='ocrx_word' id='word_1_70' title='bbox 867 1284 1117 1335; x_wconf 81' lang='lat' dir='ltr'><strong><em>invenies.</em></strong></span> <span class='ocrx_word' id='word_1_71' title='bbox 1150 1281 1257 1334; x_wconf 85' lang='lat' dir='ltr'><strong><em>Sua</em></strong></span> <span class='ocrx_word' id='word_1_72' title='bbox 1286 1282 1349 1332; x_wconf 89' lang='lat' dir='ltr'><strong><em>de</em></strong></span> <span class='ocrx_word' id='word_1_73' title='bbox 1396 1296 1449 1331; x_wconf 80' lang='lat' dir='ltr'><strong><em>se</em></strong></span> <span class='ocrx_word' id='word_1_74' title='bbox 1492 1287 1677 1329; x_wconf 90' lang='lat' dir='ltr'><strong><em>narrat</em></strong></span> <span class='ocrx_word' id='word_1_75' title='bbox 1708 1277 2104 1343; x_wconf 83' lang='lat' dir='ltr'><strong><em>Metuphrastes.</em></strong></span> <span class='ocrx_word' id='word_1_76' title='bbox 2134 1276 2359 1329; x_wconf 88' lang='lat' dir='ltr'><strong><em>aliorum</em></strong></span> <span class='ocrx_word' id='word_1_77' title='bbox 2391 1286 2445 1328; x_wconf 90' lang='lat' dir='ltr'><strong><em>ut</em></strong></span> 
     </span>
    </p>
   </div>
   <div class='ocr_carea' id='block_1_13' title="bbox 868 1371 2444 1443">
    <p class='ocr_par' dir='ltr' id='par_1_13' title="bbox 868 1371 2444 1443">
     <span class='ocr_line' id='line_1_13' title="bbox 868 1371 2444 1443; baseline -0.004 -15"><span class='ocrx_word' id='word_1_78' title='bbox 868 1378 1045 1427; x_wconf 76' lang='lat' dir='ltr'><strong><em>aliena</em></strong></span> <span class='ocrx_word' id='word_1_79' title='bbox 1076 1388 1119 1426; x_wconf 88' lang='lat' dir='ltr'><strong><em>et</em></strong></span> <span class='ocrx_word' id='word_1_80' title='bbox 1152 1374 1479 1438; x_wconf 83' lang='lat' dir='ltr'><strong><em>Scriptorum</em></strong></span> <span class='ocrx_word' id='word_1_81' title='bbox 1511 1372 1847 1443; x_wconf 76' lang='lat' dir='ltr'><strong><em>antiquorum</em></strong></span> <span class='ocrx_word' id='word_1_82' title='bbox 1881 1371 2117 1437; x_wconf 87' lang='lat' dir='ltr'><strong><em>propria,</em></strong></span> <span class='ocrx_word' id='word_1_83' title='bbox 2153 1385 2253 1421; x_wconf 89' lang='lat' dir='ltr'><strong><em>non</em></strong></span> <span class='ocrx_word' id='word_1_84' title='bbox 2282 1372 2444 1439; x_wconf 91' lang='lat' dir='ltr'><strong><em>facta,</em></strong></span> 
     </span>
    </p>
   </div>
   <div class='ocr_carea' id='block_1_14' title="bbox 869 1446 2450 1537">
    <p class='ocr_par' dir='ltr' id='par_1_14' title="bbox 869 1446 2450 1537">
     <span class='ocr_line' id='line_1_14' title="bbox 869 1446 2450 1537; baseline -0.005 -16"><span class='ocrx_word' id='word_1_85' title='bbox 869 1486 1030 1537; x_wconf 81' lang='lat' dir='ltr'><strong><em>neque</em></strong></span> <span class='ocrx_word' id='word_1_86' title='bbox 1065 1482 1315 1534; x_wconf 75' lang='lat' dir='ltr'><strong><em>personas</em></strong></span> <span class='ocrx_word' id='word_1_87' title='bbox 1341 1480 1457 1515; x_wconf 85' lang='lat' dir='ltr'><strong><em>cum</em></strong></span> <span class='ocrx_word' id='word_1_88' title='bbox 1484 1464 1591 1516; x_wconf 87' lang='lat' dir='ltr'><strong><em>suis</em></strong></span> <span class='ocrx_word' id='word_1_89' title='bbox 1621 1446 1963 1529; x_wconf 75' lang='lat' dir='ltr'><strong><em>confundens,</em></strong></span> <span class='ocrx_word' id='word_1_90' title='bbox 1996 1472 2052 1512; x_wconf 89' lang='lat' dir='ltr'><strong><em>ut</em></strong></span> <span class='ocrx_word' id='word_1_91' title='bbox 2079 1461 2253 1513; x_wconf 88' lang='lat' dir='ltr'><strong><em>aliena</em></strong></span> <span class='ocrx_word' id='word_1_92' title='bbox 2280 1477 2450 1528; x_wconf 85' lang='lat' dir='ltr'><strong><em>prose-</em></strong></span> 
     </span>
    </p>
   </div>
   <div class='ocr_carea' id='block_1_15' title="bbox 868 1548 2450 1626">
    <p class='ocr_par' dir='ltr' id='par_1_15' title="bbox 868 1548 2450 1626">
     <span class='ocr_line' id='line_1_15' title="bbox 868 1548 2450 1626; baseline -0.005 -15"><span class='ocrx_word' id='word_1_93' title='bbox 868 1563 1063 1626; x_wconf 90' lang='lat' dir='ltr'><strong><em>quitur.</em></strong></span> <span class='ocrx_word' id='word_1_94' title='bbox 1125 1558 1301 1619; x_wconf 78' lang='lat' dir='ltr'><strong><em>Quare</em></strong></span> <span class='ocrx_word' id='word_1_95' title='bbox 1355 1564 1521 1607; x_wconf 79' lang='lat' dir='ltr'><strong><em>cessat</em></strong></span> <span class='ocrx_word' id='word_1_96' title='bbox 1561 1551 1819 1605; x_wconf 74' lang='lat' dir='ltr'><strong><em>dubitatio</em></strong></span> <span class='ocrx_word' id='word_1_97' title='bbox 1879 1558 1940 1603; x_wconf 91' lang='lat' dir='ltr'><strong><em>de</em></strong></span> <span class='ocrx_word' id='word_1_98' title='bbox 1980 1551 2086 1602; x_wconf 82' lang='lat' dir='ltr'><strong><em>illis</em></strong></span> <span class='ocrx_word' id='word_1_99' title='bbox 2153 1548 2301 1612; x_wconf 81' lang='lat' dir='ltr'><strong><em>Vitis,</em></strong></span> <span class='ocrx_word' id='word_1_100' title='bbox 2334 1567 2450 1620; x_wconf 72' lang='lat' dir='ltr'><strong><em>qua:</em></strong></span> 
     </span>
    </p>
   </div>
   <div class='ocr_carea' id='block_1_16' title="bbox 867 1642 2447 1715">
    <p class='ocr_par' dir='ltr' id='par_1_16' title="bbox 867 1642 2447 1715">
     <span class='ocr_line' id='line_1_16' title="bbox 867 1642 2447 1715; baseline -0.005 -14"><span class='ocrx_word' id='word_1_101' title='bbox 867 1650 959 1701; x_wconf 90' lang='lat' dir='ltr'><strong><em>sub</em></strong></span> <span class='ocrx_word' id='word_1_102' title='bbox 993 1647 1365 1715; x_wconf 83' lang='lat' dir='ltr'><strong><em>Metaphrastte</em></strong></span> <span class='ocrx_word' id='word_1_103' title='bbox 1394 1645 1600 1696; x_wconf 84' lang='lat' dir='ltr'><strong><em>nomine</em></strong></span> <span class='ocrx_word' id='word_1_104' title='bbox 1622 1643 1857 1705; x_wconf 86' lang='lat' dir='ltr'><strong><em>veniunt,</em></strong></span> <span class='ocrx_word' id='word_1_105' title='bbox 1886 1656 1950 1694; x_wconf 71' lang='lat' dir='ltr'><strong><em>ex</em></strong></span> <span class='ocrx_word' id='word_1_106' title='bbox 1989 1642 2117 1706; x_wconf 86' lang='lat' dir='ltr'><em>ipsis</em></span> <span class='ocrx_word' id='word_1_107' title='bbox 2141 1652 2312 1694; x_wconf 86' lang='lat' dir='ltr'><strong><em>tamen</em></strong></span> <span class='ocrx_word' id='word_1_108' title='bbox 2341 1642 2447 1694; x_wconf 85' lang='lat' dir='ltr'><strong><em>col-</em></strong></span> 
     </span>
    </p>
   </div>
   <div class='ocr_carea' id='block_1_17' title="bbox 870 1733 2452 1811">
    <p class='ocr_par' dir='ltr' id='par_1_17' title="bbox 870 1733 2452 1811">
     <span class='ocr_line' id='line_1_17' title="bbox 870 1733 2452 1811; baseline -0.004 -18"><span class='ocrx_word' id='word_1_109' title='bbox 870 1742 1054 1811; x_wconf 78' lang='lat' dir='ltr'><strong><em>(igitur</em></strong></span> <span class='ocrx_word' id='word_1_110' title='bbox 1078 1740 1233 1800; x_wconf 86' lang='lat' dir='ltr'><strong><em>alios,</em></strong></span> <span class='ocrx_word' id='word_1_111' title='bbox 1291 1754 1391 1789; x_wconf 90' lang='lat' dir='ltr'><strong><em>non</em></strong></span> <span class='ocrx_word' id='word_1_112' title='bbox 1424 1736 1848 1801; x_wconf 84' lang='lat' dir='ltr'><strong><em>Mctaphrastem,</em></strong></span> <span class='ocrx_word' id='word_1_113' title='bbox 1887 1733 2045 1801; x_wconf 87' lang='lat' dir='ltr'><strong><em>fuisse</em></strong></span> <span class='ocrx_word' id='word_1_114' title='bbox 2075 1734 2291 1786; x_wconf 84' lang='lat' dir='ltr'><strong><em>illarum</em></strong></span> <span class='ocrx_word' id='word_1_115' title='bbox 2324 1736 2452 1787; x_wconf 86' lang='lat' dir='ltr'><strong><em>scri-</em></strong></span> 
     </span>
    </p>
   </div>
   <div class='ocr_carea' id='block_1_18' title="bbox 867 1822 2451 1899">
    <p class='ocr_par' dir='ltr' id='par_1_18' title="bbox 867 1822 2451 1899">
     <span class='ocr_line' id='line_1_18' title="bbox 867 1822 2451 1899; baseline -0.003 -16"><span class='ocrx_word' id='word_1_116' title='bbox 867 1848 1062 1899; x_wconf 82' lang='lat' dir='ltr'><strong><em>ptores.</em></strong></span> <span class='ocrx_word' id='word_1_117' title='bbox 1099 1830 1243 1883; x_wconf 79' lang='lat' dir='ltr'><strong><em>Adde</em></strong></span> <span class='ocrx_word' id='word_1_118' title='bbox 1271 1830 1451 1886; x_wconf 85' lang='lat' dir='ltr'><strong><em>etiam,</em></strong></span> <span class='ocrx_word' id='word_1_119' title='bbox 1492 1827 1536 1879; x_wconf 90' lang='lat' dir='ltr'><strong><em>si</em></strong></span> <span class='ocrx_word' id='word_1_120' title='bbox 1576 1826 1733 1888; x_wconf 89' lang='lat' dir='ltr'><strong><em>lubet,</em></strong></span> <span class='ocrx_word' id='word_1_121' title='bbox 1774 1824 1940 1877; x_wconf 84' lang='lat' dir='ltr'><strong><em>Vitam</em></strong></span> <span class='ocrx_word' id='word_1_122' title='bbox 1970 1823 2143 1876; x_wconf 82' lang='lat' dir='ltr'><strong><em>sancti</em></strong></span> <span class='ocrx_word' id='word_1_123' title='bbox 2184 1822 2451 1878; x_wconf 85' lang='lat' dir='ltr'><strong><em>Eustathii</em></strong></span> 
     </span>
    </p>
   </div>
   <div class='ocr_carea' id='block_1_19' title="bbox 2542 638 3825 707">
    <p class='ocr_par' dir='ltr' id='par_1_19' title="bbox 2542 638 3825 707">
     <span class='ocr_line' id='line_1_19' title="bbox 2542 638 3825 707; baseline -0.005 -16"><span class='ocrx_word' id='word_1_124' title='bbox 2542 642 2603 691; x_wconf 90' lang='lat' dir='ltr'><strong><em>de</em></strong></span> <span class='ocrx_word' id='word_1_125' title='bbox 2634 638 2966 707; x_wconf 69' lang='lat' dir='ltr'><strong><em>Chrywpwiu</em></strong></span> <span class='ocrx_word' id='word_1_126' title='bbox 3004 642 3239 705; x_wconf 77' lang='lat' dir='ltr'><strong><em>pluribus</em></strong></span> <span class='ocrx_word' id='word_1_127' title='bbox 3270 638 3462 691; x_wconf 81' lang='lat' dir='ltr'><strong><em>videbis</em></strong></span> <span class='ocrx_word' id='word_1_128' title='bbox 3495 654 3825 703; x_wconf 76' lang='lat' dir='ltr'><strong><em>ea&#39;pressam.</em></strong></span> 
     </span>
    </p>
   </div>
   <div class='ocr_carea' id='block_1_20' title="bbox 2612 727 4107 799">
    <p class='ocr_par' dir='ltr' id='par_1_20' title="bbox 2612 727 4107 799">
     <span class='ocr_line' id='line_1_20' title="bbox 2612 727 4107 799; baseline -0.003 -17"><span class='ocrx_word' id='word_1_129' title='bbox 2612 729 2890 797; x_wconf 80' lang='lat' dir='ltr'><strong><em>Josephus</em></strong></span> <span class='ocrx_word' id='word_1_130' title='bbox 2928 731 3266 784; x_wconf 74' lang='lat' dir='ltr'><strong><em>Mrthoncnsis</em></strong></span> <span class='ocrx_word' id='word_1_131' title='bbox 3290 732 3559 799; x_wconf 83' lang='lat' dir='ltr'><strong><em>episcopus</em></strong></span> <span class='ocrx_word' id='word_1_132' title='bbox 3587 733 3834 782; x_wconf 74' lang='lat' dir='ltr'><strong><em>adversus</em></strong></span> <span class='ocrx_word' id='word_1_133' title='bbox 3888 727 3936 781; x_wconf 75' lang='grc' dir='ltr'><em>Μ</em></span> <span class='ocrx_word' id='word_1_134' title='bbox 3949 744 4107 779; x_wconf 86' lang='lat' dir='ltr'><strong><em>arcum</em></strong></span> 
     </span>
    </p>
   </div>
   <div class='ocr_carea' id='block_1_21' title="bbox 2550 824 4109 893">
    <p class='ocr_par' dir='ltr' id='par_1_21' title="bbox 2550 824 4109 893">
     <span class='ocr_line' id='line_1_21' title="bbox 2550 824 4109 893; baseline -0.003 -15"><span class='ocrx_word' id='word_1_135' title='bbox 2550 826 2835 891; x_wconf 81' lang='lat' dir='ltr'><strong><em>Ephesium</em></strong></span> <span class='ocrx_word' id='word_1_136' title='bbox 2857 826 3258 892; x_wconf 75' lang='lat' dir='ltr'><strong><em>Metaphrast’em</em></strong></span> <span class='ocrx_word' id='word_1_137' title='bbox 3289 836 3438 878; x_wconf 88' lang='lat' dir='ltr'><strong><em>vocat</em></strong></span> <span class='ocrx_word' id='word_1_138' title='bbox 3463 827 3735 893; x_wconf 81' lang='lat' dir='ltr'><strong><em>juniorem</em></strong></span> <span class='ocrx_word' id='word_1_139' title='bbox 3771 824 4109 887; x_wconf 72' lang='grc' dir='ltr'><strong><em>ΤΙιεοΙητνιιηι,</em></strong></span> 
     </span>
    </p>
   </div>
   <div class='ocr_carea' id='block_1_22' title="bbox 2548 916 4108 985">
    <p class='ocr_par' dir='ltr' id='par_1_22' title="bbox 2548 916 4108 985">
     <span class='ocr_line' id='line_1_22' title="bbox 2548 916 4108 985; baseline -0.003 -16"><span class='ocrx_word' id='word_1_140' title='bbox 2548 934 2612 969; x_wconf 71' lang='lat' dir='ltr'><strong><em>ex</em></strong></span> <span class='ocrx_word' id='word_1_141' title='bbox 2651 934 2751 985; x_wconf 90' lang='lat' dir='ltr'><strong><em>qua</em></strong></span> <span class='ocrx_word' id='word_1_142' title='bbox 2780 918 2966 969; x_wconf 75' lang='lat' dir='ltr'><strong><em>merito</em></strong></span> <span class='ocrx_word' id='word_1_143' title='bbox 2995 919 3110 985; x_wconf 80' lang='lat' dir='ltr'><strong><em>quis</em></strong></span> <span class='ocrx_word' id='word_1_144' title='bbox 3136 919 3348 973; x_wconf 69' lang='lat' dir='ltr'><strong><em>dixerit.</em></strong></span> <span class='ocrx_word' id='word_1_145' title='bbox 3379 917 3681 976; x_wconf 82' lang='lat' dir='ltr'><strong><em>Sumconem</em></strong></span> <span class='ocrx_word' id='word_1_146' title='bbox 3705 916 3957 974; x_wconf 82' lang='lat' dir='ltr'><strong><em>iuniorem</em></strong></span> <span class='ocrx_word' id='word_1_147' title='bbox 3985 916 4108 965; x_wconf 85' lang='lat' dir='ltr'><strong><em>theo-</em></strong></span> 
     </span>
    </p>
   </div>
   <div class='ocr_carea' id='block_1_23' title="bbox 2548 990 4107 1079">
    <p class='ocr_par' dir='ltr' id='par_1_23' title="bbox 2548 990 4107 1079">
     <span class='ocr_line' id='line_1_23' title="bbox 2548 990 4107 1079; baseline -0.004 -16"><span class='ocrx_word' id='word_1_148' title='bbox 2548 1012 2744 1079; x_wconf 84' lang='lat' dir='ltr'><strong><em>logum,</em></strong></span> <span class='ocrx_word' id='word_1_149' title='bbox 2781 1012 2930 1075; x_wconf 74' lang='lat' dir='ltr'><strong><em>cuius</em></strong></span> <span class='ocrx_word' id='word_1_150' title='bbox 2962 1012 3229 1062; x_wconf 76' lang='lat' dir='ltr'><strong><em>orationes</em></strong></span> <span class='ocrx_word' id='word_1_151' title='bbox 3262 1021 3363 1061; x_wconf 89' lang='lat' dir='ltr'><strong><em>tres</em></strong></span> <span class='ocrx_word' id='word_1_152' title='bbox 3392 1020 3438 1061; x_wconf 86' lang='lat' dir='ltr'><strong><em>et</em></strong></span> <span class='ocrx_word' id='word_1_153' title='bbox 3468 990 3671 1077; x_wconf 75' lang='lat' dir='ltr'><strong><em>viginti,</em></strong></span> <span class='ocrx_word' id='word_1_154' title='bbox 3699 1017 3745 1059; x_wconf 91' lang='lat' dir='ltr'><strong><em>et</em></strong></span> <span class='ocrx_word' id='word_1_155' title='bbox 3768 1009 3874 1058; x_wconf 70' lang='lat' dir='ltr'><strong><em>alia</em></strong></span> <span class='ocrx_word' id='word_1_156' title='bbox 3897 1006 4107 1058; x_wconf 80' lang='lat' dir='ltr'><strong><em>Jacohtt:</em></strong></span> 
     </span>
    </p>
   </div>
   <div class='ocr_carea' id='block_1_24' title="bbox 2550 1098 4110 1167">
    <p class='ocr_par' dir='ltr' id='par_1_24' title="bbox 2550 1098 4110 1167">
     <span class='ocr_line' id='line_1_24' title="bbox 2550 1098 4110 1167; baseline -0.006 -13"><span class='ocrx_word' id='word_1_157' title='bbox 2550 1102 2823 1157; x_wconf 80' lang='lat' dir='ltr'><strong><em>Pontanus</em></strong></span> <span class='ocrx_word' id='word_1_158' title='bbox 2844 1102 3027 1154; x_wconf 83' lang='lat' dir='ltr'><strong><em>Latine</em></strong></span> <span class='ocrx_word' id='word_1_159' title='bbox 3044 1102 3229 1159; x_wconf 59' lang='lat' dir='ltr'><strong><em>edidit,</em></strong></span> <span class='ocrx_word' id='word_1_160' title='bbox 3252 1116 3361 1151; x_wconf 83' lang='lat' dir='ltr'><strong><em>esse</em></strong></span> <span class='ocrx_word' id='word_1_161' title='bbox 3378 1098 3682 1167; x_wconf 72' lang='lat' dir='ltr'><strong><em>ngeonem</em></strong></span> <span class='ocrx_word' id='word_1_162' title='bbox 3702 1100 4110 1163; x_wconf 82' lang='lat' dir='ltr'><strong><em>Metaphrustem,</em></strong></span> 
     </span>
    </p>
   </div>
   <div class='ocr_carea' id='block_1_25' title="bbox 2552 1190 4087 1261">
    <p class='ocr_par' dir='ltr' id='par_1_25' title="bbox 2552 1190 4087 1261">
     <span class='ocr_line' id='line_1_25' title="bbox 2552 1190 4087 1261; baseline -0.003 -17"><span class='ocrx_word' id='word_1_163' title='bbox 2552 1196 2641 1261; x_wconf 90' lang='lat' dir='ltr'><strong><em>qui</em></strong></span> <span class='ocrx_word' id='word_1_164' title='bbox 2677 1194 2902 1260; x_wconf 87' lang='lat' dir='ltr'><strong><em>denique</em></strong></span> <span class='ocrx_word' id='word_1_165' title='bbox 2933 1194 3104 1258; x_wconf 88' lang='lat' dir='ltr'><strong><em>factus</em></strong></span> <span class='ocrx_word' id='word_1_166' title='bbox 3143 1192 3212 1242; x_wconf 82' lang='lat' dir='ltr'><strong><em>sit</em></strong></span> <span class='ocrx_word' id='word_1_167' title='bbox 3256 1191 3539 1242; x_wconf 82' lang='lat' dir='ltr'><strong><em>monachus</em></strong></span> <span class='ocrx_word' id='word_1_168' title='bbox 3588 1199 3635 1241; x_wconf 91' lang='lat' dir='ltr'><strong><em>et</em></strong></span> <span class='ocrx_word' id='word_1_169' title='bbox 3668 1190 3976 1255; x_wconf 69' lang='lat' dir='ltr'><strong><em>pra&#39;positus</em></strong></span> <span class='ocrx_word' id='word_1_170' title='bbox 4013 1204 4087 1239; x_wconf 84' lang='lat' dir='ltr'><strong><em>mo</em></strong></span> 
     </span>
    </p>
   </div>
   <div class='ocr_carea' id='block_1_26' title="bbox 2551 1278 4114 1349">
    <p class='ocr_par' dir='ltr' id='par_1_26' title="bbox 2551 1278 4114 1349">
     <span class='ocr_line' id='line_1_26' title="bbox 2551 1278 4114 1349; baseline -0.006 -12"><span class='ocrx_word' id='word_1_171' title='bbox 2551 1286 2780 1337; x_wconf 89' lang='lat' dir='ltr'><strong><em>nasterio</em></strong></span> <span class='ocrx_word' id='word_1_172' title='bbox 2810 1284 2980 1335; x_wconf 85' lang='lat' dir='ltr'><strong><em>sancti</em></strong></span> <span class='ocrx_word' id='word_1_173' title='bbox 3024 1282 3326 1334; x_wconf 85' lang='lat' dir='ltr'><strong><em>Mantantis.</em></strong></span> <span class='ocrx_word' id='word_1_174' title='bbox 3366 1282 3429 1332; x_wconf 60' lang='lat' dir='ltr'><strong><em>lit</em></strong></span> <span class='ocrx_word' id='word_1_175' title='bbox 3469 1296 3595 1333; x_wconf 88' lang='lat' dir='ltr'><strong><em>sane</em></strong></span> <span class='ocrx_word' id='word_1_176' title='bbox 3626 1278 3793 1332; x_wconf 70' lang='lat' dir='ltr'><strong><em>Graeci</em></strong></span> <span class='ocrx_word' id='word_1_177' title='bbox 3824 1278 4114 1349; x_wconf 78' lang='lat' dir='ltr'><strong><em>ngeonein</em></strong></span> 
     </span>
    </p>
   </div>
   <div class='ocr_carea' id='block_1_27' title="bbox 2551 1372 4104 1444">
    <p class='ocr_par' dir='ltr' id='par_1_27' title="bbox 2551 1372 4104 1444">
     <span class='ocr_line' id='line_1_27' title="bbox 2551 1372 4104 1444; baseline -0.005 -17"><span class='ocrx_word' id='word_1_178' title='bbox 2551 1377 2683 1428; x_wconf 91' lang='lat' dir='ltr'><strong><em>hunc</em></strong></span> <span class='ocrx_word' id='word_1_179' title='bbox 2734 1374 3172 1444; x_wconf 80' lang='lat' dir='ltr'><strong><em>quemadmodum</em></strong></span> <span class='ocrx_word' id='word_1_180' title='bbox 3210 1373 3318 1425; x_wconf 91' lang='lat' dir='ltr'><strong><em>solo</em></strong></span> <span class='ocrx_word' id='word_1_181' title='bbox 3360 1372 3656 1439; x_wconf 77' lang='lat' dir='ltr'><strong><em>LogOthette</em></strong></span> <span class='ocrx_word' id='word_1_182' title='bbox 3713 1372 3922 1423; x_wconf 86' lang='lat' dir='ltr'><strong><em>nomine</em></strong></span> <span class='ocrx_word' id='word_1_183' title='bbox 3957 1373 4104 1433; x_wconf 68' lang='lat' dir='ltr'><strong><em>etpri-</em></strong></span> 
     </span>
    </p>
   </div>
   <div class='ocr_carea' id='block_1_28' title="bbox 2552 1461 4115 1534">
    <p class='ocr_par' dir='ltr' id='par_1_28' title="bbox 2552 1461 4115 1534">
     <span class='ocr_line' id='line_1_28' title="bbox 2552 1461 4115 1534; baseline -0.005 -15"><span class='ocrx_word' id='word_1_184' title='bbox 2552 1476 2721 1528; x_wconf 86' lang='lat' dir='ltr'><strong><em>munt,</em></strong></span> <span class='ocrx_word' id='word_1_185' title='bbox 2747 1468 2870 1533; x_wconf 83' lang='lat' dir='ltr'><strong><em>quia</em></strong></span> <span class='ocrx_word' id='word_1_186' title='bbox 2926 1482 3105 1532; x_wconf 83' lang='lat' dir='ltr'><strong><em>nempe</em></strong></span> <span class='ocrx_word' id='word_1_187' title='bbox 3132 1481 3348 1534; x_wconf 89' lang='lat' dir='ltr'><strong><em>magnus</em></strong></span> <span class='ocrx_word' id='word_1_188' title='bbox 3379 1464 3667 1531; x_wconf 85' lang='lat' dir='ltr'><strong><em>aliquando</em></strong></span> <span class='ocrx_word' id='word_1_189' title='bbox 3703 1461 3979 1530; x_wconf 80' lang='lat' dir='ltr'><strong><em>LogOtheta</em></strong></span> <span class='ocrx_word' id='word_1_190' title='bbox 4007 1463 4115 1531; x_wconf 78' lang='lat' dir='ltr'><strong><em>fuit.</em></strong></span> 
     </span>
    </p>
   </div>
   <div class='ocr_carea' id='block_1_29' title="bbox 2552 1553 4115 1619">
    <p class='ocr_par' dir='ltr' id='par_1_29' title="bbox 2552 1553 4115 1619">
     <span class='ocr_line' id='line_1_29' title="bbox 2552 1553 4115 1619; baseline -0.003 -10"><span class='ocrx_word' id='word_1_191' title='bbox 2552 1572 2644 1609; x_wconf 90' lang='lat' dir='ltr'><strong><em>cur</em></strong></span> <span class='ocrx_word' id='word_1_192' title='bbox 2673 1572 2773 1609; x_wconf 91' lang='lat' dir='ltr'><strong><em>non</em></strong></span> <span class='ocrx_word' id='word_1_193' title='bbox 2816 1565 2863 1609; x_wconf 91' lang='lat' dir='ltr'><strong><em>et</em></strong></span> <span class='ocrx_word' id='word_1_194' title='bbox 2917 1555 3201 1619; x_wconf 84' lang='lat' dir='ltr'><strong><em>similiter,</em></strong></span> <span class='ocrx_word' id='word_1_195' title='bbox 3243 1554 3435 1606; x_wconf 88' lang='lat' dir='ltr'><strong><em>omisso</em></strong></span> <span class='ocrx_word' id='word_1_196' title='bbox 3496 1553 3856 1617; x_wconf 81' lang='lat' dir='ltr'><strong><em>Metaphrasta:</em></strong></span> <span class='ocrx_word' id='word_1_197' title='bbox 3903 1553 4115 1605; x_wconf 70' lang='lat' dir='ltr'><strong><em>nomine.</em></strong></span> 
     </span>
    </p>
   </div>
   <div class='ocr_carea' id='block_1_30' title="bbox 2554 1644 4118 1714">
    <p class='ocr_par' dir='ltr' id='par_1_30' title="bbox 2554 1644 4118 1714">
     <span class='ocr_line' id='line_1_30' title="bbox 2554 1644 4118 1714; baseline -0.003 -17"><span class='ocrx_word' id='word_1_198' title='bbox 2554 1655 2755 1697; x_wconf 89' lang='lat' dir='ltr'><strong><em>tantum</em></strong></span> <span class='ocrx_word' id='word_1_199' title='bbox 2789 1645 3362 1714; x_wconf 85' lang='lat' dir='ltr'><strong><em>theologumjuniorem</em></strong></span> <span class='ocrx_word' id='word_1_200' title='bbox 3389 1660 3573 1697; x_wconf 87' lang='lat' dir='ltr'><strong><em>vocare</em></strong></span> <span class='ocrx_word' id='word_1_201' title='bbox 3614 1645 3744 1695; x_wconf 87' lang='lat' dir='ltr'><strong><em>alibi</em></strong></span> <span class='ocrx_word' id='word_1_202' title='bbox 3775 1648 3975 1711; x_wconf 83' lang='lat' dir='ltr'><strong><em>possint</em></strong></span> <span class='ocrx_word' id='word_1_203' title='bbox 4013 1687 4021 1704; x_wconf 75' lang='lat'><strong><em>,</em></strong></span> <span class='ocrx_word' id='word_1_204' title='bbox 4059 1644 4118 1692; x_wconf 86' lang='lat' dir='ltr'><strong><em>ad</em></strong></span> 
     </span>
    </p>
   </div>
   <div class='ocr_carea' id='block_1_31' title="bbox 2552 1735 4117 1803">
    <p class='ocr_par' dir='ltr' id='par_1_31' title="bbox 2552 1735 4117 1803">
     <span class='ocr_line' id='line_1_31' title="bbox 2552 1735 4117 1803; baseline -0.003 -16"><span class='ocrx_word' id='word_1_205' title='bbox 2552 1735 2939 1789; x_wconf 87' lang='lat' dir='ltr'><strong><em>distinctionem</em></strong></span> <span class='ocrx_word' id='word_1_206' title='bbox 2968 1737 3075 1788; x_wconf 87' lang='lat' dir='ltr'><strong><em>divi</em></strong></span> <span class='ocrx_word' id='word_1_207' title='bbox 3113 1735 3465 1798; x_wconf 77' lang='lat' dir='ltr'><strong><em>Nazianscni,</em></strong></span> <span class='ocrx_word' id='word_1_208' title='bbox 3494 1737 3582 1802; x_wconf 87' lang='lat' dir='ltr'><strong><em>qui</em></strong></span> <span class='ocrx_word' id='word_1_209' title='bbox 3603 1745 3726 1785; x_wconf 86' lang='lat' dir='ltr'><strong><em>ante</em></strong></span> <span class='ocrx_word' id='word_1_210' title='bbox 3749 1751 3863 1786; x_wconf 91' lang='lat' dir='ltr'><strong><em>eum</em></strong></span> <span class='ocrx_word' id='word_1_211' title='bbox 3892 1735 4117 1803; x_wconf 80' lang='lat' dir='ltr'><strong><em>Thcologi</em></strong></span> 
     </span>
    </p>
   </div>
   <div class='ocr_carea' id='block_1_32' title="bbox 2554 1826 4119 1896">
    <p class='ocr_par' dir='ltr' id='par_1_32' title="bbox 2554 1826 4119 1896">
     <span class='ocr_line' id='line_1_32' title="bbox 2554 1826 4119 1896; baseline -0.001 -17"><span class='ocrx_word' id='word_1_212' title='bbox 2554 1827 2651 1880; x_wconf 89' lang='lat' dir='ltr'><strong><em>sibi</em></strong></span> <span class='ocrx_word' id='word_1_213' title='bbox 2685 1844 2871 1881; x_wconf 85' lang='lat' dir='ltr'><strong><em>nomen</em></strong></span> <span class='ocrx_word' id='word_1_214' title='bbox 2906 1828 3309 1881; x_wconf 85' lang='lat' dir='ltr'><strong><em>vindicaverat?</em></strong></span> <span class='ocrx_word' id='word_1_215' title='bbox 3337 1827 3465 1881; x_wconf 84' lang='lat' dir='ltr'><strong><em>Cum</em></strong></span> <span class='ocrx_word' id='word_1_216' title='bbox 3497 1830 3561 1881; x_wconf 90' lang='lat' dir='ltr'><strong><em>de</em></strong></span> <span class='ocrx_word' id='word_1_217' title='bbox 3587 1828 3682 1879; x_wconf 92' lang='lat' dir='ltr'><strong><em>hoc</em></strong></span> <span class='ocrx_word' id='word_1_218' title='bbox 3715 1829 3883 1896; x_wconf 84' lang='lat' dir='ltr'><strong><em>fusius</em></strong></span> <span class='ocrx_word' id='word_1_219' title='bbox 3915 1828 3970 1879; x_wconf 87' lang='lat' dir='ltr'><strong><em>in</em></strong></span> <span class='ocrx_word' id='word_1_220' title='bbox 4003 1826 4119 1879; x_wconf 85' lang='lat' dir='ltr'><strong><em>Dia-</em></strong></span> 
     </span>
    </p>
   </div>
   <div class='ocr_carea' id='block_1_33' title="bbox 870 1907 4118 1987">
    <p class='ocr_par' dir='ltr' id='par_1_33' title="bbox 870 1907 4118 1987">
     <span class='ocr_line' id='line_1_33' title="bbox 870 1907 4118 1987; baseline -0.003 -9"><span class='ocrx_word' id='word_1_221' title='bbox 870 1936 917 1979; x_wconf 73' lang='lat' dir='ltr'><strong><em>e:</em></strong></span> <span class='ocrx_word' id='word_1_222' title='bbox 956 1926 1215 1978; x_wconf 80' lang='lat' dir='ltr'><strong><em>sociorum</em></strong></span> <span class='ocrx_word' id='word_1_223' title='bbox 1239 1930 1361 1974; x_wconf 83' lang='lat' dir='ltr'><strong><em>ante</em></strong></span> <span class='ocrx_word' id='word_1_224' title='bbox 1386 1919 1798 1986; x_wconf 78' lang='lat' dir='ltr'><strong><em>Metaphrastem</em></strong></span> <span class='ocrx_word' id='word_1_225' title='bbox 1839 1917 2116 1982; x_wconf 58' lang='lat' dir='ltr'><strong><em>scriptam:</em></strong></span> <span class='ocrx_word' id='word_1_226' title='bbox 2140 1916 2289 1983; x_wconf 89' lang='lat' dir='ltr'><strong><em>cujus</em></strong></span> <span class='ocrx_word' id='word_1_227' title='bbox 2316 1916 2449 1969; x_wconf 90' lang='lat' dir='ltr'><strong><em>illud</em></strong></span> <span class='ocrx_word' id='word_1_228' title='bbox 2485 1907 2524 1958; x_wconf 78' lang='grc' dir='ltr'><strong>Β</strong></span> <span class='ocrx_word' id='word_1_229' title='bbox 2555 1918 2687 1971; x_wconf 88' lang='lat' dir='ltr'><strong><em>triba</em></strong></span> <span class='ocrx_word' id='word_1_230' title='bbox 2717 1919 2779 1971; x_wconf 92' lang='lat' dir='ltr'><strong><em>de</em></strong></span> <span class='ocrx_word' id='word_1_231' title='bbox 2805 1917 3145 1987; x_wconf 78' lang='lat' dir='ltr'><strong><em>ngeonibus</em></strong></span> <span class='ocrx_word' id='word_1_232' title='bbox 3168 1920 3381 1987; x_wconf 84' lang='lat' dir='ltr'><strong><em>egerim,</em></strong></span> <span class='ocrx_word' id='word_1_233' title='bbox 3408 1920 3588 1985; x_wconf 87' lang='lat' dir='ltr'><strong><em>paucis</em></strong></span> <span class='ocrx_word' id='word_1_234' title='bbox 3612 1934 3692 1969; x_wconf 92' lang='lat' dir='ltr'><strong><em>me</em></strong></span> <span class='ocrx_word' id='word_1_235' title='bbox 3724 1918 3806 1969; x_wconf 87' lang='lat' dir='ltr'><strong><em>hic</em></strong></span> <span class='ocrx_word' id='word_1_236' title='bbox 3834 1920 4118 1981; x_wconf 72' lang='lat' dir='ltr'><strong><em>expediam.</em></strong></span> 
     </span>
    </p>
   </div>
   <div class='ocr_carea' id='block_1_34' title="bbox 870 2006 2451 2082">
    <p class='ocr_par' dir='ltr' id='par_1_34' title="bbox 870 2006 2451 2082">
     <span class='ocr_line' id='line_1_34' title="bbox 870 2006 2451 2082; baseline -0.007 -12"><span class='ocrx_word' id='word_1_237' title='bbox 870 2026 943 2070; x_wconf 86' lang='lat' dir='ltr'><strong><em>est</em></strong></span> <span class='ocrx_word' id='word_1_238' title='bbox 994 2014 1355 2082; x_wconf 87' lang='lat' dir='ltr'><strong><em>principium:</em></strong></span> <span class='ocrx_word' id='word_1_239' title='bbox 1400 2011 1697 2078; x_wconf 75' lang='grc' dir='ltr'>Πρόκειται</span> <span class='ocrx_word' id='word_1_240' title='bbox 1735 2011 1847 2071; x_wconf 88' lang='grc' dir='ltr'>τοῖς</span> <span class='ocrx_word' id='word_1_241' title='bbox 1892 2006 2199 2077; x_wconf 70' lang='grc' dir='ltr'>ἀνθρώποις</span> <span class='ocrx_word' id='word_1_242' title='bbox 2242 2009 2336 2059; x_wconf 71' lang='grc' dir='ltr'><strong><em>καὶ</em></strong></span> <span class='ocrx_word' id='word_1_243' title='bbox 2387 2009 2451 2059; x_wconf 80' lang='grc' dir='ltr'><strong>ὲκ</strong></span> 
     </span>
    </p>
   </div>
   <div class='ocr_carea' id='block_1_35' title="bbox 871 2101 2449 2175">
    <p class='ocr_par' dir='ltr' id='par_1_35' title="bbox 871 2101 2449 2175">
     <span class='ocr_line' id='line_1_35' title="bbox 871 2101 2449 2175; baseline -0.003 -16"><span class='ocrx_word' id='word_1_244' title='bbox 871 2108 1107 2175; x_wconf 76' lang='grc' dir='ltr'>φύσεως.</span> <span class='ocrx_word' id='word_1_245' title='bbox 1145 2104 1382 2172; x_wconf 81' lang='lat' dir='ltr'><strong><em>Scriptor</em></strong></span> <span class='ocrx_word' id='word_1_246' title='bbox 1420 2103 1473 2154; x_wconf 91' lang='lat' dir='ltr'><strong><em>in</em></strong></span> <span class='ocrx_word' id='word_1_247' title='bbox 1503 2101 1761 2155; x_wconf 82' lang='lat' dir='ltr'><strong><em>Procemio</em></strong></span> <span class='ocrx_word' id='word_1_248' title='bbox 1813 2104 1991 2172; x_wconf 90' lang='lat' dir='ltr'><strong><em>refert,</em></strong></span> <span class='ocrx_word' id='word_1_249' title='bbox 2015 2118 2111 2155; x_wconf 88' lang='lat' dir='ltr'><strong><em>sua</em></strong></span> <span class='ocrx_word' id='word_1_250' title='bbox 2148 2110 2449 2155; x_wconf 79' lang='lat' dir='ltr'><strong><em>tetatetan-</em></strong></span> 
     </span>
    </p>
   </div>
   <div class='ocr_carea' id='block_1_36' title="bbox 872 2188 2451 2265">
    <p class='ocr_par' dir='ltr' id='par_1_36' title="bbox 872 2188 2451 2265">
     <span class='ocr_line' id='line_1_36' title="bbox 872 2188 2451 2265; baseline -0.003 -15"><span class='ocrx_word' id='word_1_251' title='bbox 872 2209 979 2251; x_wconf 82' lang='lat' dir='ltr'><strong><em>tam</em></strong></span> <span class='ocrx_word' id='word_1_252' title='bbox 1020 2197 1255 2249; x_wconf 68' lang='lat' dir='ltr'><strong><em>illuxisse</em></strong></span> <span class='ocrx_word' id='word_1_253' title='bbox 1287 2197 1531 2249; x_wconf 76' lang='lat' dir='ltr'><strong><em>virtutem</em></strong></span> <span class='ocrx_word' id='word_1_254' title='bbox 1566 2212 1582 2247; x_wconf 90' lang='lat'><em>:</em></span> <span class='ocrx_word' id='word_1_255' title='bbox 1615 2194 1781 2247; x_wconf 70' lang='grc' dir='ltr'>Οὐδὲν</span> <span class='ocrx_word' id='word_1_256' title='bbox 1811 2190 1903 2246; x_wconf 78' lang='grc' dir='ltr'>οὖν</span> <span class='ocrx_word' id='word_1_257' title='bbox 1932 2188 2095 2263; x_wconf 83' lang='grc' dir='ltr'>ἦττον</span> <span class='ocrx_word' id='word_1_258' title='bbox 2140 2193 2451 2265; x_wconf 76' lang='grc' dir='ltr'><strong><em>προεθέμην</em></strong></span> 
     </span>
    </p>
   </div>
   <div class='ocr_carea' id='block_1_37' title="bbox 872 2284 2451 2356">
    <p class='ocr_par' dir='ltr' id='par_1_37' title="bbox 872 2284 2451 2356">
     <span class='ocr_line' id='line_1_37' title="bbox 872 2284 2451 2356; baseline -0.001 -17"><span class='ocrx_word' id='word_1_259' title='bbox 872 2288 1193 2356; x_wconf 71' lang='grc' dir='ltr'>προσθεῖναι</span> <span class='ocrx_word' id='word_1_260' title='bbox 1247 2289 1353 2349; x_wconf 81' lang='grc' dir='ltr'>τοῖς</span> <span class='ocrx_word' id='word_1_261' title='bbox 1418 2285 1716 2354; x_wconf 77' lang='grc' dir='ltr'><strong><em>ἐγγράφοις</em></strong></span> <span class='ocrx_word' id='word_1_262' title='bbox 1776 2284 1883 2336; x_wconf 84' lang='grc' dir='ltr'>τῶν</span> <span class='ocrx_word' id='word_1_263' title='bbox 1938 2286 2181 2354; x_wconf 76' lang='grc' dir='ltr'>ἀρχαίων</span> <span class='ocrx_word' id='word_1_264' title='bbox 2242 2286 2451 2354; x_wconf 80' lang='grc' dir='ltr'>ἀνδρῶν</span> 
     </span>
    </p>
   </div>
   <div class='ocr_carea' id='block_1_38' title="bbox 873 2377 2450 2449">
    <p class='ocr_par' dir='ltr' id='par_1_38' title="bbox 873 2377 2450 2449">
     <span class='ocr_line' id='line_1_38' title="bbox 873 2377 2450 2449; baseline -0.001 -16"><span class='ocrx_word' id='word_1_265' title='bbox 873 2380 1378 2449; x_wconf 81' lang='grc' dir='ltr'>ἁνδραγαθήμασιν,</span> <span class='ocrx_word' id='word_1_266' title='bbox 1403 2381 1496 2430; x_wconf 79' lang='grc' dir='ltr'>καὶ</span> <span class='ocrx_word' id='word_1_267' title='bbox 1510 2379 1567 2430; x_wconf 85' lang='grc' dir='ltr'>τὸ</span> <span class='ocrx_word' id='word_1_268' title='bbox 1591 2377 1685 2431; x_wconf 78' lang='grc' dir='ltr'>νῦν</span> <span class='ocrx_word' id='word_1_269' title='bbox 1703 2380 1759 2430; x_wconf 83' lang='grc' dir='ltr'>ἐν</span> <span class='ocrx_word' id='word_1_270' title='bbox 1778 2380 1888 2440; x_wconf 84' lang='grc' dir='ltr'>τοῖς</span> <span class='ocrx_word' id='word_1_271' title='bbox 1910 2380 2121 2448; x_wconf 86' lang='grc' dir='ltr'>καιροῖς</span> <span class='ocrx_word' id='word_1_272' title='bbox 2140 2378 2297 2447; x_wconf 82' lang='grc' dir='ltr'>ἡμῶν</span> <span class='ocrx_word' id='word_1_273' title='bbox 2322 2396 2450 2432; x_wconf 82' lang='grc' dir='ltr'>κατ·</span> 
     </span>
    </p>
   </div>
   <div class='ocr_carea' id='block_1_39' title="bbox 872 2466 2452 2539">
    <p class='ocr_par' dir='ltr' id='par_1_39' title="bbox 872 2466 2452 2539">
     <span class='ocr_line' id='line_1_39' title="bbox 872 2466 2452 2539; baseline -0.002 -17"><span class='ocrx_word' id='word_1_274' title='bbox 872 2470 1179 2539; x_wconf 75' lang='grc' dir='ltr'>ορθωϐἑντα</span> <span class='ocrx_word' id='word_1_275' title='bbox 1216 2470 1349 2536; x_wconf 72' lang='grc' dir='ltr'>πρὸς</span> <span class='ocrx_word' id='word_1_276' title='bbox 1389 2467 1710 2536; x_wconf 74' lang='grc' dir='ltr'>εὐεργεσίαν</span> <span class='ocrx_word' id='word_1_277' title='bbox 1728 2468 1827 2534; x_wconf 79' lang='grc' dir='ltr'><strong><em>μὲν</em></strong></span> <span class='ocrx_word' id='word_1_278' title='bbox 1842 2466 1949 2519; x_wconf 83' lang='grc' dir='ltr'>τῶν</span> <span class='ocrx_word' id='word_1_279' title='bbox 1980 2466 2308 2532; x_wconf 80' lang='grc' dir='ltr'>ἀκουόντων,</span> <span class='ocrx_word' id='word_1_280' title='bbox 2334 2469 2452 2520; x_wconf 76' lang='grc' dir='ltr'><strong><em>ἐπι-</em></strong></span> 
     </span>
    </p>
   </div>
   <div class='ocr_carea' id='block_1_40' title="bbox 874 2558 2451 2631">
    <p class='ocr_par' dir='ltr' id='par_1_40' title="bbox 874 2558 2451 2631">
     <span class='ocr_line' id='line_1_40' title="bbox 874 2558 2451 2631; baseline -0.001 -16"><span class='ocrx_word' id='word_1_281' title='bbox 874 2564 1115 2631; x_wconf 79' lang='grc' dir='ltr'>στροφὴν</span> <span class='ocrx_word' id='word_1_282' title='bbox 1147 2563 1201 2614; x_wconf 82' lang='grc' dir='ltr'><strong><em>δὲ</em></strong></span> <span class='ocrx_word' id='word_1_283' title='bbox 1222 2561 1327 2613; x_wconf 84' lang='grc' dir='ltr'><strong><em>τῶν</em></strong></span> <span class='ocrx_word' id='word_1_284' title='bbox 1352 2560 1670 2628; x_wconf 76' lang='grc' dir='ltr'><strong><em>φασκόντων</em></strong></span> <span class='ocrx_word' id='word_1_285' title='bbox 1708 2559 1782 2629; x_wconf 84' lang='grc' dir='ltr'><strong><em>μὴ</em></strong></span> <span class='ocrx_word' id='word_1_286' title='bbox 1814 2558 2073 2612; x_wconf 80' lang='grc' dir='ltr'>δύνασθαι</span> <span class='ocrx_word' id='word_1_287' title='bbox 2100 2558 2195 2611; x_wconf 83' lang='grc' dir='ltr'>νῦν</span> <span class='ocrx_word' id='word_1_288' title='bbox 2228 2560 2451 2613; x_wconf 81' lang='grc' dir='ltr'>τοιαῦτα</span> 
     </span>
    </p>
   </div>
   <div class='ocr_carea' id='block_1_41' title="bbox 874 2646 2447 2722">
    <p class='ocr_par' dir='ltr' id='par_1_41' title="bbox 874 2646 2447 2722">
     <span class='ocr_line' id='line_1_41' title="bbox 874 2646 2447 2722; baseline 0.001 -17"><span class='ocrx_word' id='word_1_289' title='bbox 874 2653 1294 2722; x_wconf 79' lang='grc' dir='ltr'><strong><em>κατορθοῦσθαι,</em></strong></span> <span class='ocrx_word' id='word_1_290' title='bbox 1344 2646 1431 2704; x_wconf 76' lang='grc' dir='ltr'>οἷα</span> <span class='ocrx_word' id='word_1_291' title='bbox 1490 2653 1546 2703; x_wconf 82' lang='grc' dir='ltr'><strong><em>έν</em></strong></span> <span class='ocrx_word' id='word_1_292' title='bbox 1605 2652 1718 2711; x_wconf 80' lang='grc' dir='ltr'>τοῖς</span> <span class='ocrx_word' id='word_1_293' title='bbox 1777 2651 2157 2720; x_wconf 75' lang='grc' dir='ltr'><strong><em>παλαιοτέροις</em></strong></span> <span class='ocrx_word' id='word_1_294' title='bbox 2215 2656 2447 2721; x_wconf 83' lang='grc' dir='ltr'><strong><em>χρόνοις.</em></strong></span> 
     </span>
    </p>
   </div>
   <div class='ocr_carea' id='block_1_42' title="bbox 873 2742 2448 2814">
    <p class='ocr_par' dir='ltr' id='par_1_42' title="bbox 873 2742 2448 2814">
     <span class='ocr_line' id='line_1_42' title="bbox 873 2742 2448 2814; baseline -0.001 -15"><span class='ocrx_word' id='word_1_295' title='bbox 873 2746 990 2800; x_wconf 73' lang='lat' dir='ltr'><strong><em>Non</em></strong></span> <span class='ocrx_word' id='word_1_296' title='bbox 1027 2746 1206 2799; x_wconf 89' lang='lat' dir='ltr'><strong><em>minus</em></strong></span> <span class='ocrx_word' id='word_1_297' title='bbox 1241 2747 1423 2814; x_wconf 85' lang='lat' dir='ltr'><strong><em>itaque</em></strong></span> <span class='ocrx_word' id='word_1_298' title='bbox 1452 2742 1587 2797; x_wconf 78' lang='lat' dir='ltr'><strong><em>milii</em></strong></span> <span class='ocrx_word' id='word_1_299' title='bbox 1627 2742 1883 2811; x_wconf 87' lang='lat' dir='ltr'><strong><em>proposui</em></strong></span> <span class='ocrx_word' id='word_1_300' title='bbox 1929 2742 2053 2798; x_wconf 87' lang='lat' dir='ltr'><strong><em>aliis</em></strong></span> <span class='ocrx_word' id='word_1_301' title='bbox 2100 2744 2448 2813; x_wconf 78' lang='lat' dir='ltr'><strong><em>antiquorum</em></strong></span> 
     </span>
    </p>
   </div>
   <div class='ocr_carea' id='block_1_43' title="bbox 875 2834 2451 2907">
    <p class='ocr_par' dir='ltr' id='par_1_43' title="bbox 875 2834 2451 2907">
     <span class='ocr_line' id='line_1_43' title="bbox 875 2834 2451 2907; baseline 0.003 -20"><span class='ocrx_word' id='word_1_302' title='bbox 875 2839 1130 2907; x_wconf 62' lang='lat' dir='ltr'><strong><em>praeclare</em></strong></span> <span class='ocrx_word' id='word_1_303' title='bbox 1184 2838 1369 2906; x_wconf 78' lang='lat' dir='ltr'><strong><em>gestis,</em></strong></span> <span class='ocrx_word' id='word_1_304' title='bbox 1430 2837 1745 2905; x_wconf 87' lang='lat' dir='ltr'><strong><em>scriptoque</em></strong></span> <span class='ocrx_word' id='word_1_305' title='bbox 1800 2834 2073 2889; x_wconf 84' lang='lat' dir='ltr'><strong><em>mandatis</em></strong></span> <span class='ocrx_word' id='word_1_306' title='bbox 2131 2837 2348 2899; x_wconf 81' lang='lat' dir='ltr'><strong><em>addere,</em></strong></span> <span class='ocrx_word' id='word_1_307' title='bbox 2396 2847 2451 2892; x_wconf 86' lang='lat' dir='ltr'><strong><em>et</em></strong></span> 
     </span>
    </p>
   </div>
   <div class='ocr_carea' id='block_1_44' title="bbox 872 2926 2449 2999">
    <p class='ocr_par' dir='ltr' id='par_1_44' title="bbox 872 2926 2449 2999">
     <span class='ocr_line' id='line_1_44' title="bbox 872 2926 2449 2999; baseline -0.001 -16"><span class='ocrx_word' id='word_1_308' title='bbox 872 2946 992 2999; x_wconf 63' lang='lat' dir='ltr'><strong><em>qum</em></strong></span> <span class='ocrx_word' id='word_1_309' title='bbox 1038 2944 1181 2982; x_wconf 89' lang='lat' dir='ltr'><strong><em>nunc</em></strong></span> <span class='ocrx_word' id='word_1_310' title='bbox 1214 2929 1314 2981; x_wconf 88' lang='lat' dir='ltr'><strong><em>hac</em></strong></span> <span class='ocrx_word' id='word_1_311' title='bbox 1350 2936 1533 2981; x_wconf 89' lang='lat' dir='ltr'><strong><em>nostra</em></strong></span> <span class='ocrx_word' id='word_1_312' title='bbox 1562 2937 1720 2980; x_wconf 71' lang='lat' dir='ltr'><strong><em>:etate</em></strong></span> <span class='ocrx_word' id='word_1_313' title='bbox 1759 2941 1970 2980; x_wconf 85' lang='lat' dir='ltr'><strong><em>summa</em></strong></span> <span class='ocrx_word' id='word_1_314' title='bbox 2000 2941 2122 2979; x_wconf 88' lang='lat' dir='ltr'><strong><em>cum</em></strong></span> <span class='ocrx_word' id='word_1_315' title='bbox 2153 2926 2311 2981; x_wconf 79' lang='lat' dir='ltr'><strong><em>laude.</em></strong></span> <span class='ocrx_word' id='word_1_316' title='bbox 2354 2943 2449 2997; x_wconf 84' lang='lat' dir='ltr'><strong><em>pa-</em></strong></span> 
     </span>
    </p>
   </div>
   <div class='ocr_carea' id='block_1_45' title="bbox 873 3018 2446 3083">
    <p class='ocr_par' dir='ltr' id='par_1_45' title="bbox 873 3018 2446 3083">
     <span class='ocr_line' id='line_1_45' title="bbox 873 3018 2446 3083; baseline 0.001 -11"><span class='ocrx_word' id='word_1_317' title='bbox 873 3029 1011 3074; x_wconf 83' lang='lat' dir='ltr'><strong><em>trata</em></strong></span> <span class='ocrx_word' id='word_1_318' title='bbox 1061 3028 1208 3083; x_wconf 88' lang='lat' dir='ltr'><strong><em>sunt,</em></strong></span> <span class='ocrx_word' id='word_1_319' title='bbox 1254 3029 1364 3072; x_wconf 87' lang='lat' dir='ltr'><strong><em>tum</em></strong></span> <span class='ocrx_word' id='word_1_320' title='bbox 1422 3020 1489 3072; x_wconf 86' lang='lat' dir='ltr'><strong><em>ad</em></strong></span> <span class='ocrx_word' id='word_1_321' title='bbox 1546 3018 1835 3071; x_wconf 86' lang='lat' dir='ltr'><strong><em>utilitatem</em></strong></span> <span class='ocrx_word' id='word_1_322' title='bbox 1900 3018 2264 3082; x_wconf 88' lang='lat' dir='ltr'><strong><em>audientium,</em></strong></span> <span class='ocrx_word' id='word_1_323' title='bbox 2334 3028 2446 3073; x_wconf 86' lang='lat' dir='ltr'><strong><em>tum</em></strong></span> 
     </span>
    </p>
   </div>
   <div class='ocr_carea' id='block_1_46' title="bbox 871 3112 2445 3179">
    <p class='ocr_par' dir='ltr' id='par_1_46' title="bbox 871 3112 2445 3179">
     <span class='ocr_line' id='line_1_46' title="bbox 871 3112 2445 3179; baseline 0 -13"><span class='ocrx_word' id='word_1_324' title='bbox 871 3130 1057 3167; x_wconf 76' lang='lat' dir='ltr'><strong><em>eorum</em></strong></span> <span class='ocrx_word' id='word_1_325' title='bbox 1080 3113 1515 3176; x_wconf 72' lang='lat' dir='ltr'><strong><em>conversionem,</em></strong></span> <span class='ocrx_word' id='word_1_326' title='bbox 1546 3112 1637 3179; x_wconf 88' lang='lat' dir='ltr'><strong><em>qui</em></strong></span> <span class='ocrx_word' id='word_1_327' title='bbox 1659 3112 1847 3165; x_wconf 88' lang='lat' dir='ltr'><strong><em>dicunt</em></strong></span> <span class='ocrx_word' id='word_1_328' title='bbox 1867 3126 1976 3163; x_wconf 92' lang='lat' dir='ltr'><strong><em>non</em></strong></span> <span class='ocrx_word' id='word_1_329' title='bbox 2012 3126 2168 3179; x_wconf 89' lang='lat' dir='ltr'><strong><em>posse</em></strong></span> <span class='ocrx_word' id='word_1_330' title='bbox 2201 3114 2301 3165; x_wconf 86' lang='lat' dir='ltr'><strong><em>hoc</em></strong></span> <span class='ocrx_word' id='word_1_331' title='bbox 2330 3128 2445 3166; x_wconf 66' lang='lat' dir='ltr'><strong><em>iero</em></strong></span> 
     </span>
    </p>
   </div>
   <div class='ocr_carea' id='block_1_47' title="bbox 873 3200 2442 3272">
    <p class='ocr_par' dir='ltr' id='par_1_47' title="bbox 873 3200 2442 3272">
     <span class='ocr_line' id='line_1_47' title="bbox 873 3200 2442 3272; baseline -0.003 -13"><span class='ocrx_word' id='word_1_332' title='bbox 873 3206 997 3259; x_wconf 79' lang='lat' dir='ltr'><strong><em>talia</em></strong></span> <span class='ocrx_word' id='word_1_333' title='bbox 1061 3204 1289 3268; x_wconf 78' lang='lat' dir='ltr'><strong><em>absolvi,</em></strong></span> <span class='ocrx_word' id='word_1_334' title='bbox 1350 3202 1529 3272; x_wconf 86' lang='lat' dir='ltr'><strong><em>qualia</em></strong></span> <span class='ocrx_word' id='word_1_335' title='bbox 1578 3202 1880 3271; x_wconf 85' lang='lat' dir='ltr'><strong><em>antiquitus</em></strong></span> <span class='ocrx_word' id='word_1_336' title='bbox 1919 3202 2057 3256; x_wconf 83' lang='lat' dir='ltr'><strong><em>facta</em></strong></span> <span class='ocrx_word' id='word_1_337' title='bbox 2112 3211 2258 3256; x_wconf 88' lang='lat' dir='ltr'><strong><em>sunt.</em></strong></span> <span class='ocrx_word' id='word_1_338' title='bbox 2314 3200 2442 3258; x_wconf 89' lang='lat' dir='ltr'><strong><em>Cum</em></strong></span> 
     </span>
    </p>
   </div>
   <div class='ocr_carea' id='block_1_48' title="bbox 871 3260 2517 3360">
    <p class='ocr_par' dir='ltr' id='par_1_48' title="bbox 871 3260 2517 3360">
     <span class='ocr_line' id='line_1_48' title="bbox 871 3260 2517 3360; baseline -0.002 -10"><span class='ocrx_word' id='word_1_339' title='bbox 871 3314 1023 3350; x_wconf 88' lang='lat' dir='ltr'><strong><em>suam</em></strong></span> <span class='ocrx_word' id='word_1_340' title='bbox 1088 3313 1151 3349; x_wconf 74' lang='lat' dir='ltr'><strong><em>ex</em></strong></span> <span class='ocrx_word' id='word_1_341' title='bbox 1208 3297 1387 3347; x_wconf 88' lang='lat' dir='ltr'><strong><em>eodem</em></strong></span> <span class='ocrx_word' id='word_1_342' title='bbox 1445 3294 1823 3360; x_wconf 80' lang='lat' dir='ltr'><strong><em>Metaphrastes</em></strong></span> <span class='ocrx_word' id='word_1_343' title='bbox 1875 3295 2256 3358; x_wconf 72' lang='lat' dir='ltr'><strong><em>conscriberet,</em></strong></span> <span class='ocrx_word' id='word_1_344' title='bbox 2316 3260 2517 3346; x_wconf 83' lang='lat' dir='ltr'><strong><em>nihilC</em></strong></span> 
     </span>
    </p>
   </div>
   <div class='ocr_carea' id='block_1_49' title="bbox 872 3387 2442 3454">
    <p class='ocr_par' dir='ltr' id='par_1_49' title="bbox 872 3387 2442 3454">
     <span class='ocr_line' id='line_1_49' title="bbox 872 3387 2442 3454; baseline -0.004 -11"><span class='ocrx_word' id='word_1_345' title='bbox 872 3390 1043 3443; x_wconf 89' lang='lat' dir='ltr'><strong><em>simile</em></strong></span> <span class='ocrx_word' id='word_1_346' title='bbox 1075 3390 1183 3442; x_wconf 89' lang='lat' dir='ltr'><strong><em>suis</em></strong></span> <span class='ocrx_word' id='word_1_347' title='bbox 1234 3388 1566 3449; x_wconf 87' lang='lat' dir='ltr'><strong><em>ittterseruit,</em></strong></span> <span class='ocrx_word' id='word_1_348' title='bbox 1625 3387 1713 3439; x_wconf 89' lang='lat' dir='ltr'><strong><em>sed</em></strong></span> <span class='ocrx_word' id='word_1_349' title='bbox 1770 3388 1877 3439; x_wconf 90' lang='lat' dir='ltr'><strong><em>alio</em></strong></span> <span class='ocrx_word' id='word_1_350' title='bbox 1919 3388 2167 3454; x_wconf 66' lang='lat' dir='ltr'><strong><em>praemio</em></strong></span> <span class='ocrx_word' id='word_1_351' title='bbox 2217 3389 2442 3453; x_wconf 80' lang='lat' dir='ltr'><strong><em>appicto,</em></strong></span> 
     </span>
    </p>
   </div>
   <div class='ocr_carea' id='block_1_50' title="bbox 873 3478 2444 3547">
    <p class='ocr_par' dir='ltr' id='par_1_50' title="bbox 873 3478 2444 3547">
     <span class='ocr_line' id='line_1_50' title="bbox 873 3478 2444 3547; baseline -0.005 -9"><span class='ocrx_word' id='word_1_352' title='bbox 873 3496 1057 3538; x_wconf 66' lang='lat' dir='ltr'><strong><em>cratera</em></strong></span> <span class='ocrx_word' id='word_1_353' title='bbox 1091 3491 1273 3535; x_wconf 89' lang='lat' dir='ltr'><strong><em>narrat</em></strong></span> <span class='ocrx_word' id='word_1_354' title='bbox 1332 3482 1391 3533; x_wconf 87' lang='lat' dir='ltr'><strong><em>de</em></strong></span> <span class='ocrx_word' id='word_1_355' title='bbox 1422 3495 1535 3541; x_wconf 86' lang='lat' dir='ltr'><strong><em>suo,</em></strong></span> <span class='ocrx_word' id='word_1_356' title='bbox 1575 3488 1629 3530; x_wconf 92' lang='lat' dir='ltr'><strong><em>ut</em></strong></span> <span class='ocrx_word' id='word_1_357' title='bbox 1654 3481 1865 3547; x_wconf 85' lang='lat' dir='ltr'><strong><em>frustra</em></strong></span> <span class='ocrx_word' id='word_1_358' title='bbox 1909 3478 2189 3545; x_wconf 87' lang='lat' dir='ltr'><strong><em>Scriptoris</em></strong></span> <span class='ocrx_word' id='word_1_359' title='bbox 2237 3488 2444 3531; x_wconf 79' lang='lat' dir='ltr'><strong><em>a&#39;tatem</em></strong></span> 
     </span>
    </p>
   </div>
   <div class='ocr_carea' id='block_1_51' title="bbox 873 3574 1642 3645">
    <p class='ocr_par' dir='ltr' id='par_1_51' title="bbox 873 3574 1642 3645">
     <span class='ocr_line' id='line_1_51' title="bbox 873 3574 1642 3645; baseline -0.005 -18"><span class='ocrx_word' id='word_1_360' title='bbox 873 3577 924 3627; x_wconf 82' lang='lat' dir='ltr'><strong><em>iit</em></strong></span> <span class='ocrx_word' id='word_1_361' title='bbox 956 3574 1374 3645; x_wconf 73' lang='lat' dir='ltr'><strong><em>Mctaphrasta&#39;is</em></strong></span> <span class='ocrx_word' id='word_1_362' title='bbox 1414 3588 1642 3643; x_wconf 81' lang='lat' dir='ltr'><strong><em>qua&#39;ras.</em></strong></span> 
     </span>
    </p>
   </div>
   <div class='ocr_carea' id='block_1_52' title="bbox 943 3750 2445 3823">
    <p class='ocr_par' dir='ltr' id='par_1_52' title="bbox 943 3750 2445 3823">
     <span class='ocr_line' id='line_1_52' title="bbox 943 3750 2445 3823; baseline -0.001 -18"><span class='ocrx_word' id='word_1_363' title='bbox 943 3750 1093 3823; x_wconf 62' lang='grc' dir='ltr'><strong><em>μμ]</em></strong></span> <span class='ocrx_word' id='word_1_364' title='bbox 1127 3751 1444 3817; x_wconf 85' lang='lat' dir='ltr'><strong><em>Scripseram</em></strong></span> <span class='ocrx_word' id='word_1_365' title='bbox 1476 3752 1529 3803; x_wconf 89' lang='lat' dir='ltr'><strong><em>in</em></strong></span> <span class='ocrx_word' id='word_1_366' title='bbox 1555 3750 1796 3804; x_wconf 85' lang='lat' dir='ltr'><strong><em>Diatriba</em></strong></span> <span class='ocrx_word' id='word_1_367' title='bbox 1824 3766 1937 3803; x_wconf 89' lang='lat' dir='ltr'><strong><em>mea</em></strong></span> <span class='ocrx_word' id='word_1_368' title='bbox 1978 3750 2087 3802; x_wconf 89' lang='lat' dir='ltr'><strong><em>alia</em></strong></span> <span class='ocrx_word' id='word_1_369' title='bbox 2114 3766 2318 3819; x_wconf 85' lang='lat' dir='ltr'><strong><em>quoque</em></strong></span> <span class='ocrx_word' id='word_1_370' title='bbox 2342 3750 2445 3803; x_wconf 76' lang='lat' dir='ltr'><strong><em>Me-</em></strong></span> 
     </span>
    </p>
   </div>
   <div class='ocr_carea' id='block_1_53' title="bbox 874 3840 2448 3910">
    <p class='ocr_par' dir='ltr' id='par_1_53' title="bbox 874 3840 2448 3910">
     <span class='ocr_line' id='line_1_53' title="bbox 874 3840 2448 3910; baseline -0.001 -15"><span class='ocrx_word' id='word_1_371' title='bbox 874 3844 1159 3908; x_wconf 75' lang='lat' dir='ltr'><strong><em>taphrustte</em></strong></span> <span class='ocrx_word' id='word_1_372' title='bbox 1192 3844 1393 3910; x_wconf 81' lang='lat' dir='ltr'><strong><em>scripta</em></strong></span> <span class='ocrx_word' id='word_1_373' title='bbox 1417 3845 1604 3910; x_wconf 83' lang='lat' dir='ltr'><strong><em>egisse,</em></strong></span> <span class='ocrx_word' id='word_1_374' title='bbox 1636 3857 1752 3905; x_wconf 80' lang='lat' dir='ltr'><strong><em>qua:</em></strong></span> <span class='ocrx_word' id='word_1_375' title='bbox 1776 3849 1948 3892; x_wconf 88' lang='lat' dir='ltr'><strong><em>tamen</em></strong></span> <span class='ocrx_word' id='word_1_376' title='bbox 1984 3842 2038 3891; x_wconf 89' lang='lat' dir='ltr'><strong><em>in</em></strong></span> <span class='ocrx_word' id='word_1_377' title='bbox 2068 3840 2306 3891; x_wconf 89' lang='lat' dir='ltr'><strong><em>Diatriba</em></strong></span> <span class='ocrx_word' id='word_1_378' title='bbox 2329 3850 2448 3893; x_wconf 88' lang='lat' dir='ltr'><strong><em>ante</em></strong></span> 
     </span>
    </p>
   </div>
   <div class='ocr_carea' id='block_1_54' title="bbox 874 3927 2446 3995">
    <p class='ocr_par' dir='ltr' id='par_1_54' title="bbox 874 3927 2446 3995">
     <span class='ocr_line' id='line_1_54' title="bbox 874 3927 2446 3995; baseline -0.004 -9"><span class='ocrx_word' id='word_1_379' title='bbox 874 3934 1183 3987; x_wconf 85' lang='lat' dir='ltr'><strong><em>transmissa</em></strong></span> <span class='ocrx_word' id='word_1_380' title='bbox 1245 3948 1346 3984; x_wconf 90' lang='lat' dir='ltr'><strong><em>non</em></strong></span> <span class='ocrx_word' id='word_1_381' title='bbox 1392 3933 1741 3983; x_wconf 90' lang='lat' dir='ltr'><strong><em>habebantur.</em></strong></span> <span class='ocrx_word' id='word_1_382' title='bbox 1805 3928 1891 3981; x_wconf 84' lang='lat' dir='ltr'><strong><em>Ita</em></strong></span> <span class='ocrx_word' id='word_1_383' title='bbox 1930 3939 2029 3981; x_wconf 87' lang='lat' dir='ltr'><strong><em>est.</em></strong></span> <span class='ocrx_word' id='word_1_384' title='bbox 2086 3927 2152 3981; x_wconf 83' lang='lat' dir='ltr'><strong><em>Et</em></strong></span> <span class='ocrx_word' id='word_1_385' title='bbox 2189 3930 2343 3995; x_wconf 89' lang='lat' dir='ltr'><strong><em>plane</em></strong></span> <span class='ocrx_word' id='word_1_386' title='bbox 2393 3930 2446 3980; x_wconf 85' lang='lat' dir='ltr'><strong><em>in</em></strong></span> 
     </span>
    </p>
   </div>
   <div class='ocr_carea' id='block_1_55' title="bbox 875 4019 2449 4093">
    <p class='ocr_par' dir='ltr' id='par_1_55' title="bbox 875 4019 2449 4093">
     <span class='ocr_line' id='line_1_55' title="bbox 875 4019 2449 4093; baseline -0.005 -14"><span class='ocrx_word' id='word_1_387' title='bbox 875 4026 1121 4079; x_wconf 86' lang='lat' dir='ltr'><strong><em>Diatriba</em></strong></span> <span class='ocrx_word' id='word_1_388' title='bbox 1153 4026 1229 4093; x_wconf 86' lang='lat' dir='ltr'><strong><em>egi</em></strong></span> <span class='ocrx_word' id='word_1_389' title='bbox 1260 4024 1465 4075; x_wconf 90' lang='lat' dir='ltr'><strong><em>abunde</em></strong></span> <span class='ocrx_word' id='word_1_390' title='bbox 1518 4023 1581 4073; x_wconf 91' lang='lat' dir='ltr'><strong><em>de</em></strong></span> <span class='ocrx_word' id='word_1_391' title='bbox 1617 4022 1742 4072; x_wconf 91' lang='lat' dir='ltr'><strong><em>illis.</em></strong></span> <span class='ocrx_word' id='word_1_392' title='bbox 1774 4019 1876 4072; x_wconf 87' lang='lat' dir='ltr'><strong><em>Illa</em></strong></span> <span class='ocrx_word' id='word_1_393' title='bbox 1921 4028 2093 4070; x_wconf 88' lang='lat' dir='ltr'><strong><em>tamen</em></strong></span> <span class='ocrx_word' id='word_1_394' title='bbox 2138 4020 2449 4071; x_wconf 84' lang='lat' dir='ltr'><strong><em>transmissa</em></strong></span> 
     </span>
    </p>
   </div>
   <div class='ocr_carea' id='block_1_56' title="bbox 874 4110 2446 4185">
    <p class='ocr_par' dir='ltr' id='par_1_56' title="bbox 874 4110 2446 4185">
     <span class='ocr_line' id='line_1_56' title="bbox 874 4110 2446 4185; baseline -0.006 -15"><span class='ocrx_word' id='word_1_395' title='bbox 874 4134 976 4170; x_wconf 79' lang='lat' dir='ltr'><strong><em>non</em></strong></span> <span class='ocrx_word' id='word_1_396' title='bbox 1012 4127 1151 4177; x_wconf 84' lang='lat' dir='ltr'><strong><em>sunt,</em></strong></span> <span class='ocrx_word' id='word_1_397' title='bbox 1185 4116 1321 4185; x_wconf 84' lang='lat' dir='ltr'><strong><em>quod</em></strong></span> <span class='ocrx_word' id='word_1_398' title='bbox 1356 4130 1445 4166; x_wconf 91' lang='lat' dir='ltr'><strong><em>nec</em></strong></span> <span class='ocrx_word' id='word_1_399' title='bbox 1464 4113 1709 4165; x_wconf 84' lang='lat' dir='ltr'><strong><em>Diatriba</em></strong></span> <span class='ocrx_word' id='word_1_400' title='bbox 1731 4113 1845 4178; x_wconf 89' lang='lat' dir='ltr'><strong><em>ipsa</em></strong></span> <span class='ocrx_word' id='word_1_401' title='bbox 1876 4110 2101 4177; x_wconf 82' lang='lat' dir='ltr'><strong><em>integra.</em></strong></span> <span class='ocrx_word' id='word_1_402' title='bbox 2122 4113 2211 4162; x_wconf 87' lang='lat' dir='ltr'><strong><em>sed</em></strong></span> <span class='ocrx_word' id='word_1_403' title='bbox 2243 4118 2446 4160; x_wconf 86' lang='lat' dir='ltr'><strong><em>tantum</em></strong></span> 
     </span>
    </p>
   </div>
   <div class='ocr_carea' id='block_1_57' title="bbox 872 4200 2450 4275">
    <p class='ocr_par' dir='ltr' id='par_1_57' title="bbox 872 4200 2450 4275">
     <span class='ocr_line' id='line_1_57' title="bbox 872 4200 2450 4275; baseline -0.008 -14"><span class='ocrx_word' id='word_1_404' title='bbox 872 4227 932 4262; x_wconf 90' lang='lat' dir='ltr'><strong><em>ea</em></strong></span> <span class='ocrx_word' id='word_1_405' title='bbox 963 4223 1107 4275; x_wconf 88' lang='lat' dir='ltr'><strong><em>pars,</em></strong></span> <span class='ocrx_word' id='word_1_406' title='bbox 1140 4210 1195 4258; x_wconf 91' lang='lat' dir='ltr'><strong><em>in</em></strong></span> <span class='ocrx_word' id='word_1_407' title='bbox 1240 4221 1343 4273; x_wconf 91' lang='lat' dir='ltr'><strong><em>qua</em></strong></span> <span class='ocrx_word' id='word_1_408' title='bbox 1374 4204 1439 4255; x_wconf 90' lang='lat' dir='ltr'><strong><em>de</em></strong></span> <span class='ocrx_word' id='word_1_409' title='bbox 1481 4211 1637 4255; x_wconf 77' lang='lat' dir='ltr'><strong><em>celate</em></strong></span> <span class='ocrx_word' id='word_1_410' title='bbox 1667 4201 2063 4268; x_wconf 82' lang='lat' dir='ltr'><strong><em>Metaphrastte,</em></strong></span> <span class='ocrx_word' id='word_1_411' title='bbox 2113 4200 2176 4251; x_wconf 81' lang='lat' dir='ltr'><strong><em>de</em></strong></span> <span class='ocrx_word' id='word_1_412' title='bbox 2236 4215 2336 4266; x_wconf 86' lang='lat' dir='ltr'><strong><em>qua</em></strong></span> <span class='ocrx_word' id='word_1_413' title='bbox 2360 4215 2450 4265; x_wconf 89' lang='lat' dir='ltr'><strong><em>per</em></strong></span> 
     </span>
    </p>
   </div>
   <div class='ocr_carea' id='block_1_58' title="bbox 877 4289 2450 4367">
    <p class='ocr_par' dir='ltr' id='par_1_58' title="bbox 877 4289 2450 4367">
     <span class='ocr_line' id='line_1_58' title="bbox 877 4289 2450 4367; baseline -0.007 -14"><span class='ocrx_word' id='word_1_414' title='bbox 877 4312 996 4354; x_wconf 80' lang='lat' dir='ltr'><strong><em>tuas</em></strong></span> <span class='ocrx_word' id='word_1_415' title='bbox 1041 4307 1379 4367; x_wconf 81' lang='lat' dir='ltr'><strong><em>percontatus</em></strong></span> <span class='ocrx_word' id='word_1_416' title='bbox 1436 4296 1633 4365; x_wconf 85' lang='lat' dir='ltr'><strong><em>fueras,</em></strong></span> <span class='ocrx_word' id='word_1_417' title='bbox 1666 4292 1936 4361; x_wconf 87' lang='lat' dir='ltr'><strong><em>agebatur.</em></strong></span> <span class='ocrx_word' id='word_1_418' title='bbox 1966 4289 2150 4358; x_wconf 81' lang='lat' dir='ltr'><strong><em>Agitur</em></strong></span> <span class='ocrx_word' id='word_1_419' title='bbox 2190 4291 2243 4340; x_wconf 89' lang='lat' dir='ltr'><strong><em>in</em></strong></span> <span class='ocrx_word' id='word_1_420' title='bbox 2287 4306 2346 4341; x_wconf 86' lang='lat' dir='ltr'><strong><em>ea</em></strong></span> <span class='ocrx_word' id='word_1_421' title='bbox 2386 4290 2450 4342; x_wconf 91' lang='lat' dir='ltr'><strong><em>de</em></strong></span> 
     </span>
    </p>
   </div>
   <div class='ocr_carea' id='block_1_59' title="bbox 874 4379 2445 4456">
    <p class='ocr_par' dir='ltr' id='par_1_59' title="bbox 874 4379 2445 4456">
     <span class='ocr_line' id='line_1_59' title="bbox 874 4379 2445 4456; baseline -0.007 -14"><span class='ocrx_word' id='word_1_422' title='bbox 874 4392 995 4443; x_wconf 89' lang='lat' dir='ltr'><strong><em>aliis</em></strong></span> <span class='ocrx_word' id='word_1_423' title='bbox 1023 4386 1385 4456; x_wconf 81' lang='lat' dir='ltr'><strong><em>ngeonibus,</em></strong></span> <span class='ocrx_word' id='word_1_424' title='bbox 1423 4399 1643 4451; x_wconf 80' lang='lat' dir='ltr'><strong><em>quarunt</em></strong></span> <span class='ocrx_word' id='word_1_425' title='bbox 1680 4384 1932 4433; x_wconf 89' lang='lat' dir='ltr'><strong><em>memoria</em></strong></span> <span class='ocrx_word' id='word_1_426' title='bbox 1955 4389 2028 4431; x_wconf 89' lang='lat' dir='ltr'><strong><em>est</em></strong></span> <span class='ocrx_word' id='word_1_427' title='bbox 2056 4379 2195 4443; x_wconf 88' lang='lat' dir='ltr'><strong><em>apud</em></strong></span> <span class='ocrx_word' id='word_1_428' title='bbox 2238 4390 2445 4443; x_wconf 78' lang='lat' dir='ltr'><strong><em>veteres,</em></strong></span> 
     </span>
    </p>
   </div>
   <div class='ocr_carea' id='block_1_60' title="bbox 872 4469 2445 4543">
    <p class='ocr_par' dir='ltr' id='par_1_60' title="bbox 872 4469 2445 4543">
     <span class='ocr_line' id='line_1_60' title="bbox 872 4469 2445 4543; baseline -0.007 -10"><span class='ocrx_word' id='word_1_429' title='bbox 872 4482 950 4534; x_wconf 87' lang='lat' dir='ltr'><strong><em>vel</em></strong></span> <span class='ocrx_word' id='word_1_430' title='bbox 982 4478 1289 4531; x_wconf 89' lang='lat' dir='ltr'><strong><em>recentiores</em></strong></span> <span class='ocrx_word' id='word_1_431' title='bbox 1320 4474 1522 4543; x_wconf 90' lang='lat' dir='ltr'><strong><em>aliquid</em></strong></span> <span class='ocrx_word' id='word_1_432' title='bbox 1546 4473 1724 4529; x_wconf 68' lang='grc' dir='ltr'><strong><em>(ἔπιτε</em></strong></span> <span class='ocrx_word' id='word_1_433' title='bbox 1745 4472 2034 4537; x_wconf 86' lang='lat' dir='ltr'><strong><em>scripsisse.</em></strong></span> <span class='ocrx_word' id='word_1_434' title='bbox 2053 4469 2197 4522; x_wconf 82' lang='lat' dir='ltr'><strong><em>Inter</em></strong></span> <span class='ocrx_word' id='word_1_435' title='bbox 2227 4485 2313 4522; x_wconf 90' lang='lat' dir='ltr'><strong><em>eos</em></strong></span> <span class='ocrx_word' id='word_1_436' title='bbox 2344 4486 2445 4522; x_wconf 80' lang='lat' dir='ltr'><strong><em>non</em></strong></span> 
     </span>
    </p>
   </div>
   <div class='ocr_carea' id='block_1_61' title="bbox 2568 2009 4123 2079">
    <p class='ocr_par' dir='ltr' id='par_1_61' title="bbox 2568 2009 4123 2079">
     <span class='ocr_line' id='line_1_61' title="bbox 2568 2009 4123 2079; baseline -0.002 -15"><span class='ocrx_word' id='word_1_437' title='bbox 2568 2009 2755 2064; x_wconf 80' lang='lat' dir='ltr'><strong><em>Verum</em></strong></span> <span class='ocrx_word' id='word_1_438' title='bbox 2807 2022 2880 2065; x_wconf 91' lang='lat' dir='ltr'><strong><em>est</em></strong></span> <span class='ocrx_word' id='word_1_439' title='bbox 2948 2009 3257 2079; x_wconf 81' lang='lat' dir='ltr'><strong><em>Symeonem</em></strong></span> <span class='ocrx_word' id='word_1_440' title='bbox 3303 2010 3572 2063; x_wconf 80' lang='lat' dir='ltr'><strong><em>Juniorem</em></strong></span> <span class='ocrx_word' id='word_1_441' title='bbox 3612 2012 3903 2079; x_wconf 78' lang='lat' dir='ltr'><strong><em>theologum</em></strong></span> <span class='ocrx_word' id='word_1_442' title='bbox 3956 2028 4123 2062; x_wconf 79' lang='lat' dir='ltr'><strong><em>monu-</em></strong></span> 
     </span>
    </p>
   </div>
   <div class='ocr_carea' id='block_1_62' title="bbox 2553 2098 4125 2170">
    <p class='ocr_par' dir='ltr' id='par_1_62' title="bbox 2553 2098 4125 2170">
     <span class='ocr_line' id='line_1_62' title="bbox 2553 2098 4125 2170; baseline -0.004 -13"><span class='ocrx_word' id='word_1_443' title='bbox 2553 2102 2701 2157; x_wconf 77' lang='lat' dir='ltr'><strong><em>cltum</em></strong></span> <span class='ocrx_word' id='word_1_444' title='bbox 2736 2102 2914 2170; x_wconf 90' lang='lat' dir='ltr'><strong><em>fuisse.</em></strong></span> <span class='ocrx_word' id='word_1_445' title='bbox 2950 2101 3135 2154; x_wconf 74' lang='lat' dir='ltr'><strong><em>Verum</em></strong></span> <span class='ocrx_word' id='word_1_446' title='bbox 3164 2110 3240 2153; x_wconf 83' lang='lat' dir='ltr'><strong><em>est</em></strong></span> <span class='ocrx_word' id='word_1_447' title='bbox 3274 2098 3688 2168; x_wconf 78' lang='lat' dir='ltr'><strong><em>Mctapltrastem</em></strong></span> <span class='ocrx_word' id='word_1_448' title='bbox 3722 2099 3812 2152; x_wconf 88' lang='lat' dir='ltr'><strong><em>sub</em></strong></span> <span class='ocrx_word' id='word_1_449' title='bbox 3842 2099 4125 2167; x_wconf 67' lang='lat' dir='ltr'><strong><em>Logothc&#39;a&#39;</em></strong></span> 
     </span>
    </p>
   </div>
   <div class='ocr_carea' id='block_1_63' title="bbox 2555 2187 4123 2260">
    <p class='ocr_par' dir='ltr' id='par_1_63' title="bbox 2555 2187 4123 2260">
     <span class='ocr_line' id='line_1_63' title="bbox 2555 2187 4123 2260; baseline -0.004 -16"><span class='ocrx_word' id='word_1_450' title='bbox 2555 2202 2757 2245; x_wconf 90' lang='lat' dir='ltr'><strong><em>tantum</em></strong></span> <span class='ocrx_word' id='word_1_451' title='bbox 2777 2190 2983 2243; x_wconf 81' lang='lat' dir='ltr'><strong><em>nomine</em></strong></span> <span class='ocrx_word' id='word_1_452' title='bbox 3026 2189 3250 2260; x_wconf 84' lang='lat' dir='ltr'><strong><em>intelligi</em></strong></span> <span class='ocrx_word' id='word_1_453' title='bbox 3274 2208 3291 2243; x_wconf 74' lang='lat'><strong><em>.&#39;</em></strong></span> <span class='ocrx_word' id='word_1_454' title='bbox 3315 2190 3454 2242; x_wconf 86' lang='lat' dir='ltr'><strong><em>male</em></strong></span> <span class='ocrx_word' id='word_1_455' title='bbox 3486 2200 3661 2241; x_wconf 87' lang='lat' dir='ltr'><strong><em>tamen</em></strong></span> <span class='ocrx_word' id='word_1_456' title='bbox 3680 2188 3945 2257; x_wconf 80' lang='lat' dir='ltr'><strong><em>juniorem</em></strong></span> <span class='ocrx_word' id='word_1_457' title='bbox 3990 2187 4123 2238; x_wconf 82' lang='lat' dir='ltr'><strong><em>theo-</em></strong></span> 
     </span>
    </p>
   </div>
   <div class='ocr_carea' id='block_1_64' title="bbox 2554 2281 4127 2355">
    <p class='ocr_par' dir='ltr' id='par_1_64' title="bbox 2554 2281 4127 2355">
     <span class='ocr_line' id='line_1_64' title="bbox 2554 2281 4127 2355; baseline -0.003 -18"><span class='ocrx_word' id='word_1_458' title='bbox 2554 2286 2724 2355; x_wconf 89' lang='lat' dir='ltr'><strong><em>logum</em></strong></span> <span class='ocrx_word' id='word_1_459' title='bbox 2780 2301 2896 2336; x_wconf 89' lang='lat' dir='ltr'><strong><em>cum</em></strong></span> <span class='ocrx_word' id='word_1_460' title='bbox 2928 2283 3288 2350; x_wconf 81' lang='lat' dir='ltr'><strong><em>Mataphraste</em></strong></span> <span class='ocrx_word' id='word_1_461' title='bbox 3328 2285 3601 2353; x_wconf 86' lang='lat' dir='ltr'><strong><em>confundit</em></strong></span> <span class='ocrx_word' id='word_1_462' title='bbox 3634 2283 4003 2343; x_wconf 80' lang='lat' dir='ltr'><strong><em>Methonensis,</em></strong></span> <span class='ocrx_word' id='word_1_463' title='bbox 4029 2281 4127 2333; x_wconf 59' lang='lat' dir='ltr'><strong><em>alio</em></strong></span> 
     </span>
    </p>
   </div>
   <div class='ocr_carea' id='block_1_65' title="bbox 2550 2377 4125 2447">
    <p class='ocr_par' dir='ltr' id='par_1_65' title="bbox 2550 2377 4125 2447">
     <span class='ocr_line' id='line_1_65' title="bbox 2550 2377 4125 2447; baseline -0.001 -18"><span class='ocrx_word' id='word_1_464' title='bbox 2550 2392 2769 2447; x_wconf 88' lang='lat' dir='ltr'><strong><em>quorum</em></strong></span> <span class='ocrx_word' id='word_1_465' title='bbox 2782 2377 3021 2429; x_wconf 85' lang='lat' dir='ltr'><strong><em>codicum</em></strong></span> <span class='ocrx_word' id='word_1_466' title='bbox 3040 2377 3519 2441; x_wconf 68' lang='lat' dir='ltr'><strong><em>manuscriptorum</em></strong></span> <span class='ocrx_word' id='word_1_467' title='bbox 3538 2378 3852 2428; x_wconf 88' lang='lat' dir='ltr'><strong><em>auctoritate</em></strong></span> <span class='ocrx_word' id='word_1_468' title='bbox 3866 2378 4125 2441; x_wconf 82' lang='lat' dir='ltr'><strong><em>deceptus,</em></strong></span> 
     </span>
    </p>
   </div>
   <div class='ocr_carea' id='block_1_66' title="bbox 2552 2465 4127 2538">
    <p class='ocr_par' dir='ltr' id='par_1_66' title="bbox 2552 2465 4127 2538">
     <span class='ocr_line' id='line_1_66' title="bbox 2552 2465 4127 2538; baseline -0.001 -17"><span class='ocrx_word' id='word_1_469' title='bbox 2552 2470 2640 2538; x_wconf 89' lang='lat' dir='ltr'><strong><em>qui</em></strong></span> <span class='ocrx_word' id='word_1_470' title='bbox 2675 2466 2987 2521; x_wconf 88' lang='lat' dir='ltr'><strong><em>tractatulos</em></strong></span> <span class='ocrx_word' id='word_1_471' title='bbox 3024 2465 3296 2533; x_wconf 80' lang='lat' dir='ltr'><strong><em>ngeonis</em></strong></span> <span class='ocrx_word' id='word_1_472' title='bbox 3348 2468 3618 2535; x_wconf 69' lang='lat' dir='ltr'><strong><em>pra&#39;positi</em></strong></span> <span class='ocrx_word' id='word_1_473' title='bbox 3646 2469 3816 2519; x_wconf 89' lang='lat' dir='ltr'><strong><em>sancti</em></strong></span> <span class='ocrx_word' id='word_1_474' title='bbox 3847 2470 4127 2520; x_wconf 80' lang='lat' dir='ltr'><strong><em>Mammttis</em></strong></span> 
     </span>
    </p>
   </div>
   <div class='ocr_carea' id='block_1_67' title="bbox 2553 2560 4118 2631">
    <p class='ocr_par' dir='ltr' id='par_1_67' title="bbox 2553 2560 4118 2631">
     <span class='ocr_line' id='line_1_67' title="bbox 2553 2560 4118 2631; baseline -0.004 -16"><span class='ocrx_word' id='word_1_475' title='bbox 2553 2563 2649 2616; x_wconf 86' lang='lat' dir='ltr'><strong><em>sub</em></strong></span> <span class='ocrx_word' id='word_1_476' title='bbox 2680 2564 2773 2614; x_wconf 85' lang='lat' dir='ltr'><strong><em>hoc</em></strong></span> <span class='ocrx_word' id='word_1_477' title='bbox 2805 2561 2957 2614; x_wconf 93' lang='lat' dir='ltr'><strong><em>titulo</em></strong></span> <span class='ocrx_word' id='word_1_478' title='bbox 2989 2571 3195 2613; x_wconf 82' lang='lat' dir='ltr'><strong><em>notant:</em></strong></span> <span class='ocrx_word' id='word_1_479' title='bbox 3227 2560 3333 2611; x_wconf 81' lang='grc' dir='ltr'>Τοῦ</span> <span class='ocrx_word' id='word_1_480' title='bbox 3359 2560 3755 2631; x_wconf 71' lang='grc' dir='ltr'>Μεταφραεττοῦ</span> <span class='ocrx_word' id='word_1_481' title='bbox 3793 2561 3998 2629; x_wconf 75' lang='grc' dir='ltr'>Κυρίου</span> <span class='ocrx_word' id='word_1_482' title='bbox 4035 2560 4118 2609; x_wconf 75' lang='grc' dir='ltr'><strong><em>Συ·</em></strong></span> 
     </span>
    </p>
   </div>
   <div class='ocr_carea' id='block_1_68' title="bbox 2555 2649 4127 2723">
    <p class='ocr_par' dir='ltr' id='par_1_68' title="bbox 2555 2649 4127 2723">
     <span class='ocr_line' id='line_1_68' title="bbox 2555 2649 4127 2723; baseline -0.004 -18"><span class='ocrx_word' id='word_1_483' title='bbox 2555 2650 2720 2723; x_wconf 83' lang='grc' dir='ltr'>μεὼν,</span> <span class='ocrx_word' id='word_1_484' title='bbox 2752 2654 2844 2704; x_wconf 80' lang='grc' dir='ltr'>καὶ</span> <span class='ocrx_word' id='word_1_485' title='bbox 2865 2655 2986 2705; x_wconf 90' lang='grc' dir='ltr'>νέου</span> <span class='ocrx_word' id='word_1_486' title='bbox 3026 2650 3289 2718; x_wconf 77' lang='grc' dir='ltr'>Θεολόγου</span> <span class='ocrx_word' id='word_1_487' title='bbox 3310 2651 3432 2720; x_wconf 71' lang='grc' dir='ltr'>περὶ</span> <span class='ocrx_word' id='word_1_488' title='bbox 3451 2651 3785 2720; x_wconf 78' lang='grc' dir='ltr'>προσοχῆ;,ἦ</span> <span class='ocrx_word' id='word_1_489' title='bbox 3808 2649 4127 2719; x_wconf 72' lang='grc' dir='ltr'><strong><em>προσευχῆς.</em></strong></span> 
     </span>
    </p>
   </div>
   <div class='ocr_carea' id='block_1_69' title="bbox 2551 2738 4129 2811">
    <p class='ocr_par' dir='ltr' id='par_1_69' title="bbox 2551 2738 4129 2811">
     <span class='ocr_line' id='line_1_69' title="bbox 2551 2738 4129 2811; baseline -0.003 -16"><span class='ocrx_word' id='word_1_490' title='bbox 2551 2742 2931 2811; x_wconf 62' lang='grc' dir='ltr'>Μειοριπδειω</span> <span class='ocrx_word' id='word_1_491' title='bbox 2980 2741 3191 2795; x_wconf 86' lang='lat' dir='ltr'><strong><em>Domini</em></strong></span> <span class='ocrx_word' id='word_1_492' title='bbox 3254 2741 3540 2810; x_wconf 76' lang='lat' dir='ltr'><strong><em>Symeonis</em></strong></span> <span class='ocrx_word' id='word_1_493' title='bbox 3579 2750 3634 2794; x_wconf 88' lang='lat' dir='ltr'><strong><em>et</em></strong></span> <span class='ocrx_word' id='word_1_494' title='bbox 3662 2738 3905 2793; x_wconf 83' lang='lat' dir='ltr'><strong><em>Juuioris</em></strong></span> <span class='ocrx_word' id='word_1_495' title='bbox 3951 2739 4129 2791; x_wconf 82' lang='lat' dir='ltr'><strong><em>Theo-</em></strong></span> 
     </span>
    </p>
   </div>
   <div class='ocr_carea' id='block_1_70' title="bbox 2554 2832 4131 2905">
    <p class='ocr_par' dir='ltr' id='par_1_70' title="bbox 2554 2832 4131 2905">
     <span class='ocr_line' id='line_1_70' title="bbox 2554 2832 4131 2905; baseline -0.003 -18"><span class='ocrx_word' id='word_1_496' title='bbox 2554 2835 2656 2905; x_wconf 81' lang='lat' dir='ltr'><strong><em>logi</em></strong></span> <span class='ocrx_word' id='word_1_497' title='bbox 2685 2837 2751 2889; x_wconf 90' lang='lat' dir='ltr'><strong><em>de</em></strong></span> <span class='ocrx_word' id='word_1_498' title='bbox 2779 2834 3092 2889; x_wconf 82' lang='lat' dir='ltr'><strong><em>Attentione</em></strong></span> <span class='ocrx_word' id='word_1_499' title='bbox 3150 2834 3263 2887; x_wconf 78' lang='lat' dir='ltr'><strong><em>sive</em></strong></span> <span class='ocrx_word' id='word_1_500' title='bbox 3312 2833 3593 2887; x_wconf 83' lang='lat' dir='ltr'><strong><em>Oratione.</em></strong></span> <span class='ocrx_word' id='word_1_501' title='bbox 3636 2832 3725 2891; x_wconf 85' lang='lat' dir='ltr'><strong><em>Et,</em></strong></span> <span class='ocrx_word' id='word_1_502' title='bbox 3780 2832 4006 2902; x_wconf 81' lang='grc' dir='ltr'>Συμεὼν</span> <span class='ocrx_word' id='word_1_503' title='bbox 4030 2832 4131 2893; x_wconf 56' lang='grc' dir='ltr'>,τοῦ</span> 
     </span>
    </p>
   </div>
   <div class='ocr_carea' id='block_1_71' title="bbox 2550 2928 4127 3001">
    <p class='ocr_par' dir='ltr' id='par_1_71' title="bbox 2550 2928 4127 3001">
     <span class='ocr_line' id='line_1_71' title="bbox 2550 2928 4127 3001; baseline -0.003 -18"><span class='ocrx_word' id='word_1_504' title='bbox 2550 2929 2948 3001; x_wconf 72' lang='grc' dir='ltr'>Μεταφραπτοῦ</span> <span class='ocrx_word' id='word_1_505' title='bbox 2984 2929 3076 2980; x_wconf 72' lang='grc' dir='ltr'><strong><em>καὶ</em></strong></span> <span class='ocrx_word' id='word_1_506' title='bbox 3138 2931 3259 2981; x_wconf 86' lang='grc' dir='ltr'>νέου</span> <span class='ocrx_word' id='word_1_507' title='bbox 3324 2928 3584 2995; x_wconf 80' lang='grc' dir='ltr'>Θεολόγου</span> <span class='ocrx_word' id='word_1_508' title='bbox 3631 2929 3790 2997; x_wconf 72' lang='grc' dir='ltr'>ἕτερα</span> <span class='ocrx_word' id='word_1_509' title='bbox 3838 2929 4127 2995; x_wconf 65' lang='grc' dir='ltr'>κεφάλαιαι</span> 
     </span>
    </p>
   </div>
   <div class='ocr_carea' id='block_1_72' title="bbox 2552 3019 4129 3092">
    <p class='ocr_par' dir='ltr' id='par_1_72' title="bbox 2552 3019 4129 3092">
     <span class='ocr_line' id='line_1_72' title="bbox 2552 3019 4129 3092; baseline -0.003 -17"><span class='ocrx_word' id='word_1_510' title='bbox 2552 3022 2834 3092; x_wconf 74' lang='lat' dir='ltr'><strong><em>Symconis</em></strong></span> <span class='ocrx_word' id='word_1_511' title='bbox 2886 3020 3263 3089; x_wconf 64' lang='lat' dir='ltr'><strong><em>Metaphrastae</em></strong></span> <span class='ocrx_word' id='word_1_512' title='bbox 3326 3032 3381 3073; x_wconf 82' lang='lat' dir='ltr'><strong><em>et</em></strong></span> <span class='ocrx_word' id='word_1_513' title='bbox 3434 3019 3669 3089; x_wconf 73' lang='lat' dir='ltr'><strong><em>iunioris</em></strong></span> <span class='ocrx_word' id='word_1_514' title='bbox 3729 3019 3993 3089; x_wconf 77' lang='lat' dir='ltr'><strong><em>Theologi</em></strong></span> <span class='ocrx_word' id='word_1_515' title='bbox 4032 3020 4129 3071; x_wconf 77' lang='lat' dir='ltr'><strong><em>alia</em></strong></span> 
     </span>
    </p>
   </div>
   <div class='ocr_carea' id='block_1_73' title="bbox 2552 3109 4131 3180">
    <p class='ocr_par' dir='ltr' id='par_1_73' title="bbox 2552 3109 4131 3180">
     <span class='ocr_line' id='line_1_73' title="bbox 2552 3109 4131 3180; baseline -0.003 -15"><span class='ocrx_word' id='word_1_516' title='bbox 2552 3112 2760 3180; x_wconf 78' lang='lat' dir='ltr'><strong><em>Capita.</em></strong></span> <span class='ocrx_word' id='word_1_517' title='bbox 2822 3109 2887 3163; x_wconf 77' lang='lat' dir='ltr'><strong><em>Ut</em></strong></span> <span class='ocrx_word' id='word_1_518' title='bbox 2924 3110 3124 3179; x_wconf 86' lang='lat' dir='ltr'><strong><em>reliqua</em></strong></span> <span class='ocrx_word' id='word_1_519' title='bbox 3189 3120 3517 3176; x_wconf 70' lang='lat' dir='ltr'><strong><em>pra‘teream,</em></strong></span> <span class='ocrx_word' id='word_1_520' title='bbox 3571 3128 3731 3163; x_wconf 88' lang='lat' dir='ltr'><strong><em>unum</em></strong></span> <span class='ocrx_word' id='word_1_521' title='bbox 3794 3113 4131 3176; x_wconf 72' lang='lat' dir='ltr'><strong><em>eamdemque</em></strong></span> 
     </span>
    </p>
   </div>
   <div class='ocr_carea' id='block_1_74' title="bbox 2552 3200 4133 3272">
    <p class='ocr_par' dir='ltr' id='par_1_74' title="bbox 2552 3200 4133 3272">
     <span class='ocr_line' id='line_1_74' title="bbox 2552 3200 4133 3272; baseline -0.002 -19"><span class='ocrx_word' id='word_1_522' title='bbox 2552 3206 2706 3272; x_wconf 85' lang='lat' dir='ltr'><strong><em>fuisse</em></strong></span> <span class='ocrx_word' id='word_1_523' title='bbox 2758 3200 3065 3269; x_wconf 84' lang='lat' dir='ltr'><strong><em>Symeonem</em></strong></span> <span class='ocrx_word' id='word_1_524' title='bbox 3097 3200 3504 3267; x_wconf 81' lang='lat' dir='ltr'><strong><em>Metapltrastem</em></strong></span> <span class='ocrx_word' id='word_1_525' title='bbox 3542 3212 3589 3255; x_wconf 91' lang='lat' dir='ltr'><strong><em>et</em></strong></span> <span class='ocrx_word' id='word_1_526' title='bbox 3629 3200 3933 3270; x_wconf 88' lang='lat' dir='ltr'><strong><em>ngeonem</em></strong></span> <span class='ocrx_word' id='word_1_527' title='bbox 3961 3200 4133 3254; x_wconf 86' lang='lat' dir='ltr'><strong><em>sancti</em></strong></span> 
     </span>
    </p>
   </div>
   <div class='ocr_carea' id='block_1_75' title="bbox 2552 3290 4125 3357">
    <p class='ocr_par' dir='ltr' id='par_1_75' title="bbox 2552 3290 4125 3357">
     <span class='ocr_line' id='line_1_75' title="bbox 2552 3290 4125 3357; baseline -0.003 -11"><span class='ocrx_word' id='word_1_528' title='bbox 2552 3292 2834 3346; x_wconf 86' lang='lat' dir='ltr'><strong><em>Mantantis</em></strong></span> <span class='ocrx_word' id='word_1_529' title='bbox 2857 3292 3191 3356; x_wconf 62' lang='lat' dir='ltr'><strong><em>praepositum</em></strong></span> <span class='ocrx_word' id='word_1_530' title='bbox 3231 3300 3465 3353; x_wconf 87' lang='lat' dir='ltr'><strong><em>tempora</em></strong></span> <span class='ocrx_word' id='word_1_531' title='bbox 3506 3293 3616 3357; x_wconf 70' lang='lat' dir='ltr'><strong><em>ipsa</em></strong></span> <span class='ocrx_word' id='word_1_532' title='bbox 3652 3308 3753 3342; x_wconf 90' lang='lat' dir='ltr'><strong><em>non</em></strong></span> <span class='ocrx_word' id='word_1_533' title='bbox 3783 3293 3984 3343; x_wconf 88' lang='lat' dir='ltr'><strong><em>sinunt.</em></strong></span> <span class='ocrx_word' id='word_1_534' title='bbox 4022 3290 4125 3343; x_wconf 78' lang='lat' dir='ltr'><strong><em>Me-</em></strong></span> 
     </span>
    </p>
   </div>
   <div class='ocr_carea' id='block_1_76' title="bbox 2547 3378 4132 3459">
    <p class='ocr_par' dir='ltr' id='par_1_76' title="bbox 2547 3378 4132 3459">
     <span class='ocr_line' id='line_1_76' title="bbox 2547 3378 4132 3459; baseline -0.001 -26"><span class='ocrx_word' id='word_1_535' title='bbox 2547 3384 2847 3449; x_wconf 87' lang='lat' dir='ltr'><strong><em>taphrastes</em></strong></span> <span class='ocrx_word' id='word_1_536' title='bbox 2882 3380 3085 3431; x_wconf 88' lang='lat' dir='ltr'><strong><em>vivebat</em></strong></span> <span class='ocrx_word' id='word_1_537' title='bbox 3136 3380 3228 3431; x_wconf 86' lang='lat' dir='ltr'><strong><em>sub</em></strong></span> <span class='ocrx_word' id='word_1_538' title='bbox 3264 3378 3428 3432; x_wconf 88' lang='lat' dir='ltr'><strong><em>Leone</em></strong></span> <span class='ocrx_word' id='word_1_539' title='bbox 3474 3382 3709 3448; x_wconf 85' lang='lat' dir='ltr'><strong><em>sapiente</em></strong></span> <span class='ocrx_word' id='word_1_540' title='bbox 3758 3379 3952 3432; x_wconf 75' lang='lat' dir='ltr'><strong><em>Basilii</em></strong></span> <span class='ocrx_word' id='word_1_541' title='bbox 4002 3382 4132 3459; x_wconf 51' lang='lat' dir='ltr'><strong><em>ﬁfio&#39;</em></strong></span> 
     </span>
    </p>
   </div>
   <div class='ocr_carea' id='block_1_77' title="bbox 2545 3470 4131 3538">
    <p class='ocr_par' dir='ltr' id='par_1_77' title="bbox 2545 3470 4131 3538">
     <span class='ocr_line' id='line_1_77' title="bbox 2545 3470 4131 3538; baseline -0.002 -12"><span class='ocrx_word' id='word_1_542' title='bbox 2545 3474 2714 3527; x_wconf 89' lang='lat' dir='ltr'><strong><em>sancti</em></strong></span> <span class='ocrx_word' id='word_1_543' title='bbox 2773 3471 3059 3524; x_wconf 84' lang='lat' dir='ltr'><strong><em>Mamantis</em></strong></span> <span class='ocrx_word' id='word_1_544' title='bbox 3116 3472 3430 3538; x_wconf 64' lang='lat' dir='ltr'><strong><em>pra’positus</em></strong></span> <span class='ocrx_word' id='word_1_545' title='bbox 3479 3472 3573 3522; x_wconf 90' lang='lat' dir='ltr'><strong><em>sub</em></strong></span> <span class='ocrx_word' id='word_1_546' title='bbox 3630 3472 3813 3523; x_wconf 76' lang='lat' dir='ltr'><strong><em>Alexio</em></strong></span> <span class='ocrx_word' id='word_1_547' title='bbox 3843 3470 4131 3534; x_wconf 88' lang='lat' dir='ltr'><strong><em>Contneuo,</em></strong></span> 
     </span>
    </p>
   </div>
   <div class='ocr_carea' id='block_1_78' title="bbox 2546 3560 4134 3633">
    <p class='ocr_par' dir='ltr' id='par_1_78' title="bbox 2546 3560 4134 3633">
     <span class='ocr_line' id='line_1_78' title="bbox 2546 3560 4134 3633; baseline -0.001 -17"><span class='ocrx_word' id='word_1_548' title='bbox 2546 3565 2633 3631; x_wconf 88' lang='lat' dir='ltr'><strong><em>qui</em></strong></span> <span class='ocrx_word' id='word_1_549' title='bbox 2669 3563 2828 3629; x_wconf 80' lang='lat' dir='ltr'><strong><em>ejecta</em></strong></span> <span class='ocrx_word' id='word_1_550' title='bbox 2848 3562 3418 3628; x_wconf 68' lang='lat' dir='ltr'><strong><em>liotaniatointperiuut</em></strong></span> <span class='ocrx_word' id='word_1_551' title='bbox 3448 3572 3810 3629; x_wconf 85' lang='lat' dir='ltr'><strong><em>occupaverat,</em></strong></span> <span class='ocrx_word' id='word_1_552' title='bbox 3844 3560 4134 3633; x_wconf 52' lang='grc' dir='ltr'><strong><em>μιθᾳπη</em></strong></span> 
     </span>
    </p>
   </div>
   <div class='ocr_carea' id='block_1_79' title="bbox 2548 3658 4131 3727">
    <p class='ocr_par' dir='ltr' id='par_1_79' title="bbox 2548 3658 4131 3727">
     <span class='ocr_line' id='line_1_79' title="bbox 2548 3658 4131 3727; baseline -0.002 -15"><span class='ocrx_word' id='word_1_553' title='bbox 2548 3658 2915 3727; x_wconf 74' lang='lat' dir='ltr'><strong><em>Metapttrasta</em></strong></span> <span class='ocrx_word' id='word_1_554' title='bbox 2961 3658 3143 3719; x_wconf 84' lang='lat' dir='ltr'><strong><em>iunior</em></strong></span> <span class='ocrx_word' id='word_1_555' title='bbox 3180 3659 3285 3724; x_wconf 86' lang='lat' dir='ltr'><strong><em>fere</em></strong></span> <span class='ocrx_word' id='word_1_556' title='bbox 3338 3672 3503 3707; x_wconf 68' lang='lat' dir='ltr'><strong><em>anrtos</em></strong></span> <span class='ocrx_word' id='word_1_557' title='bbox 3531 3664 3748 3721; x_wconf 85' lang='lat' dir='ltr'><strong><em>septem,</em></strong></span> <span class='ocrx_word' id='word_1_558' title='bbox 3778 3664 3824 3706; x_wconf 92' lang='lat' dir='ltr'><strong><em>et</em></strong></span> <span class='ocrx_word' id='word_1_559' title='bbox 3856 3658 4131 3709; x_wconf 78' lang='lat' dir='ltr'><strong><em>d:-ccntos.</em></strong></span> 
     </span>
    </p>
   </div>
   <div class='ocr_carea' id='block_1_80' title="bbox 2548 3747 4133 3825">
    <p class='ocr_par' dir='ltr' id='par_1_80' title="bbox 2548 3747 4133 3825">
     <span class='ocr_line' id='line_1_80' title="bbox 2548 3747 4133 3825; baseline -0.004 -19"><span class='ocrx_word' id='word_1_560' title='bbox 2548 3752 2609 3806; x_wconf 87' lang='lat' dir='ltr'><strong><em>Id</em></strong></span> <span class='ocrx_word' id='word_1_561' title='bbox 2643 3754 2888 3819; x_wconf 80' lang='lat' dir='ltr'><strong><em>ﬁtnsatur</em></strong></span> <span class='ocrx_word' id='word_1_562' title='bbox 2918 3750 3146 3815; x_wconf 75' lang='lat' dir='ltr'><strong><em>ejusdem</em></strong></span> <span class='ocrx_word' id='word_1_563' title='bbox 3183 3748 3457 3825; x_wconf 76' lang='lat' dir='ltr'><strong><em>ngconis</em></strong></span> <span class='ocrx_word' id='word_1_564' title='bbox 3486 3749 3797 3809; x_wconf 84' lang='lat' dir='ltr'><strong><em>testimonio,</em></strong></span> <span class='ocrx_word' id='word_1_565' title='bbox 3838 3749 3930 3817; x_wconf 87' lang='lat' dir='ltr'><strong><em>qui</em></strong></span> <span class='ocrx_word' id='word_1_566' title='bbox 3977 3747 4133 3802; x_wconf 75' lang='lat' dir='ltr'><strong><em>Orat.</em></strong></span> 
     </span>
    </p>
   </div>
   <div class='ocr_carea' id='block_1_81' title="bbox 2551 3839 4138 3909">
    <p class='ocr_par' dir='ltr' id='par_1_81' title="bbox 2551 3839 4138 3909">
     <span class='ocr_line' id='line_1_81' title="bbox 2551 3839 4138 3909; baseline -0.004 -12"><span class='ocrx_word' id='word_1_567' title='bbox 2551 3846 2616 3897; x_wconf 78' lang='grc'><strong>15</strong></span> <span class='ocrx_word' id='word_1_568' title='bbox 2658 3846 2730 3895; x_wconf 90' lang='lat' dir='ltr'><strong><em>ait</em></strong></span> <span class='ocrx_word' id='word_1_569' title='bbox 2764 3856 2782 3893; x_wconf 92' lang='lat'><strong><em>:</em></strong></span> <span class='ocrx_word' id='word_1_570' title='bbox 2806 3842 2973 3902; x_wconf 71' lang='grc' dir='ltr'>Αὑτδς</span> <span class='ocrx_word' id='word_1_571' title='bbox 3012 3841 3068 3893; x_wconf 84' lang='grc' dir='ltr'><strong><em>δὲ</em></strong></span> <span class='ocrx_word' id='word_1_572' title='bbox 3115 3841 3518 3909; x_wconf 58' lang='grc' dir='ltr'>ἑξακισχιλίοις,</span> <span class='ocrx_word' id='word_1_573' title='bbox 3551 3842 3643 3892; x_wconf 75' lang='grc' dir='ltr'>καὶ</span> <span class='ocrx_word' id='word_1_574' title='bbox 3675 3839 4007 3905; x_wconf 73' lang='grc' dir='ltr'>έξακοςξοις,</span> <span class='ocrx_word' id='word_1_575' title='bbox 4046 3841 4138 3891; x_wconf 73' lang='grc' dir='ltr'><strong><em>καὶ</em></strong></span> 
     </span>
    </p>
   </div>
   <div class='ocr_carea' id='block_1_82' title="bbox 2548 3932 4136 4003">
    <p class='ocr_par' dir='ltr' id='par_1_82' title="bbox 2548 3932 4136 4003">
     <span class='ocr_line' id='line_1_82' title="bbox 2548 3932 4136 4003; baseline -0.001 -15"><span class='ocrx_word' id='word_1_576' title='bbox 2548 3936 2804 3988; x_wconf 66' lang='grc' dir='ltr'>ἐπέκεινα</span> <span class='ocrx_word' id='word_1_577' title='bbox 2844 3932 3049 3986; x_wconf 76' lang='grc' dir='ltr'>τούτων</span> <span class='ocrx_word' id='word_1_578' title='bbox 3094 3933 3234 3985; x_wconf 80' lang='grc' dir='ltr'>ἔτεσι</span> <span class='ocrx_word' id='word_1_579' title='bbox 3281 3934 3561 4001; x_wconf 77' lang='grc' dir='ltr'>διαμείνας</span> <span class='ocrx_word' id='word_1_580' title='bbox 3589 3934 3677 3985; x_wconf 76' lang='grc' dir='ltr'><strong><em>ἀεὶ</em></strong></span> <span class='ocrx_word' id='word_1_581' title='bbox 3733 3933 3996 4003; x_wconf 79' lang='grc' dir='ltr'>πολέμιος</span> <span class='ocrx_word' id='word_1_582' title='bbox 4028 3935 4136 3986; x_wconf 76' lang='grc' dir='ltr'><strong><em>τῶν</em></strong></span> 
     </span>
    </p>
   </div>
   <div class='ocr_carea' id='block_1_83' title="bbox 2548 4026 4140 4098">
    <p class='ocr_par' dir='ltr' id='par_1_83' title="bbox 2548 4026 4140 4098">
     <span class='ocr_line' id='line_1_83' title="bbox 2548 4026 4140 4098; baseline 0.001 -16"><span class='ocrx_word' id='word_1_583' title='bbox 2548 4026 2877 4098; x_wconf 70' lang='grc' dir='ltr'><strong><em>ἀνθρώπων,</em></strong></span> <span class='ocrx_word' id='word_1_584' title='bbox 2929 4043 3107 4096; x_wconf 88' lang='lat' dir='ltr'><strong><em>nempe</em></strong></span> <span class='ocrx_word' id='word_1_585' title='bbox 3161 4028 3420 4081; x_wconf 86' lang='lat' dir='ltr'><strong><em>diabolus.</em></strong></span> <span class='ocrx_word' id='word_1_586' title='bbox 3451 4027 3640 4081; x_wconf 62' lang='lat' dir='ltr'><strong><em>Series</em></strong></span> <span class='ocrx_word' id='word_1_587' title='bbox 3670 4028 3817 4081; x_wconf 88' lang='lat' dir='ltr'><strong><em>mille</em></strong></span> <span class='ocrx_word' id='word_1_588' title='bbox 3855 4031 4140 4083; x_wconf 78' lang='lat' dir='ltr'><strong><em>sexcentis</em></strong></span> 
     </span>
    </p>
   </div>
   <div class='ocr_carea' id='block_1_84' title="bbox 2548 4118 4133 4189">
    <p class='ocr_par' dir='ltr' id='par_1_84' title="bbox 2548 4118 4133 4189">
     <span class='ocr_line' id='line_1_84' title="bbox 2548 4118 4133 4189; baseline 0.001 -18"><span class='ocrx_word' id='word_1_589' title='bbox 2548 4129 2605 4172; x_wconf 78' lang='lat' dir='ltr'><strong><em>et</em></strong></span> <span class='ocrx_word' id='word_1_590' title='bbox 2631 4118 2863 4186; x_wconf 86' lang='lat' dir='ltr'><strong><em>amplius</em></strong></span> <span class='ocrx_word' id='word_1_591' title='bbox 2895 4118 3054 4171; x_wconf 83' lang='lat' dir='ltr'><strong><em>annis</em></strong></span> <span class='ocrx_word' id='word_1_592' title='bbox 3083 4118 3683 4186; x_wconf 85' lang='lat' dir='ltr'><strong><em>permansithominum</em></strong></span> <span class='ocrx_word' id='word_1_593' title='bbox 3705 4120 3875 4173; x_wconf 73' lang='lat' dir='ltr'><strong><em>hosnis</em></strong></span> <span class='ocrx_word' id='word_1_594' title='bbox 3899 4120 4133 4189; x_wconf 64' lang='grc' dir='ltr'>,διερριιο</span> 
     </span>
    </p>
   </div>
   <div class='ocr_carea' id='block_1_85' title="bbox 2550 4211 4142 4281">
    <p class='ocr_par' dir='ltr' id='par_1_85' title="bbox 2550 4211 4142 4281">
     <span class='ocr_line' id='line_1_85' title="bbox 2550 4211 4142 4281; baseline 0.003 -18"><span class='ocrx_word' id='word_1_595' title='bbox 2550 4220 2649 4277; x_wconf 89' lang='lat' dir='ltr'><strong><em>tat,</em></strong></span> <span class='ocrx_word' id='word_1_596' title='bbox 2675 4211 2976 4265; x_wconf 62' lang='lat' dir='ltr'><strong><em>Graecorum</em></strong></span> <span class='ocrx_word' id='word_1_597' title='bbox 2999 4227 3162 4275; x_wconf 84' lang='lat' dir='ltr'><strong><em>more,</em></strong></span> <span class='ocrx_word' id='word_1_598' title='bbox 3198 4211 3261 4263; x_wconf 86' lang='lat' dir='ltr'><strong><em>ab</em></strong></span> <span class='ocrx_word' id='word_1_599' title='bbox 3293 4212 3413 4265; x_wconf 87' lang='lat' dir='ltr'><strong><em>orbe</em></strong></span> <span class='ocrx_word' id='word_1_600' title='bbox 3459 4213 3669 4265; x_wconf 89' lang='lat' dir='ltr'><strong><em>condito</em></strong></span> <span class='ocrx_word' id='word_1_601' title='bbox 3696 4229 3712 4265; x_wconf 93' lang='lat'><em>:</em></span> <span class='ocrx_word' id='word_1_602' title='bbox 3740 4228 3908 4281; x_wconf 88' lang='lat' dir='ltr'><strong><em>quare</em></strong></span> <span class='ocrx_word' id='word_1_603' title='bbox 3923 4216 4027 4266; x_wconf 85' lang='lat' dir='ltr'><strong><em>erit</em></strong></span> <span class='ocrx_word' id='word_1_604' title='bbox 4059 4217 4142 4268; x_wconf 77' lang='lat' dir='ltr'><strong><em>hic</em></strong></span> 
     </span>
    </p>
   </div>
   <div class='ocr_carea' id='block_1_86' title="bbox 2550 4300 4141 4373">
    <p class='ocr_par' dir='ltr' id='par_1_86' title="bbox 2550 4300 4141 4373">
     <span class='ocr_line' id='line_1_86' title="bbox 2550 4300 4141 4373; baseline 0.001 -20"><span class='ocrx_word' id='word_1_605' title='bbox 2550 4319 2719 4355; x_wconf 90' lang='lat' dir='ltr'><strong><em>annus</em></strong></span> <span class='ocrx_word' id='word_1_606' title='bbox 2752 4302 2946 4355; x_wconf 86' lang='lat' dir='ltr'><strong><em>Christi</em></strong></span> <span class='ocrx_word' id='word_1_607' title='bbox 2990 4302 3147 4355; x_wconf 71' lang='lat'><strong><em>1092.</em></strong></span> <span class='ocrx_word' id='word_1_608' title='bbox 3204 4300 3270 4353; x_wconf 79' lang='lat' dir='ltr'><strong><em>Et</em></strong></span> <span class='ocrx_word' id='word_1_609' title='bbox 3318 4302 3619 4365; x_wconf 73' lang='grc' dir='ltr'>ἑξακοσίοις</span> <span class='ocrx_word' id='word_1_610' title='bbox 3652 4304 3866 4371; x_wconf 83' lang='lat' dir='ltr'><strong><em>integris</em></strong></span> <span class='ocrx_word' id='word_1_611' title='bbox 3914 4305 4141 4373; x_wconf 54' lang='lat' dir='ltr'><strong><em>syllabis</em></strong></span> 
     </span>
    </p>
   </div>
   <div class='ocr_carea' id='block_1_87' title="bbox 2550 4390 4141 4461">
    <p class='ocr_par' dir='ltr' id='par_1_87' title="bbox 2550 4390 4141 4461">
     <span class='ocr_line' id='line_1_87' title="bbox 2550 4390 4141 4461; baseline 0.001 -16"><span class='ocrx_word' id='word_1_612' title='bbox 2550 4392 2930 4445; x_wconf 88' lang='lat' dir='ltr'><strong><em>describiturin</em></strong></span> <span class='ocrx_word' id='word_1_613' title='bbox 2961 4391 3228 4444; x_wconf 89' lang='lat' dir='ltr'><strong><em>Palatino.</em></strong></span> <span class='ocrx_word' id='word_1_614' title='bbox 3262 4390 3361 4444; x_wconf 85' lang='lat' dir='ltr'><strong><em>Sed</em></strong></span> <span class='ocrx_word' id='word_1_615' title='bbox 3382 4393 3425 4444; x_wconf 92' lang='lat' dir='ltr'><strong><em>si</em></strong></span> <span class='ocrx_word' id='word_1_616' title='bbox 3454 4409 3569 4446; x_wconf 86' lang='lat' dir='ltr'><strong><em>cum</em></strong></span> <span class='ocrx_word' id='word_1_617' title='bbox 3590 4394 3711 4445; x_wconf 78' lang='lat' dir='ltr'><strong><em>aliis</em></strong></span> <span class='ocrx_word' id='word_1_618' title='bbox 3748 4392 3986 4461; x_wconf 87' lang='lat' dir='ltr'><strong><em>legamus</em></strong></span> <span class='ocrx_word' id='word_1_619' title='bbox 4024 4395 4141 4446; x_wconf 66' lang='lat'><strong><em>61.1-</em></strong></span> 
     </span>
    </p>
   </div>
   <div class='ocr_carea' id='block_1_88' title="bbox 2554 4482 4144 4549">
    <p class='ocr_par' dir='ltr' id='par_1_88' title="bbox 2554 4482 4144 4549">
     <span class='ocr_line' id='line_1_88' title="bbox 2554 4482 4144 4549; baseline 0.001 -15"><span class='ocrx_word' id='word_1_620' title='bbox 2554 4483 2779 4547; x_wconf 73' lang='grc' dir='ltr'>κοσίοις,</span> <span class='ocrx_word' id='word_1_621' title='bbox 2808 4482 3064 4544; x_wconf 88' lang='lat' dir='ltr'><strong><em>ducentis,</em></strong></span> <span class='ocrx_word' id='word_1_622' title='bbox 3098 4492 3152 4533; x_wconf 90' lang='lat' dir='ltr'><strong><em>ut</em></strong></span> <span class='ocrx_word' id='word_1_623' title='bbox 3193 4485 3585 4549; x_wconf 82' lang='lat' dir='ltr'><strong><em>rcprtesentavit</em></strong></span> <span class='ocrx_word' id='word_1_624' title='bbox 3617 4482 3887 4536; x_wconf 77' lang='lat' dir='ltr'><strong><em>Pontanus</em></strong></span> <span class='ocrx_word' id='word_1_625' title='bbox 3908 4524 3923 4545; x_wconf 88' lang='lat'><strong><em>,</em></strong></span> <span class='ocrx_word' id='word_1_626' title='bbox 3963 4485 4144 4535; x_wconf 79' lang='lat' dir='ltr'><strong><em>adhuc</em></strong></span> 
     </span>
    </p>
   </div>
   <div class='ocr_carea' id='block_1_89' title="bbox 875 4562 2449 4642">
    <p class='ocr_par' dir='ltr' id='par_1_89' title="bbox 875 4562 2447 4638">
     <span class='ocr_line' id='line_1_89' title="bbox 875 4562 2447 4638; baseline -0.004 -15"><span class='ocrx_word' id='word_1_627' title='bbox 875 4571 1116 4638; x_wconf 83' lang='lat' dir='ltr'><strong><em>infimum</em></strong></span> <span class='ocrx_word' id='word_1_628' title='bbox 1162 4568 1265 4622; x_wconf 88' lang='lat' dir='ltr'><strong><em>sibi</em></strong></span> <span class='ocrx_word' id='word_1_629' title='bbox 1311 4568 1484 4619; x_wconf 90' lang='lat' dir='ltr'><strong><em>locum</em></strong></span> <span class='ocrx_word' id='word_1_630' title='bbox 1534 4573 1755 4631; x_wconf 84' lang='lat' dir='ltr'><strong><em>occupat</em></strong></span> <span class='ocrx_word' id='word_1_631' title='bbox 1802 4562 2191 4629; x_wconf 75' lang='lat' dir='ltr'><strong><em>Hetaphrastes</em></strong></span> <span class='ocrx_word' id='word_1_632' title='bbox 2222 4602 2234 4623; x_wconf 87' lang='lat'><strong><em>,</em></strong></span> <span class='ocrx_word' id='word_1_633' title='bbox 2297 4564 2447 4630; x_wconf 86' lang='lat' dir='ltr'><strong><em>cujus</em></strong></span> 
     </span>
    </p>
   </div>
   <div class='ocr_carea' id='block_1_90' title="bbox 2552 4562 4146 4642">
    <p class='ocr_par' dir='ltr' id='par_1_90' title="bbox 2560 4571 4146 4642">
     <span class='ocr_line' id='line_1_90' title="bbox 2560 4571 4146 4642; baseline 0.001 -16"><span class='ocrx_word' id='word_1_634' title='bbox 2560 4575 2647 4626; x_wconf 86' lang='lat' dir='ltr'><strong><em>isti</em></strong></span> <span class='ocrx_word' id='word_1_635' title='bbox 2688 4571 2969 4641; x_wconf 87' lang='lat' dir='ltr'><strong><em>ngeones</em></strong></span> <span class='ocrx_word' id='word_1_636' title='bbox 3005 4582 3158 4625; x_wconf 69' lang='lat' dir='ltr'><strong><em>a&#39;tatc</em></strong></span> <span class='ocrx_word' id='word_1_637' title='bbox 3198 4572 3386 4625; x_wconf 82' lang='lat' dir='ltr'><strong><em>diversi</em></strong></span> <span class='ocrx_word' id='word_1_638' title='bbox 3419 4583 3562 4638; x_wconf 90' lang='lat' dir='ltr'><strong><em>sunt,</em></strong></span> <span class='ocrx_word' id='word_1_639' title='bbox 3604 4585 3651 4626; x_wconf 89' lang='lat' dir='ltr'><strong><em>et</em></strong></span> <span class='ocrx_word' id='word_1_640' title='bbox 3696 4572 3920 4642; x_wconf 82' lang='lat' dir='ltr'><strong><em>ngeon</em></strong></span> <span class='ocrx_word' id='word_1_641' title='bbox 3960 4573 4146 4627; x_wconf 66' lang='lat' dir='ltr'><strong><em>Meta-</em></strong></span> 
     </span>
    </p>
   </div>
   <div class='ocr_carea' id='block_1_91' title="bbox 872 4654 2451 4730">
    <p class='ocr_par' dir='ltr' id='par_1_91' title="bbox 872 4654 2451 4730">
     <span class='ocr_line' id='line_1_91' title="bbox 872 4654 2451 4730; baseline -0.005 -15"><span class='ocrx_word' id='word_1_642' title='bbox 872 4666 1124 4730; x_wconf 81' lang='lat' dir='ltr'><strong><em>pleraque</em></strong></span> <span class='ocrx_word' id='word_1_643' title='bbox 1178 4660 1594 4719; x_wconf 73' lang='lat' dir='ltr'><strong><em>examinantur;</em></strong></span> <span class='ocrx_word' id='word_1_644' title='bbox 1623 4659 1745 4709; x_wconf 77' lang='lat' dir='ltr'><strong><em>vita:</em></strong></span> <span class='ocrx_word' id='word_1_645' title='bbox 1805 4658 1966 4707; x_wconf 85' lang='lat' dir='ltr'><strong><em>etiam</em></strong></span> <span class='ocrx_word' id='word_1_646' title='bbox 2008 4655 2254 4722; x_wconf 84' lang='lat' dir='ltr'><strong><em>pleraque</em></strong></span> <span class='ocrx_word' id='word_1_647' title='bbox 2290 4654 2353 4705; x_wconf 89' lang='lat' dir='ltr'><strong><em>ab</em></strong></span> <span class='ocrx_word' id='word_1_648' title='bbox 2392 4671 2451 4707; x_wconf 86' lang='lat' dir='ltr'><strong><em>eo</em></strong></span> 
     </span>
    </p>
   </div>
   <div class='ocr_carea' id='block_1_92' title="bbox 874 4750 2451 4820">
    <p class='ocr_par' dir='ltr' id='par_1_92' title="bbox 874 4750 2451 4820">
     <span class='ocr_line' id='line_1_92' title="bbox 874 4750 2451 4820; baseline -0.003 -15"><span class='ocrx_word' id='word_1_649' title='bbox 874 4755 1134 4820; x_wconf 72' lang='lat' dir='ltr'><strong><em>scriptam</em></strong></span> <span class='ocrx_word' id='word_1_650' title='bbox 1170 4750 1519 4819; x_wconf 87' lang='lat' dir='ltr'><strong><em>supposititiis</em></strong></span> <span class='ocrx_word' id='word_1_651' title='bbox 1566 4757 1909 4801; x_wconf 86' lang='lat' dir='ltr'><strong><em>secernuntur</em></strong></span> <span class='ocrx_word' id='word_1_652' title='bbox 1950 4763 1967 4799; x_wconf 90' lang='lat'><em>:</em></span> <span class='ocrx_word' id='word_1_653' title='bbox 2010 4759 2451 4816; x_wconf 85' lang='lat' dir='ltr'><strong><em>numeranturque</em></strong></span> 
     </span>
    </p>
   </div>
   <div class='ocr_carea' id='block_1_93' title="bbox 874 4838 2451 4909">
    <p class='ocr_par' dir='ltr' id='par_1_93' title="bbox 874 4838 2451 4909">
     <span class='ocr_line' id='line_1_93' title="bbox 874 4838 2451 4909; baseline -0.001 -14"><span class='ocrx_word' id='word_1_654' title='bbox 874 4846 985 4897; x_wconf 89' lang='lat' dir='ltr'><strong><em>ulta</em></strong></span> <span class='ocrx_word' id='word_1_655' title='bbox 1013 4844 1209 4909; x_wconf 86' lang='lat' dir='ltr'><strong><em>scripta</em></strong></span> <span class='ocrx_word' id='word_1_656' title='bbox 1242 4852 1430 4909; x_wconf 78' lang='lat' dir='ltr'><strong><em>prtcter</em></strong></span> <span class='ocrx_word' id='word_1_657' title='bbox 1469 4841 1613 4892; x_wconf 82' lang='lat' dir='ltr'><strong><em>l’itas</em></strong></span> <span class='ocrx_word' id='word_1_658' title='bbox 1638 4851 1686 4893; x_wconf 89' lang='lat' dir='ltr'><strong><em>et</em></strong></span> <span class='ocrx_word' id='word_1_659' title='bbox 1726 4838 1961 4892; x_wconf 88' lang='lat' dir='ltr'><strong><em>Canones</em></strong></span> <span class='ocrx_word' id='word_1_660' title='bbox 1982 4878 1995 4901; x_wconf 93' lang='lat'><strong><em>,</em></strong></span> <span class='ocrx_word' id='word_1_661' title='bbox 2020 4854 2147 4907; x_wconf 90' lang='lat' dir='ltr'><strong><em>quos</em></strong></span> <span class='ocrx_word' id='word_1_662' title='bbox 2173 4850 2218 4891; x_wconf 90' lang='lat' dir='ltr'><strong><em>te</em></strong></span> <span class='ocrx_word' id='word_1_663' title='bbox 2265 4840 2451 4893; x_wconf 81' lang='lat' dir='ltr'><strong><em>vidisse</em></strong></span> 
     </span>
    </p>
   </div>
   <div class='ocr_carea' id='block_1_94' title="bbox 872 4932 2448 5003">
    <p class='ocr_par' dir='ltr' id='par_1_94' title="bbox 872 4932 2448 5003">
     <span class='ocr_line' id='line_1_94' title="bbox 872 4932 2448 5003; baseline -0.004 -14"><span class='ocrx_word' id='word_1_664' title='bbox 872 4942 925 4989; x_wconf 91' lang='lat' dir='ltr'><strong><em>in</em></strong></span> <span class='ocrx_word' id='word_1_665' title='bbox 967 4935 1183 4988; x_wconf 76' lang='lat' dir='ltr'><strong><em>Menteis</em></strong></span> <span class='ocrx_word' id='word_1_666' title='bbox 1212 4936 1390 5003; x_wconf 79' lang='lat' dir='ltr'><strong><em>refers.</em></strong></span> <span class='ocrx_word' id='word_1_667' title='bbox 1439 4933 1518 4985; x_wconf 87' lang='lat' dir='ltr'><strong><em>Ea</em></strong></span> <span class='ocrx_word' id='word_1_668' title='bbox 1565 4942 1685 4983; x_wconf 88' lang='lat' dir='ltr'><strong><em>sunt</em></strong></span> <span class='ocrx_word' id='word_1_669' title='bbox 1720 4946 1893 4999; x_wconf 88' lang='lat' dir='ltr'><strong><em>preces</em></strong></span> <span class='ocrx_word' id='word_1_670' title='bbox 1925 4932 2105 4991; x_wconf 78' lang='lat' dir='ltr'><strong><em>varice,</em></strong></span> <span class='ocrx_word' id='word_1_671' title='bbox 2166 4934 2448 4993; x_wconf 85' lang='lat' dir='ltr'><strong><em>orationes,</em></strong></span> 
     </span>
    </p>
   </div>
   <div class='ocr_carea' id='block_1_95' title="bbox 872 5021 2451 5094">
    <p class='ocr_par' dir='ltr' id='par_1_95' title="bbox 872 5021 2451 5094">
     <span class='ocr_line' id='line_1_95' title="bbox 872 5021 2451 5094; baseline -0.005 -15"><span class='ocrx_word' id='word_1_672' title='bbox 872 5032 981 5080; x_wconf 73' lang='lat' dir='ltr'><strong><em>sitve</em></strong></span> <span class='ocrx_word' id='word_1_673' title='bbox 1003 5026 1336 5077; x_wconf 84' lang='lat' dir='ltr'><strong><em>laudationes</em></strong></span> <span class='ocrx_word' id='word_1_674' title='bbox 1366 5024 1422 5074; x_wconf 92' lang='lat' dir='ltr'><strong><em>in</em></strong></span> <span class='ocrx_word' id='word_1_675' title='bbox 1456 5031 1689 5083; x_wconf 88' lang='lat' dir='ltr'><strong><em>sanctos,</em></strong></span> <span class='ocrx_word' id='word_1_676' title='bbox 1719 5022 1983 5073; x_wconf 89' lang='lat' dir='ltr'><strong><em>orationes</em></strong></span> <span class='ocrx_word' id='word_1_677' title='bbox 2038 5021 2263 5073; x_wconf 86' lang='lat' dir='ltr'><strong><em>mora/es</em></strong></span> <span class='ocrx_word' id='word_1_678' title='bbox 2302 5036 2451 5094; x_wconf 62' lang='lat' dir='ltr'><strong><em>sxw,</em></strong></span> 
     </span>
    </p>
   </div>
   <div class='ocr_carea' id='block_1_96' title="bbox 872 5114 2453 5183">
    <p class='ocr_par' dir='ltr' id='par_1_96' title="bbox 872 5114 2453 5183">
     <span class='ocr_line' id='line_1_96' title="bbox 872 5114 2453 5183; baseline -0.004 -13"><span class='ocrx_word' id='word_1_679' title='bbox 872 5134 936 5170; x_wconf 71' lang='lat' dir='ltr'><strong><em>ex</em></strong></span> <span class='ocrx_word' id='word_1_680' title='bbox 973 5119 1076 5170; x_wconf 78' lang='lat' dir='ltr'><strong><em>diri</em></strong></span> <span class='ocrx_word' id='word_1_681' title='bbox 1125 5116 1312 5168; x_wconf 85' lang='lat' dir='ltr'><strong><em>Basilii</em></strong></span> <span class='ocrx_word' id='word_1_682' title='bbox 1349 5116 1613 5183; x_wconf 87' lang='lat' dir='ltr'><strong><em>operibus,</em></strong></span> <span class='ocrx_word' id='word_1_683' title='bbox 1646 5117 1965 5167; x_wconf 78' lang='lat' dir='ltr'><strong><em>sententiosa</em></strong></span> <span class='ocrx_word' id='word_1_684' title='bbox 2020 5116 2195 5181; x_wconf 90' lang='lat' dir='ltr'><strong><em>capita</em></strong></span> <span class='ocrx_word' id='word_1_685' title='bbox 2244 5114 2306 5166; x_wconf 92' lang='lat' dir='ltr'><strong><em>de</em></strong></span> <span class='ocrx_word' id='word_1_686' title='bbox 2358 5130 2453 5166; x_wconf 86' lang='lat' dir='ltr'><strong><em>suo</em></strong></span> 
     </span>
    </p>
   </div>
   <div class='ocr_carea' id='block_1_97' title="bbox 872 5203 2452 5273">
    <p class='ocr_par' dir='ltr' id='par_1_97' title="bbox 872 5203 2452 5273">
     <span class='ocr_line' id='line_1_97' title="bbox 872 5203 2452 5273; baseline -0.003 -14"><span class='ocrx_word' id='word_1_687' title='bbox 872 5224 1053 5268; x_wconf 57' lang='lat' dir='ltr'><strong><em>usui,</em></strong></span> <span class='ocrx_word' id='word_1_688' title='bbox 1107 5222 1170 5257; x_wconf 73' lang='lat' dir='ltr'><strong><em>ex</em></strong></span> <span class='ocrx_word' id='word_1_689' title='bbox 1234 5217 1419 5257; x_wconf 88' lang='lat' dir='ltr'><strong><em>sancto</em></strong></span> <span class='ocrx_word' id='word_1_690' title='bbox 1469 5205 1704 5259; x_wconf 82' lang='lat' dir='ltr'><strong><em>Macario</em></strong></span> <span class='ocrx_word' id='word_1_691' title='bbox 1757 5205 2006 5273; x_wconf 57' lang='lat' dir='ltr'><strong><em>tEgyptio</em></strong></span> <span class='ocrx_word' id='word_1_692' title='bbox 2047 5220 2128 5257; x_wconf 88' lang='lat' dir='ltr'><strong><em>CL.</em></strong></span> <span class='ocrx_word' id='word_1_693' title='bbox 2179 5203 2452 5273; x_wconf 71' lang='lat' dir='ltr'><strong><em>Epistola&#39;,</em></strong></span> 
     </span>
    </p>
   </div>
   <div class='ocr_carea' id='block_1_98' title="bbox 869 5295 2455 5367">
    <p class='ocr_par' dir='ltr' id='par_1_98' title="bbox 869 5295 2455 5367">
     <span class='ocr_line' id='line_1_98' title="bbox 869 5295 2455 5367; baseline -0.003 -17"><span class='ocrx_word' id='word_1_694' title='bbox 869 5300 1106 5350; x_wconf 87' lang='lat' dir='ltr'><strong><em>carmina</em></strong></span> <span class='ocrx_word' id='word_1_695' title='bbox 1134 5298 1265 5350; x_wconf 80' lang='lat' dir='ltr'><strong><em>varii</em></strong></span> <span class='ocrx_word' id='word_1_696' title='bbox 1309 5301 1533 5367; x_wconf 84' lang='lat' dir='ltr'><strong><em>generis,</em></strong></span> <span class='ocrx_word' id='word_1_697' title='bbox 1586 5297 1826 5362; x_wconf 84' lang='lat' dir='ltr'><strong><em>Dioptra,</em></strong></span> <span class='ocrx_word' id='word_1_698' title='bbox 1857 5312 1971 5362; x_wconf 53' lang='lat' dir='ltr'><strong><em>quat</em></strong></span> <span class='ocrx_word' id='word_1_699' title='bbox 2023 5306 2194 5348; x_wconf 88' lang='lat' dir='ltr'><strong><em>tamen</em></strong></span> <span class='ocrx_word' id='word_1_700' title='bbox 2222 5298 2273 5347; x_wconf 88' lang='lat' dir='ltr'><strong><em>in</em></strong></span> <span class='ocrx_word' id='word_1_701' title='bbox 2308 5295 2455 5348; x_wconf 83' lang='lat' dir='ltr'><strong><em>Psel-</em></strong></span> 
     </span>
    </p>
   </div>
   <div class='ocr_carea' id='block_1_99' title="bbox 872 5384 2455 5459">
    <p class='ocr_par' dir='ltr' id='par_1_99' title="bbox 872 5384 2455 5459">
     <span class='ocr_line' id='line_1_99' title="bbox 872 5384 2455 5459; baseline -0.002 -16"><span class='ocrx_word' id='word_1_702' title='bbox 872 5384 1015 5443; x_wconf 84' lang='lat' dir='ltr'><strong><em>liaua</em></strong></span> <span class='ocrx_word' id='word_1_703' title='bbox 1059 5390 1302 5443; x_wconf 81' lang='lat' dir='ltr'><strong><em>Diatriba</em></strong></span> <span class='ocrx_word' id='word_1_704' title='bbox 1335 5406 1608 5457; x_wconf 87' lang='lat' dir='ltr'><strong><em>perperam</em></strong></span> <span class='ocrx_word' id='word_1_705' title='bbox 1641 5392 2041 5459; x_wconf 84' lang='lat' dir='ltr'><strong><em>perquiruntur,</em></strong></span> <span class='ocrx_word' id='word_1_706' title='bbox 2066 5389 2156 5441; x_wconf 88' lang='lat' dir='ltr'><strong><em>ubi</em></strong></span> <span class='ocrx_word' id='word_1_707' title='bbox 2184 5387 2455 5441; x_wconf 90' lang='lat' dir='ltr'><strong><em>Pselliana</em></strong></span> 
     </span>
    </p>
   </div>
   <div class='ocr_carea' id='block_1_100' title="bbox 873 5480 2453 5549">
    <p class='ocr_par' dir='ltr' id='par_1_100' title="bbox 873 5480 2453 5549">
     <span class='ocr_line' id='line_1_100' title="bbox 873 5480 2453 5549; baseline -0.002 -16"><span class='ocrx_word' id='word_1_708' title='bbox 873 5494 1077 5535; x_wconf 89' lang='lat' dir='ltr'><strong><em>tantum</em></strong></span> <span class='ocrx_word' id='word_1_709' title='bbox 1110 5484 1301 5549; x_wconf 80' lang='lat' dir='ltr'><strong><em>scripta</em></strong></span> <span class='ocrx_word' id='word_1_710' title='bbox 1346 5492 1694 5535; x_wconf 89' lang='lat' dir='ltr'><strong><em>numerantur</em></strong></span> <span class='ocrx_word' id='word_1_711' title='bbox 1728 5498 1745 5533; x_wconf 92' lang='lat'><strong><em>:</em></strong></span> <span class='ocrx_word' id='word_1_712' title='bbox 1780 5484 1876 5534; x_wconf 72' lang='lat' dir='ltr'><strong><em>etsi</em></strong></span> <span class='ocrx_word' id='word_1_713' title='bbox 1927 5497 2088 5547; x_wconf 86' lang='lat' dir='ltr'><strong><em>neque</em></strong></span> <span class='ocrx_word' id='word_1_714' title='bbox 2123 5480 2215 5532; x_wconf 88' lang='lat' dir='ltr'><strong><em>illa</em></strong></span> <span class='ocrx_word' id='word_1_715' title='bbox 2257 5481 2453 5544; x_wconf 76' lang='lat' dir='ltr'><strong><em>ur‘nia,</em></strong></span> 
     </span>
    </p>
   </div>
   <div class='ocr_carea' id='block_1_101' title="bbox 872 5576 2457 5646">
    <p class='ocr_par' dir='ltr' id='par_1_101' title="bbox 872 5576 2457 5646">
     <span class='ocr_line' id='line_1_101' title="bbox 872 5576 2457 5646; baseline 0.001 -19"><span class='ocrx_word' id='word_1_716' title='bbox 872 5594 983 5628; x_wconf 87' lang='lat' dir='ltr'><strong><em>cum</em></strong></span> <span class='ocrx_word' id='word_1_717' title='bbox 1040 5588 1156 5646; x_wconf 76' lang='lat' dir='ltr'><strong><em>post</em></strong></span> <span class='ocrx_word' id='word_1_718' title='bbox 1216 5580 1479 5646; x_wconf 87' lang='lat' dir='ltr'><strong><em>vulgatam</em></strong></span> <span class='ocrx_word' id='word_1_719' title='bbox 1540 5576 1838 5630; x_wconf 85' lang='lat' dir='ltr'><strong><em>Diatribam</em></strong></span> <span class='ocrx_word' id='word_1_720' title='bbox 1882 5576 2080 5628; x_wconf 90' lang='lat' dir='ltr'><strong><em>allatus</em></strong></span> <span class='ocrx_word' id='word_1_721' title='bbox 2124 5576 2253 5627; x_wconf 89' lang='lat' dir='ltr'><strong><em>milti</em></strong></span> <span class='ocrx_word' id='word_1_722' title='bbox 2304 5578 2457 5645; x_wconf 70' lang='lat' dir='ltr'><strong><em>fuerit</em></strong></span> 
     </span>
    </p>
   </div>
   <div class='ocr_carea' id='block_1_102' title="bbox 875 5668 2457 5737">
    <p class='ocr_par' dir='ltr' id='par_1_102' title="bbox 875 5668 2457 5737">
     <span class='ocr_line' id='line_1_102' title="bbox 875 5668 2457 5737; baseline 0 -18"><span class='ocrx_word' id='word_1_723' title='bbox 875 5671 1033 5720; x_wconf 70' lang='lat' dir='ltr'><strong><em>code:</em></strong></span> <span class='ocrx_word' id='word_1_724' title='bbox 1065 5668 1484 5737; x_wconf 77' lang='lat' dir='ltr'><strong><em>Manuscriptus,</em></strong></span> <span class='ocrx_word' id='word_1_725' title='bbox 1520 5669 1695 5733; x_wconf 86' lang='lat' dir='ltr'><strong><em>tineis,</em></strong></span> <span class='ocrx_word' id='word_1_726' title='bbox 1736 5670 2051 5737; x_wconf 89' lang='lat' dir='ltr'><strong><em>madoreque</em></strong></span> <span class='ocrx_word' id='word_1_727' title='bbox 2090 5669 2375 5736; x_wconf 78' lang='lat' dir='ltr'><strong><em>confectus,</em></strong></span> <span class='ocrx_word' id='word_1_728' title='bbox 2405 5670 2457 5719; x_wconf 91' lang='lat' dir='ltr'><strong><em>in</em></strong></span> 
     </span>
    </p>
   </div>
   <div class='ocr_carea' id='block_1_103' title="bbox 876 5751 2454 5841">
    <p class='ocr_par' dir='ltr' id='par_1_103' title="bbox 876 5751 2454 5841">
     <span class='ocr_line' id='line_1_103' title="bbox 876 5751 2454 5841; baseline 0 -32"><span class='ocrx_word' id='word_1_729' title='bbox 876 5778 975 5825; x_wconf 77' lang='lat' dir='ltr'><strong><em>quo</em></strong></span> <span class='ocrx_word' id='word_1_730' title='bbox 1036 5760 1193 5811; x_wconf 59' lang='lat' dir='ltr'><strong><em>multo</em></strong></span> <span class='ocrx_word' id='word_1_731' title='bbox 1250 5776 1402 5827; x_wconf 87' lang='lat' dir='ltr'><strong><em>pura</em></strong></span> <span class='ocrx_word' id='word_1_732' title='bbox 1456 5751 1620 5826; x_wconf 79' lang='lat' dir='ltr'><strong><em>ipsius</em></strong></span> <span class='ocrx_word' id='word_1_733' title='bbox 1685 5757 1846 5810; x_wconf 84' lang='lat' dir='ltr'><strong><em>Pselli</em></strong></span> <span class='ocrx_word' id='word_1_734' title='bbox 1885 5760 2235 5824; x_wconf 83' lang='lat' dir='ltr'><strong><em>reperiuntur_</em></strong></span> <span class='ocrx_word' id='word_1_735' title='bbox 2303 5756 2454 5841; x_wconf 56' lang='lat' dir='ltr'><strong><em>Lege,</em></strong></span> 
     </span>
    </p>
   </div>
   <div class='ocr_carea' id='block_1_104' title="bbox 876 5847 2459 5918">
    <p class='ocr_par' dir='ltr' id='par_1_104' title="bbox 876 5847 2459 5918">
     <span class='ocr_line' id='line_1_104' title="bbox 876 5847 2459 5918; baseline 0.004 -23"><span class='ocrx_word' id='word_1_736' title='bbox 876 5868 1065 5915; x_wconf 56' lang='lat' dir='ltr'><strong><em>quaso,</em></strong></span> <span class='ocrx_word' id='word_1_737' title='bbox 1121 5868 1241 5901; x_wconf 79' lang='lat' dir='ltr'><strong><em>ntea&#39;</em></strong></span> <span class='ocrx_word' id='word_1_738' title='bbox 1274 5850 1527 5901; x_wconf 80' lang='lat' dir='ltr'><strong><em>Diatribte</em></strong></span> <span class='ocrx_word' id='word_1_739' title='bbox 1570 5851 1790 5918; x_wconf 87' lang='lat' dir='ltr'><strong><em>paginas</em></strong></span> <span class='ocrx_word' id='word_1_740' title='bbox 1842 5850 1909 5902; x_wconf 73' lang='lat'><strong><em>45</em></strong></span> <span class='ocrx_word' id='word_1_741' title='bbox 1956 5859 2003 5901; x_wconf 87' lang='lat' dir='ltr'><strong><em>et</em></strong></span> <span class='ocrx_word' id='word_1_742' title='bbox 2060 5849 2146 5905; x_wconf 88' lang='lat'><strong><em>88.</em></strong></span> <span class='ocrx_word' id='word_1_743' title='bbox 2201 5847 2281 5902; x_wconf 78' lang='lat' dir='ltr'><strong><em>lbi</em></strong></span> <span class='ocrx_word' id='word_1_744' title='bbox 2325 5851 2459 5902; x_wconf 82' lang='lat' dir='ltr'><strong><em>inter</em></strong></span> 
     </span>
    </p>
   </div>
   <div class='ocr_carea' id='block_1_105' title="bbox 2553 4663 4145 4732">
    <p class='ocr_par' dir='ltr' id='par_1_105' title="bbox 2553 4663 4145 4732">
     <span class='ocr_line' id='line_1_105' title="bbox 2553 4663 4145 4732; baseline 0.002 -17"><span class='ocrx_word' id='word_1_745' title='bbox 2553 4666 2789 4731; x_wconf 90' lang='lat' dir='ltr'><strong><em>phrastes</em></strong></span> <span class='ocrx_word' id='word_1_746' title='bbox 2810 4666 2909 4716; x_wconf 91' lang='lat' dir='ltr'><strong><em>erit</em></strong></span> <span class='ocrx_word' id='word_1_747' title='bbox 2940 4663 3195 4732; x_wconf 88' lang='lat' dir='ltr'><strong><em>Theologo</em></strong></span> <span class='ocrx_word' id='word_1_748' title='bbox 3218 4664 3401 4731; x_wconf 84' lang='lat' dir='ltr'><strong><em>junior</em></strong></span> <span class='ocrx_word' id='word_1_749' title='bbox 3437 4667 3712 4718; x_wconf 82' lang='lat' dir='ltr'><strong><em>minimum</em></strong></span> <span class='ocrx_word' id='word_1_750' title='bbox 3737 4682 3904 4719; x_wconf 88' lang='lat' dir='ltr'><strong><em>annos</em></strong></span> <span class='ocrx_word' id='word_1_751' title='bbox 3933 4667 4062 4729; x_wconf 60' lang='lat'><strong><em>19‘,</em></strong></span> <span class='ocrx_word' id='word_1_752' title='bbox 4101 4671 4145 4718; x_wconf 90' lang='lat' dir='ltr'><strong><em>si</em></strong></span> 
     </span>
    </p>
   </div>
   <div class='ocr_carea' id='block_1_106' title="bbox 2553 4755 4147 4825">
    <p class='ocr_par' dir='ltr' id='par_1_106' title="bbox 2553 4755 4147 4825">
     <span class='ocr_line' id='line_1_106' title="bbox 2553 4755 4147 4825; baseline 0.001 -17"><span class='ocrx_word' id='word_1_753' title='bbox 2553 4755 2783 4824; x_wconf 85' lang='lat' dir='ltr'><strong><em>ngeon</em></strong></span> <span class='ocrx_word' id='word_1_754' title='bbox 2841 4755 3112 4808; x_wconf 76' lang='lat' dir='ltr'><strong><em>Xerocerci</em></strong></span> <span class='ocrx_word' id='word_1_755' title='bbox 3146 4773 3284 4809; x_wconf 90' lang='lat' dir='ltr'><strong><em>anno</em></strong></span> <span class='ocrx_word' id='word_1_756' title='bbox 3316 4757 3498 4809; x_wconf 89' lang='lat' dir='ltr'><strong><em>mundi</em></strong></span> <span class='ocrx_word' id='word_1_757' title='bbox 3536 4758 3696 4811; x_wconf 71' lang='lat'><strong>6200.</strong></span> <span class='ocrx_word' id='word_1_758' title='bbox 3736 4758 4027 4821; x_wconf 85' lang='lat' dir='ltr'><strong><em>scribebat,</em></strong></span> <span class='ocrx_word' id='word_1_759' title='bbox 4056 4761 4147 4825; x_wconf 80' lang='lat' dir='ltr'><strong><em>qui</em></strong></span> 
     </span>
    </p>
   </div>
   <div class='ocr_carea' id='block_1_107' title="bbox 2555 4845 4152 4912">
    <p class='ocr_par' dir='ltr' id='par_1_107' title="bbox 2555 4845 4152 4912">
     <span class='ocr_line' id='line_1_107' title="bbox 2555 4845 4152 4912; baseline 0.003 -15"><span class='ocrx_word' id='word_1_760' title='bbox 2555 4848 2826 4912; x_wconf 85' lang='lat' dir='ltr'><strong><em>respondet</em></strong></span> <span class='ocrx_word' id='word_1_761' title='bbox 2865 4863 3005 4899; x_wconf 89' lang='lat' dir='ltr'><strong><em>anno</em></strong></span> <span class='ocrx_word' id='word_1_762' title='bbox 3039 4845 3233 4899; x_wconf 75' lang='lat' dir='ltr'><strong><em>Christi</em></strong></span> <span class='ocrx_word' id='word_1_763' title='bbox 3268 4846 3393 4909; x_wconf 67' lang='lat'><strong><em>692,</em></strong></span> <span class='ocrx_word' id='word_1_764' title='bbox 3448 4848 3542 4899; x_wconf 87' lang='lat' dir='ltr'><strong><em>sub</em></strong></span> <span class='ocrx_word' id='word_1_765' title='bbox 3580 4846 3886 4900; x_wconf 82' lang='lat' dir='ltr'><strong><em>Justiniauo</em></strong></span> <span class='ocrx_word' id='word_1_766' title='bbox 3922 4847 4152 4901; x_wconf 79' lang='lat' dir='ltr'><strong><em>Rhiuot.</em></strong></span> 
     </span>
    </p>
   </div>
   <div class='ocr_carea' id='block_1_108' title="bbox 2555 4936 4150 4994">
    <p class='ocr_par' dir='ltr' id='par_1_108' title="bbox 2555 4936 4150 4994">
     <span class='ocr_line' id='line_1_108' title="bbox 2555 4936 4150 4994; baseline 0.003 -7"><span class='ocrx_word' id='word_1_767' title='bbox 2555 4946 2690 4988; x_wconf 89' lang='lat' dir='ltr'><strong><em>meto</em></strong></span> <span class='ocrx_word' id='word_1_768' title='bbox 2742 4946 2863 4989; x_wconf 88' lang='lat' dir='ltr'><strong><em>ante</em></strong></span> <span class='ocrx_word' id='word_1_769' title='bbox 2902 4936 3361 4991; x_wconf 85' lang='lat' dir='ltr'><strong><em>Iconomachorum</em></strong></span> <span class='ocrx_word' id='word_1_770' title='bbox 3408 4940 3645 4992; x_wconf 85' lang='lat' dir='ltr'><strong><em>lueresim</em></strong></span> <span class='ocrx_word' id='word_1_771' title='bbox 3691 4956 3855 4993; x_wconf 90' lang='lat' dir='ltr'><strong><em>annos</em></strong></span> <span class='ocrx_word' id='word_1_772' title='bbox 3930 4942 4150 4994; x_wconf 76' lang='lat' dir='ltr'><strong><em>circiter</em></strong></span> 
     </span>
    </p>
   </div>
   <div class='ocr_carea' id='block_1_109' title="bbox 2557 5029 4150 5102">
    <p class='ocr_par' dir='ltr' id='par_1_109' title="bbox 2557 5029 4150 5102">
     <span class='ocr_line' id='line_1_109' title="bbox 2557 5029 4150 5102; baseline 0.005 -23"><span class='ocrx_word' id='word_1_773' title='bbox 2557 5030 2797 5098; x_wconf 89' lang='lat' dir='ltr'><strong><em>triginta.</em></strong></span> <span class='ocrx_word' id='word_1_774' title='bbox 2836 5029 2987 5093; x_wconf 83' lang='lat' dir='ltr'><strong><em>Quod</em></strong></span> <span class='ocrx_word' id='word_1_775' title='bbox 3031 5032 3077 5083; x_wconf 88' lang='lat' dir='ltr'><strong><em>si</em></strong></span> <span class='ocrx_word' id='word_1_776' title='bbox 3109 5032 3360 5098; x_wconf 87' lang='lat' dir='ltr'><strong><em>Stephani</em></strong></span> <span class='ocrx_word' id='word_1_777' title='bbox 3381 5034 3614 5099; x_wconf 82' lang='lat' dir='ltr'><strong><em>junioris</em></strong></span> <span class='ocrx_word' id='word_1_778' title='bbox 3645 5049 3678 5084; x_wconf 91' lang='lat' dir='ltr'><strong><em>a</em></strong></span> <span class='ocrx_word' id='word_1_779' title='bbox 3709 5032 4058 5102; x_wconf 79' lang='lat' dir='ltr'><strong><em>Coprongmo</em></strong></span> <span class='ocrx_word' id='word_1_780' title='bbox 4090 5036 4150 5088; x_wconf 83' lang='lat' dir='ltr'><strong><em>ob</em></strong></span> 
     </span>
    </p>
   </div>
   <div class='ocr_carea' id='block_1_110' title="bbox 2555 5119 4150 5192">
    <p class='ocr_par' dir='ltr' id='par_1_110' title="bbox 2555 5119 4150 5192">
     <span class='ocr_line' id='line_1_110' title="bbox 2555 5119 4150 5192; baseline 0.004 -22"><span class='ocrx_word' id='word_1_781' title='bbox 2555 5119 2907 5189; x_wconf 82' lang='lat' dir='ltr'><strong><em>defensionem</em></strong></span> <span class='ocrx_word' id='word_1_782' title='bbox 2971 5138 3247 5174; x_wconf 82' lang='lat' dir='ltr'><strong><em>sacrarum</em></strong></span> <span class='ocrx_word' id='word_1_783' title='bbox 3325 5124 3618 5191; x_wconf 89' lang='lat' dir='ltr'><strong><em>imaginum</em></strong></span> <span class='ocrx_word' id='word_1_784' title='bbox 3687 5125 3951 5192; x_wconf 87' lang='lat' dir='ltr'><strong><em>interfecti</em></strong></span> <span class='ocrx_word' id='word_1_785' title='bbox 4005 5142 4150 5177; x_wconf 86' lang='lat' dir='ltr'><strong><em>anno</em></strong></span> 
     </span>
    </p>
   </div>
   <div class='ocr_carea' id='block_1_111' title="bbox 2557 5210 4149 5277">
    <p class='ocr_par' dir='ltr' id='par_1_111' title="bbox 2557 5210 4149 5277">
     <span class='ocr_line' id='line_1_111' title="bbox 2557 5210 4149 5277; baseline 0.002 -13"><span class='ocrx_word' id='word_1_786' title='bbox 2557 5210 2751 5264; x_wconf 88' lang='lat' dir='ltr'><strong><em>Christi</em></strong></span> <span class='ocrx_word' id='word_1_787' title='bbox 2796 5211 2895 5264; x_wconf 79' lang='lat'><strong><em>767</em></strong></span> <span class='ocrx_word' id='word_1_788' title='bbox 2928 5214 3184 5277; x_wconf 90' lang='lat' dir='ltr'><strong><em>meminit,</em></strong></span> <span class='ocrx_word' id='word_1_789' title='bbox 3232 5224 3277 5265; x_wconf 90' lang='lat' dir='ltr'><strong><em>et</em></strong></span> <span class='ocrx_word' id='word_1_790' title='bbox 3308 5216 3383 5266; x_wconf 91' lang='lat' dir='ltr'><strong><em>sic</em></strong></span> <span class='ocrx_word' id='word_1_791' title='bbox 3427 5216 3587 5266; x_wconf 87' lang='lat' dir='ltr'><strong><em>etiam</em></strong></span> <span class='ocrx_word' id='word_1_792' title='bbox 3616 5217 3713 5267; x_wconf 89' lang='lat' dir='ltr'><strong><em>erit</em></strong></span> <span class='ocrx_word' id='word_1_793' title='bbox 3755 5215 3925 5267; x_wconf 87' lang='lat' dir='ltr'><strong><em>multo</em></strong></span> <span class='ocrx_word' id='word_1_794' title='bbox 3964 5219 4149 5270; x_wconf 79' lang='lat' dir='ltr'><strong><em>Meta-</em></strong></span> 
     </span>
    </p>
   </div>
   <div class='ocr_carea' id='block_1_112' title="bbox 2555 5303 4149 5375">
    <p class='ocr_par' dir='ltr' id='par_1_112' title="bbox 2555 5303 4149 5375">
     <span class='ocr_line' id='line_1_112' title="bbox 2555 5303 4149 5375; baseline 0.004 -23"><span class='ocrx_word' id='word_1_795' title='bbox 2555 5303 2765 5370; x_wconf 87' lang='lat' dir='ltr'><strong><em>pltraste</em></strong></span> <span class='ocrx_word' id='word_1_796' title='bbox 2791 5304 3078 5370; x_wconf 89' lang='lat' dir='ltr'><strong><em>antiquior,</em></strong></span> <span class='ocrx_word' id='word_1_797' title='bbox 3125 5320 3264 5356; x_wconf 85' lang='lat' dir='ltr'><strong><em>anno</em></strong></span> <span class='ocrx_word' id='word_1_798' title='bbox 3295 5306 3427 5371; x_wconf 81' lang='lat' dir='ltr'><strong><em>fatte</em></strong></span> <span class='ocrx_word' id='word_1_799' title='bbox 3458 5318 3685 5357; x_wconf 89' lang='lat' dir='ltr'><strong><em>centum.</em></strong></span> <span class='ocrx_word' id='word_1_800' title='bbox 3717 5304 3817 5358; x_wconf 86' lang='lat' dir='ltr'><strong><em>Sed</em></strong></span> <span class='ocrx_word' id='word_1_801' title='bbox 3844 5307 3935 5373; x_wconf 89' lang='lat' dir='ltr'><strong><em>qui</em></strong></span> <span class='ocrx_word' id='word_1_802' title='bbox 3970 5311 4149 5375; x_wconf 87' lang='lat' dir='ltr'><strong><em>potuit</em></strong></span> 
     </span>
    </p>
   </div>
   <div class='ocr_carea' id='block_1_113' title="bbox 2558 5392 4150 5464">
    <p class='ocr_par' dir='ltr' id='par_1_113' title="bbox 2558 5392 4150 5464">
     <span class='ocr_line' id='line_1_113' title="bbox 2558 5392 4150 5464; baseline 0.005 -18"><span class='ocrx_word' id='word_1_803' title='bbox 2558 5410 2698 5446; x_wconf 90' lang='lat' dir='ltr'><strong><em>anno</em></strong></span> <span class='ocrx_word' id='word_1_804' title='bbox 2723 5392 2916 5447; x_wconf 87' lang='lat' dir='ltr'><strong><em>Christi</em></strong></span> <span class='ocrx_word' id='word_1_805' title='bbox 2936 5394 3039 5447; x_wconf 65' lang='grc'><strong><em>002</em></strong></span> <span class='ocrx_word' id='word_1_806' title='bbox 3071 5398 3243 5449; x_wconf 70' lang='lat' dir='ltr'><strong><em>vivens</em></strong></span> <span class='ocrx_word' id='word_1_807' title='bbox 3273 5396 3525 5464; x_wconf 90' lang='lat' dir='ltr'><strong><em>Stephani</em></strong></span> <span class='ocrx_word' id='word_1_808' title='bbox 3548 5398 3777 5463; x_wconf 85' lang='lat' dir='ltr'><strong><em>junioris</em></strong></span> <span class='ocrx_word' id='word_1_809' title='bbox 3812 5401 4150 5461; x_wconf 66' lang='lat' dir='ltr'><strong><em>meminisse.</em></strong></span> 
     </span>
    </p>
   </div>
   <div class='ocr_carea' id='block_1_114' title="bbox 2558 5472 4147 5556">
    <p class='ocr_par' dir='ltr' id='par_1_114' title="bbox 2558 5472 4147 5556">
     <span class='ocr_line' id='line_1_114' title="bbox 2558 5472 4147 5556; baseline 0.004 -19"><span class='ocrx_word' id='word_1_810' title='bbox 2558 5486 2875 5553; x_wconf 78' lang='lat' dir='ltr'><strong><em>martyrium</em></strong></span> <span class='ocrx_word' id='word_1_811' title='bbox 2900 5485 3197 5552; x_wconf 90' lang='lat' dir='ltr'><strong><em>passianno</em></strong></span> <span class='ocrx_word' id='word_1_812' title='bbox 3230 5485 3351 5551; x_wconf 79' lang='lat'><strong><em>767,</em></strong></span> <span class='ocrx_word' id='word_1_813' title='bbox 3380 5488 3533 5539; x_wconf 89' lang='lat' dir='ltr'><strong><em>annis</em></strong></span> <span class='ocrx_word' id='word_1_814' title='bbox 3562 5487 3632 5540; x_wconf 80' lang='lat'><strong><em>75</em></strong></span> <span class='ocrx_word' id='word_1_815' title='bbox 3665 5472 3976 5556; x_wconf 75' lang='lat' dir='ltr'><strong><em>antiquior?</em></strong></span> <span class='ocrx_word' id='word_1_816' title='bbox 4012 5492 4147 5543; x_wconf 82' lang='lat' dir='ltr'><strong><em>Hinc</em></strong></span> 
     </span>
    </p>
   </div>
   <div class='ocr_carea' id='block_1_115' title="bbox 2558 5576 4148 5648">
    <p class='ocr_par' dir='ltr' id='par_1_115' title="bbox 2558 5576 4148 5648">
     <span class='ocr_line' id='line_1_115' title="bbox 2558 5576 4148 5648; baseline 0.003 -20"><span class='ocrx_word' id='word_1_817' title='bbox 2558 5576 2612 5628; x_wconf 91' lang='lat' dir='ltr'><strong><em>in</em></strong></span> <span class='ocrx_word' id='word_1_818' title='bbox 2636 5578 2728 5629; x_wconf 91' lang='lat' dir='ltr'><strong><em>hoc</em></strong></span> <span class='ocrx_word' id='word_1_819' title='bbox 2759 5580 2987 5630; x_wconf 76' lang='lat' dir='ltr'><strong><em>secunda</em></strong></span> <span class='ocrx_word' id='word_1_820' title='bbox 3022 5595 3236 5631; x_wconf 86' lang='lat' dir='ltr'><strong><em>numero</em></strong></span> <span class='ocrx_word' id='word_1_821' title='bbox 3268 5594 3416 5631; x_wconf 87' lang='lat' dir='ltr'><strong><em>error</em></strong></span> <span class='ocrx_word' id='word_1_822' title='bbox 3447 5580 3721 5648; x_wconf 87' lang='lat' dir='ltr'><strong><em>manifeste</em></strong></span> <span class='ocrx_word' id='word_1_823' title='bbox 3756 5580 4071 5648; x_wconf 56' lang='lat' dir='ltr'><strong><em>colligitur,</em></strong></span> <span class='ocrx_word' id='word_1_824' title='bbox 4108 5597 4148 5637; x_wconf 85' lang='lat' dir='ltr'><strong><em>et</em></strong></span> 
     </span>
    </p>
   </div>
   <div class='ocr_carea' id='block_1_116' title="bbox 2560 5670 4147 5741">
    <p class='ocr_par' dir='ltr' id='par_1_116' title="bbox 2560 5670 4147 5741">
     <span class='ocr_line' id='line_1_116' title="bbox 2560 5670 4147 5741; baseline 0.004 -23"><span class='ocrx_word' id='word_1_825' title='bbox 2560 5678 2928 5734; x_wconf 88' lang='lat' dir='ltr'><strong><em>consequenter</em></strong></span> <span class='ocrx_word' id='word_1_826' title='bbox 2964 5670 3165 5735; x_wconf 86' lang='lat' dir='ltr'><strong><em>primus</em></strong></span> <span class='ocrx_word' id='word_1_827' title='bbox 3215 5685 3473 5721; x_wconf 75' lang='lat' dir='ltr'><strong><em>numerus</em></strong></span> <span class='ocrx_word' id='word_1_828' title='bbox 3526 5670 3868 5722; x_wconf 80' lang='lat' dir='ltr'><strong><em>verosimilior</em></strong></span> <span class='ocrx_word' id='word_1_829' title='bbox 3914 5682 4023 5735; x_wconf 84' lang='lat' dir='ltr'><strong><em>est,</em></strong></span> <span class='ocrx_word' id='word_1_830' title='bbox 4049 5690 4147 5741; x_wconf 73' lang='lat' dir='ltr'><strong><em>qua</em></strong></span> 
     </span>
    </p>
   </div>
   <div class='ocr_carea' id='block_1_117' title="bbox 2561 5760 4148 5830">
    <p class='ocr_par' dir='ltr' id='par_1_117' title="bbox 2561 5760 4148 5830">
     <span class='ocr_line' id='line_1_117' title="bbox 2561 5760 4148 5830; baseline 0.001 -17"><span class='ocrx_word' id='word_1_831' title='bbox 2561 5762 2642 5813; x_wconf 90' lang='lat' dir='ltr'><strong><em>hic</em></strong></span> <span class='ocrx_word' id='word_1_832' title='bbox 2672 5760 2943 5814; x_wconf 81' lang='lat' dir='ltr'><strong><em>Xerocerci</em></strong></span> <span class='ocrx_word' id='word_1_833' title='bbox 2991 5764 3302 5830; x_wconf 74' lang='lat' dir='ltr'><strong><em>prtepositus</em></strong></span> <span class='ocrx_word' id='word_1_834' title='bbox 3342 5762 3710 5829; x_wconf 79' lang='lat' dir='ltr'><strong><em>Metaphrastte</em></strong></span> <span class='ocrx_word' id='word_1_835' title='bbox 3756 5765 4025 5826; x_wconf 87' lang='lat' dir='ltr'><strong><em>posterior</em></strong></span> <span class='ocrx_word' id='word_1_836' title='bbox 4054 5777 4148 5820; x_wconf 68' lang='lat' dir='ltr'><strong><em>est.</em></strong></span> 
     </span>
    </p>
   </div>
   <div class='ocr_carea' id='block_1_118' title="bbox 2564 5848 4148 5918">
    <p class='ocr_par' dir='ltr' id='par_1_118' title="bbox 2564 5848 4148 5918">
     <span class='ocr_line' id='line_1_118' title="bbox 2564 5848 4148 5918; baseline 0.004 -20"><span class='ocrx_word' id='word_1_837' title='bbox 2564 5849 2832 5918; x_wconf 82' lang='lat' dir='ltr'><strong><em>Quidquid</em></strong></span> <span class='ocrx_word' id='word_1_838' title='bbox 2868 5850 3143 5909; x_wconf 81' lang='lat' dir='ltr'><strong><em>tamensit,</em></strong></span> <span class='ocrx_word' id='word_1_839' title='bbox 3191 5848 3403 5901; x_wconf 87' lang='lat' dir='ltr'><strong><em>omnino</em></strong></span> <span class='ocrx_word' id='word_1_840' title='bbox 3451 5849 3779 5904; x_wconf 79' lang='lat' dir='ltr'><strong><em>concluditur</em></strong></span> <span class='ocrx_word' id='word_1_841' title='bbox 3822 5851 4003 5903; x_wconf 76' lang='lat' dir='ltr'><strong><em>alium</em></strong></span> <span class='ocrx_word' id='word_1_842' title='bbox 4043 5871 4148 5915; x_wconf 54' lang='lat' dir='ltr'><strong><em>esst</em></strong></span> 
     </span>
    </p>
   </div>
  </div>
