4158 6472
140 457 211 523 1ίὸ
717 466 813 524 DE
855 466 1197 529 SCRIPTIS
1237 470 1616 534 SYMEONIS
1661 446 2239 543 METAPIIRAS'IUE
2283 488 2665 547 DIATRIBA.

3213 495 3312 556 liii

133 572 368 639 Sgazeonem
401 568 827 640 Metaphrastern,
852 586 898 628 et
930 576 1097 629 alium
1128 578 1398 634 Xerocerci
1452 599 1653 649 pra'po-
1684 588 1727 641 Α
1757 592 1947 656 εαιρὶαδ
1976 594 2038 645 de
2078 594 2414 659 monac/tatu,
2454 600 2664 664 quando
2698 600 2740 652 is
2788 599 2991 665 fuisset,
3023 605 3213 656 mentio
3249 608 3331 657 in-

129 666 261 724 situm,
300 677 544 730 ruereque
582 667 1348 740 argumentum—Prwfectus
1378 672 1651 730 Xerocerci

130 757 199 825 fuit
236 755 512 819 monachus,
542 772 666 826 ergo
702 768 750 810 et
786 760 1385 828 Metaphrastes,—cum
1426 764 1572 835 longe
1597 767 1650 818 hi

130 848 201 898 duo
229 846 394 899 diversi
422 848 530 899 sint
558 864 576 902 :
601 848 820 919 ideoque
851 851 986 905 male
1033 853 1261 923 infertur
1300 872 1365 908 ex
1393 874 1471 922 eo,
1512 859 1649 927 quod

130 942 372 1008 propositus
423 940 697 995 Ierocerci
782 945 1064 998 monachus
1126 948 1248 1015 fuit,
1337 948 1645 1019 Symeonem

130 1031 465 1098 ilrtaphrastem
512 1033 825 1088 monachum
854 1036 1034 1105 fuisse.
1080 1037 1190 1091 Sed
1226 1040 1288 1092 de
1312 1040 1413 1103 his,
1441 1051 1495 1094 ut
1519 1042 1642 1111 jam

127 1125 221 1183 dixi,
245 1123 389 1191 fusius
418 1125 477 1175 in
511 1122 777 1179 Diatriba.

173 1212 251 1266 Sed
288 1213 687 1281 Metaphrastem
724 1218 1037 1271 monachum
1068 1236 1169 1273 non
1203 1221 1381 1289 fuisse,
1427 1226 1640 1292 quando

126 1307 241 1357 etiam
298 1304 410 1368 ista,
478 1321 599 1373 qua:
657 1305 723 1359 de
754 1306 1041 1362 Xerucerci
1093 1314 1391 1377 prceposito,
1420 1324 1470 1366 et
1519 1315 1641 1369 aliis

126 1397 372 1447 distitantnr
403 1412 521 1448 vera
556 1412 656 1449 non
676 1408 818 1461 sunt,
862 1402 996 1454 unde
1032 1401 1083 1453 id
1114 1403 1264 1456 habet
1299 1404 1442 1459 Leu?
1467 1404 1641 1460 Habet

124 1487 367 1555 conﬁrmata
414 1489 535 1557 jam
584 1499 740 1543 (etate
783 1493 936 1544 uxori
996 1493 1277 1547 obnoxium
1326 1496 1639 1565 fuisse:nec

125 1594 295 1645 unquam
348 1578 675 1646 postmodum
732 1581 875 1646 legit,
916 1586 1158 1636 eumdem
1226 1601 1286 1637 ea
1337 1586 1633 1653 demortua,

125 1671 265 1733 nuptiis
312 1670 535 1723 solutum
577 1671 685 1724 alio
732 1690 785 1726 se
835 1676 951 1728 rita:
977 1692 1164 1745 genere
1196 1678 1531 1733 astrinxisse.
1568 1681 1633 1737 At

121 1765 261 1830 patuit,
302 1767 371 1818 ita
393 1777 655 1820 annuente
698 1784 880 1834 uxore,
908 1782 955 1823 et
997 1787 1108 1825 sese
1143 1772 1196 1824 in
1248 1777 1633 1830 monasterium

123 1856 320 1920 trudente,
349 1858 423 1911 vel
440 1861 603 1910 etiam
633 1862 790 1913 morti
826 1864 1100 1929 proximus
1130 1879 1225 1931 pro
1250 1883 1393 1921 more
1424 1865 1632 1920 Crch-

123 1962 219 2007 rem,
262 1959 301 1999 et
335 1947 595 2015 pra’cipue
634 1951 963 2020 Maguatum,
998 1960 1349 2011 monasticum
1396 1959 1632 2012 habitum

121 2038 296 2091 induere.
344 2037 546 2100 Potuit.
602 2058 705 2095 non
745 2043 915 2098 abnuo
952 2062 970 2099 :
1008 2049 1132 2116 fecit
1179 2068 1322 2122 ergo.
1360 2053 1471 2108 Hoc
1512 2074 1630 2110 vero

119 2127 380 2193 probandum
412 2142 511 2184 est.
568 2131 690 2200 Ipse
724 2138 1018 2203 oppositum
1048 2140 1208 2195 habeo
1251 2160 1269 2196 .·
1310 2145 1474 2199 donec
1509 2164 1631 2201 con-

118 2220 287 2271 trarium
330 2224 645 2277 auctoritate
696 2242 797 2277 non
834 2227 1157 2296 stabiliatur,
1192 2248 1459 2301 nunquam
1516 2239 1624 2306 ipse

119 2324 275 2361 nanum
312 2310 461 2364 dabo.
500 2315 565 2365 At
605 2316 846 2380 opinione
885 2316 1185 2374 Graecorum
1216 2323 1455 2391 infectus,
1487 2330 1623 2397 quod

119 2402 303 2455 ethabitu
340 2406 515 2457 omnia
557 2405 857 2461 delerentur
885 2421 1120 2477 peccata,
1152 2414 1204 2465 in
1239 2415 1349 2481 ipso
1374 2418 1493 2471 vita:
1516 2420 1618 2487 ﬁne

118 2492 293 2545 habitum
325 2499 629 2564 assumpsit.
666 2499 777 2551 Hoc
802 2503 1008 2553 etiama
1040 2507 1364 2559 contrarium
1388 2526 1626 2565 assereno

119 2586 545 2651 tiaasprobandum
578 2600 677 2642 est.
708 2589 829 2643 Non
860 2592 913 2645 id
943 2596 1265 2661 praecipuum
1290 2600 1502 2665 pietatis
1521 2621 1628 2658 mo-

119 2689 353 2730 numentum
374 2680 603 2733 siluisset
650 2679 875 2748 Psellus,
910 2702 1026 2737 eum
1056 2687 1168 2756 ejus
1189 2689 1369 2745 laudes
1400 2694 1626 2764 reliquas

117 2771 399 2834 prosequitur.
465 2771 606 2823 Audi
665 2773 842 2825 verba.
905 2775 1096 2839 Πόσοις
1151 2780 1195 2831 δ’
1226 2782 1325 2834 οὐκ
1377 2784 1443 2837 ἂν
1505 2804 1625 2840 στε-

118 2860 328 2930 ςινωθεὶη
393 2864 675 2932 ἀριστείας
752 2866 1031 2933 στεφάνοις
1063 2870 1092 2921 ὁ
1119 2870 1428 2943 Θαυμαστὸς
1471 2871 1625 2944 οὗτος

118 2950 236 3017 ivﬁp;
284 2953 477 3017 μᾶλλον
530 2955 587 3006 δὲ
632 2955 820 3020 πόσοις
864 2958 960 3012 οὐκ
995 2959 1062 3013 ἂν
1094 2962 1194 3032 ἤδη
1229 2966 1616 3036 κατέστεπται,

116 3040 373 3110 ἀναδραμὼν
432 3046 572 3115 πρὸς
622 3047 801 3111 Θεὸν,
863 3052 952 3103 καὶ
1010 3056 1136 3124 παρ’
1196 3058 1424 3121 ἐκείνοις
1488 3078 1593 3129 χοε

116 3134 256 3198 ρύων,
278 3130 343 3189 ὧν
370 3138 603 3191 ἐνταῦθα
629 3139 697 3192 τὰ
746 3141 871 3211 ἢθη,
913 3144 1005 3195 καὶ
1031 3148 1155 3210 τοὺς
1183 3148 1328 3217 βίους
1355 3152 1622 3223 συνέγρα-

1755 679 2008 733 calcanda
2029 692 2179 747 esset,
2204 685 2342 738 inter
2359 702 2462 739 non
2491 688 2736 741 minimas
2766 690 2908 744 illius
2929 693 3133 757 laudes,
3160 695 3329 747 altum

1751 771 2012 825 silentium
2036 783 2110 826 est
2146 791 2163 827 :
2190 775 2254 828 de
2278 778 2515 832 omnibus
2545 778 2667 831 aliis
2689 780 2908 851 fortasse
2933 783 3132 838 Psellus
3156 786 3334 839 verbo-

1750 864 1857 916 sior
1871 874 1967 925 est,
2001 884 2161 935 quam
2192 868 2353 923 lector
2374 872 2541 926 vellet.

1816 954 2041 1011 Joannes
2078 958 2380 1014 Caminiata
2411 963 2628 1018 clericus
2656 978 2703 1019 et
2730 966 3068 1022 Cubuclesius
3110 969 3330 1024 Thessa-

1750 1044 2043 1111 lonicensis,
2076 1049 2265 1104 Leonis
2307 1052 2577 1121 Sapientis
2638 1057 2972 1124 imperatoris
3024 1059 3332 1115 Constanti-

1748 1137 2042 1205 nopolitani
2071 1143 2388 1209 temporibus
2431 1144 2676 1212 ﬂorebat,
2736 1164 2920 1217 genere
2948 1149 3162 1215 nobilis,
3190 1151 3330 1203 divi-

1747 1229 1834 1280 tiis
1892 1231 2142 1300 afﬂuens,
2170 1250 2315 1286 scum
2348 1233 2455 1288 Leo
2506 1235 2766 1305 Tripolita
2828 1239 3171 1308 ignominiosa
3212 1242 3335 1309 ﬁdei

1744 1317 2057 1377 Christiana:
2075 1323 2406 1393 abjuratione
2430 1329 2662 1397 infamis.
2692 1338 2872 1396 potens
2891 1332 3057 1386 classe
3074 1334 3323 1403 viris-que.

1742 1428 1880 1463 anno
1932 1415 2114 1467 mundi
2158 1414 2319 1482 6112,
2353 1416 2546 1472 Christi
2598 1419 2725 1484 90‘.
2762 1420 3188 1477 Thessalonicam
3231 1442 3328 1479 suo

1741 1518 1967 1567 accessu,
1999 1521 2061 1556 ac
2099 1506 2295 1573 impetu
2353 1508 2593 1575 disjectis
2643 1512 2805 1565 muris
2858 1513 3244 1581 inflammarit,
3280 1526 3329 1570 et

1739 1594 1941 1646 miseris
1976 1595 2149 1649 modis
2180 1599 2461 1667 funestavit
2493 1617 2510 1652 :
2544 1601 2687 1656 vivos
2748 1612 2941 1670 prwter
2990 1622 3183 1673 paucos
3209 1604 3328 1671 {Int-

1738 1687 1994 1750 peratoris
2019 1702 2123 1739 cere
2157 1688 2469 1756 redemptos,
2501 1691 2661 1745 classi
2692 1693 2961 1761 impositos
2991 1698 3223 1765 captivos
3254 1700 3327 1752 ad

1739 1774 2089 1844 Tripolitanos
2135 1794 2289 1847 agros
2327 1780 2576 1844 abduxit;
2602 1783 2740 1836 inter
2762 1800 2848 1838 eos
2882 1803 2983 1839 non
3024 1800 3324 1855 postremus

1735 1865 1839 1951 fuit
1862 1864 1945 1916 hic
1970 1864 2203 1920 Joannes
2237 1886 2354 1923 cum
2405 1880 2575 1938 patre,
2612 1882 2659 1925 et
2694 1876 2937 1929 universa
2971 1879 3200 1946 familia,
3236 1882 3326 1947 qui

1738 1953 1925 2007 alienis
1956 1973 2233 2025 pererrans
2267 1962 2566 2030 regionibus
2603 1965 2673 2016 ad
2689 1963 2999 2035 Gregorium
3038 1971 3322 2037 quemdam

1734 2048 1941 2100 doctum
1976 2051 2211 2118 equidem
2242 2060 2292 2104 et
2322 2053 2615 2106 studiosum
2633 2056 2826 2121 virum,
2846 2057 2901 2109 id
2945 2059 3176 2124 impense
3196 2074 3323 2128 pos-

1733 2150 1974 2203 centem,
2029 2142 2328 2197 universam
2392 2147 2579 2200 excisa:
2645 2150 2831 2216 patria:
2885 2149 3161 2204 historiam
3220 2170 3323 2206 non

1732 2230 2053 2299 ineleganter
2081 2244 2384 2299 prosecutus
2414 2246 2488 2290 est
2516 2254 2532 2289 :
2560 2238 2635 2290 ita
2662 2248 2839 2292 tamen
2870 2242 3048 2292 omnia
3079 2245 3321 2313 exsequi-

1735 2331 1839 2387 tur,
1881 2331 2074 2377 utnon
2114 2326 2356 2391 scribere,
2411 2330 2501 2381 sed
2554 2331 2787 2398 pingere,
2845 2348 3137 2403 ponereque
3196 2346 3322 2388 ante

1730 2414 1906 2466 oculos
1940 2415 2189 2469 rideatur.
2256 2415 2356 2470 Nae
2380 2418 2468 2471 ille
2512 2422 2697 2474 durior
2748 2423 3031 2477 adamante
3084 2435 3177 2490 est,
3231 2434 3323 2495 qui

1732 2518 1942 2563 tantum
1974 2511 2074 2563 sibi
2112 2513 2375 2579 imperare
2412 2517 2623 2582 poterit,
2651 2524 2708 2568 ut
2750 2518 2885 2571 inter
2928 2520 3201 2589 legendum
3234 2520 3318 2575 la-

1730 2617 1935 2669 crymas
1997 2600 2249 2664 cohibeat,
2302 2619 2392 2656 nec
2428 2604 2535 2658 illis
2578 2606 2842 2671 subiectas
2889 2610 3055 2663 oculis
3104 2612 3319 2664 chartas

1728 2693 2084 2761 conspergat?
2139 2702 2290 2747 tanta
2368 2707 2444 2748 est
2496 2698 2550 2750 in
2625 2697 2945 2754 lacessendis
3003 2702 3319 2757 Christianis

1726 2783 2091 2835 Barbaborum
2123 2784 2453 2852 immanitas,
2494 2796 2648 2841 tanta
2687 2790 2741 2842 in
2790 2791 3062 2861 afﬂigeudo
3094 2792 3320 2856 perden-

1726 2870 1893 2931 doque
1950 2873 2178 2925 humano
2233 2892 2418 2944 genere
2470 2879 2705 2946 efferata
2754 2882 3012 2946 satvities,
3058 2893 3210 2936 tanta
3263 2884 3319 2937 in

1727 2960 2040 3015 amoliendis
2063 2964 2227 3016 sacris
2250 2965 2447 3019 rudibus
2476 2969 2817 3035 perversitas.
2868 2968 2914 3021 Η
2925 2987 3024 3023 unc
3056 2971 3320 3026 Joannem

1726 3050 1787 3103 de
1808 3052 2005 3104 excidio
2037 3052 2496 3121 Thessalonicensi,
2544 3068 2592 3110 et
2646 3058 2812 3111 alium
2843 3060 3103 3116 Joannem
3129 3062 3318 3116 Lecto-

1724 3159 1853 3209 rem,
1877 3144 2057 3197 itidem
2084 3143 2591 3202 Thessalonicensem
2627 3151 2691 3204 de
2720 3152 2988 3206 obsidione
3031 3164 3079 3207 et
3113 3156 3318 3208 excidio

114 3228 206 3293 ψεν,
270 3231 463 3295 Ἐδειξε
533 3235 640 3303 γὰρ
699 3238 801 3288 κάν
872 3237 948 3307 τῷ
1025 3240 1165 3294 τέλει
1228 3246 1406 3309 ὁποῖος
1477 3249 1756 3321 αὑτῷίξξιι

1670 3258 1698 3321 3
1730 3230 1893 3286 altero
1934 3234 2377 3290 Thessalonicensi
2397 3239 2490 3290 sub
2539 3238 2755 3295 Muratc
2782 3241 3071 3296 Turcarum
3098 3245 3312 3299 Amerar

115 3320 765 3395 ἁδιεςπωδασμένος²βίος
812 3330 1126 3400 ἐτύγχανεν,
1174 3336 1248 3387 Οὐ
1276 3339 1383 3407 γὰρ
1434 3340 1623 3414 ὥσπερ

116 3415 353 3482 τετμῆσθαι
377 3418 545 3471 αὑτὸν
576 3421 628 3470 οἱ
655 3425 1059 3492 συνεωρακότες
1089 3429 1272 3494 φασὶν,
1295 3432 1412 3483 οὐδὲ
1438 3433 1627 3506 διῃρῆ-

118 3502 223 3556 eis?
374 3509 540 3579 ἐῴκει
580 3512 774 3582 ὥσπερ
804 3516 948 3579 τινὸς
982 3517 1185 3589 δέσμης
1228 3522 1625 3596 ἐλευθεροῦμε-

115 3613 188 3658 ιςες,
214 3600 291 3650 καὶ
316 3599 478 3671 ἱλαρῷ
512 3604 655 3674 πρὸς
686 3607 812 3669 τοὺς
840 3608 1073 3677 ἄγοντας
1120 3612 1383 3680 ἀγγέλους
1414 3619 1627 3672 ἀνατειο

116 3690 276 3753 »ἥμενος
320 3695 571 3763 νεύματι,
624 3698 718 3749 καί
764 3716 880 3762 πως
945 3690 1215 3768 ἐπιδιδοὺς
1273 3709 1461 3761 ἑαυτὸν
1507 3715 1629 3775 ταῖς

117 3777 285 3830 ἐκείνων
310 3785 521 3850 χερσὶν,
574 3784 660 3837 ἵνα
694 3789 830 3856 ταχὺ
888 3790 1157 3861 ἀνασταίη
1200 3796 1296 3849 τοῦ
1353 3800 1623 3869 σώματος.

116 3868 187 3917 Καὶ
218 3872 475 3942 ἐτεθνήκει
500 3876 610 3940 μὲν
639 3876 812 3941 οὒξως
832 3895 846 3908 ·
879 3882 1104 3946 εὐωδίας
1128 3884 1184 3937 δὲ
1214 3887 1414 3941 αὐτίκα
1450 3892 1627 3943 πάντα

116 3957 293 4023 ἐγεῖένει
322 3968 556 4033 pactis
596 3967 771 4030 Quam
804 3972 983 4025 multis
1022 3985 1197 4028 autem
1228 3979 1379 4046 fortis
1413 3982 1509 4033 viri
1537 3998 1627 4034 co-

116 4054 307 4107 ronisnon
344 4055 494 4130 [H9]
522 4060 691 4127 fuerit
723 4067 1054 4119 coronandus
1100 4068 1184 4120 hic
1220 4072 1300 4122 vir
1337 4071 1628 4125 admirabi-

116 4142 183 4194 lis?
205 4144 300 4199 lino
326 4166 441 4203 tero
464 4153 661 4220 quibus
687 4170 789 4206 non
842 4166 915 4208 est
931 4157 1049 4225 jam
1076 4172 1377 4226 coronatus,
1412 4180 1529 4215 cum
1558 4165 1627 4217 ad

116 4232 231 4288 [nam
248 4242 535 4295 ascenderit
561 4253 612 4297 et
642 4246 783 4312 apud
832 4248 950 4299 illos
982 4250 1140 4302 ducat
1174 4260 1373 4315 choros,
1405 4271 1627 4322 quorum

116 4340 230 4378 PM“
255 4338 299 4380 et
330 4332 491 4384 vitam
536 4334 882 4401 conscripsit?
914 4334 1053 4389 Nam
1087 4338 1163 4390 vel
1184 4340 1238 4391 in
1271 4340 1375 4406 ﬁne
1406 4345 1626 4396 ostendit

114 4420 255 4476 manu
279 4422 428 4475 vitam
444 4425 618 4492 egerit
650 4440 667 4477 :
694 4442 797 4477 non
824 4426 963 4479 enim
986 4444 1103 4481 eum
1135 4431 1295 4482 veluti
1332 4431 1624 4487 abscissum

114 4518 171 4556 cst
192 4511 381 4565 dirisum
411 4516 583 4584 fuisse
616 4514 794 4568 dicunt
820 4520 879 4581 ii,
908 4521 996 4588 qui
1023 4520 1282 4585 viderunt,
1311 4524 1398 4575 sed
1419 4525 1626 4580 videba-

1729 3334 1777 3376 et
1809 3325 2217 3379 Constantinum
2248 3328 2807 3399 Porphgrogennetam
2841 3334 2904 3386 de
2952 3335 3061 3386 vita
3089 3344 3135 3387 et
3165 3336 3318 3389 rebus

1729 3416 1883 3484 gestis
1923 3413 2115 3468 Basilii
2133 3418 2433 3471 Macedonis
2461 3436 2580 3471 cum
2606 3422 2877 3475 nonnullis
2907 3424 3029 3475 aliis
3054 3424 3232 3479 Gra'ce
3262 3437 3312 3480 et

1728 3506 1917 3559 Latine
1976 3505 2042 3575 (si
2081 3506 2219 3560 Deus
2241 3508 2464 3579 dederit)
2493 3509 2720 3564 utilitati
2758 3510 3076 3581 Reipublicae
3109 3515 3313 3569 littera-

1728 3595 1820 3648 riae
1852 3593 2129 3664 evulgabo.

1800 3683 2113 3749 Cinnamus,
2147 3686 2320 3739 nescio
2346 3704 2448 3755 quo
2474 3704 2570 3742 suo
2623 3690 2757 3757 fato,
2791 3706 2821 3742 a
2845 3691 3159 3759 quibusdam
3185 3693 3314 3746 Sin-

1730 3776 2155 3842 namus_dicitur,
2186 3779 2481 3834 reluctante
2525 3782 2858 3847 apertissime
2908 3783 3158 3837 Vaticano
3191 3784 3310 3839 Co-

1728 3869 1862 3931 dice,
1887 3883 1951 3919 ea:
1966 3884 2067 3936 quo
2096 3870 2333 3935 exempla
2357 3881 2545 3925 cwtera
2561 3874 2817 3939 exscripta
2850 3886 2993 3927 sunt.
3026 3875 3311 3931 Cinnamo-

1730 3975 1843 4011 rum
1878 3958 2170 4027 familiaad
2193 3960 2302 4013 hth
2338 3978 2498 4031 usque
2528 3973 2762 4031 tempora
2788 3981 2887 4018 non
2922 3969 3310 4021 contemnenda

1731 4052 1783 4103 in
1830 4051 2033 4105 Graecia
2060 4053 2385 4119 agnoscitur,
2429 4053 2806 4108 Siunamorum
2844 4058 2993 4109 nulla
3036 4070 3148 4121 est;
3192 4075 3309 4128 qua:

1731 4142 1888 4193 etiam
1934 4142 1978 4192 si
2024 4150 2179 4204 esset,
2227 4158 2342 4194 cum
2394 4142 2491 4194 illa
2550 4143 2696 4211 (150)
2727 4143 2963 4199 Historia
2990 4147 3307 4202 Cinnamum

1730 4236 1976 4303 prreferat
2044 4242 2334 4296 auctorem,
2404 4235 2634 4304 frustral
2669 4253 2879 4303 operam
2937 4238 3162 4305 ludunt,
3219 4244 3309 4309 qni

1731 4328 1883 4379 aliter
1924 4328 2215 4395 proferunt,
2262 4329 2564 4393 posteriOris
2614 4332 2952 4397 exscriptoris
2997 4333 3202 4387 incuria
3225 4336 3309 4389 de-

1731 4418 1881 4483 cepti.
1946 4416 2327 4471 Cinnamorum
2375 4421 2565 4473 mentio
2616 4420 2834 4474 habetur
2883 4421 3022 4491 apud
3073 4423 3304 4477 Psellum

1731 4511 1781 4564 Μ
1793 4510 2071 4569 ichaelem;

116 4602 331 4659 laudati
356 4607 645 4674 aquodam
679 4609 883 4662 vinculo
908 4610 1177 4675 liberatus,
1208 4624 1255 4666 et
1280 4616 1438 4668 hilari
1480 4617 1625 4671 vultu
1663 4608 1703 4662 D

1289 4616 1438 4668 Wa".
1480 4617 1625 4671 vim“
1663 4608 1703 4662 Β
1809 4643 1931 4705 Τοῖς
1962 4641 2020 4694 ἓν
2054 4659 2295 4715 πνεουσιγ,
2331 4646 2424 4696 καὶ
2457 4647 2931 4715 συνουσιωμὲνοις,

116 4699 388 4750 adtendere
406 4700 480 4749 ad
510 4698 767 4753 ducentes
813 4701 1055 4771 Angelos,
1100 4721 1199 4771 quo
1234 4709 1381 4759 modo
1407 4710 1634 4776 seipsum

119 4790 281 4839 Fraderet
311 4789 522 4845 illorum
554 4793 825 4859 manibus,
856 4802 912 4846 ut
940 4797 1042 4848 cito
1064 4798 1341 4866 emigraret
1396 4816 1631 4868 corpore.

118 4870 155 4922 Et
178 4880 232 4928 sic
246 4883 439 4947 quidem
470 4894 550 4938 est
576 4896 852 4951 mortuus;
878 4888 1053 4941 omnia
1083 4902 1258 4940 autem
1280 4891 1460 4941 statim
1485 4893 1632 4959 copia

116 4972 247 5021 δεωωὶ
286 4974 454 5029 odoris
482 4976 822 5043 complevit.)
853 4976 952 5040 Qui
987 4979 1275 5031 minutiora
1311 4980 1413 5032 ista
1458 4997 1631 5047 prose-

118 5058 255 5120 (ἐπέην,
303 5079 396 5115 non
445 5075 593 5116 tacet
662 5065 895 5132 majora.
952 5066 1101 5120 Dices
1142 5084 1206 5120 ea:
1271 5070 1632 5122 taciturnitate

117 5161 407 5211 “gementum
452 5155 594 5208 nihil
649 5157 973 5210 concludere.
1035 5159 1100 5209 At
1151 5158 1389 5227 loquente
1452 5162 1630 5213 eodem

119 5233 389 5305 Huaps’iraste
417 5248 473 5299 in
495 5257 665 5300 aetate
688 5258 948 5315 provecta,
977 5264 1137 5302 uxore
1162 5259 1210 5301 et
1236 5250 1363 5316 ﬁliis
1382 5252 1630 5318 impedie-

120 5326 235 5391 batur,
281 5352 498 5402 quorum
541 5339 854 5407 εὐημερίαν
903 5339 999 5390 καὶ
1054 5339 1357 5408 εὐπορίαν,
1417 5340 1629 5395 felicem

120 5432 355 5482 Successum
382 5438 435 5483 et
462 5428 887 5489 abundantiam,
916 5431 1051 5483 inter
1076 5430 1184 5483 alia
1209 5432 1447 5498 promisit
1475 5450 1630 5486 senes:

121 5511 173 5563 ille
195 5516 353 5574 Parius
386 5538 402 5574 :
435 5539 572 5591 quos
606 5522 769 5573 etiam
798 5522 875 5573 illi
916 5524 1217 5589 superstites
1256 5524 1417 5592 fuisse
1449 5524 1624 5577 nullus

120 5604 382 5667 duiitarerit.
432 5612 526 5668 Sic
557 5614 703 5665 enim
757 5613 889 5666 Deus
919 5615 1211 5667 amicorum
1243 5631 1457 5667 suorum
1484 5617 1630 5685 facta

124 5706 309 5753 "Petunt.
347 5702 414 5754 De
461 5716 639 5754 uxore
695 5716 811 5752 cum
851 5704 1145 5769 oppositum
1180 5719 1284 5755 non
1337 5714 1624 5765 asseratur,

124 5786 247 5838 mito
269 5791 380 5855 quid
407 5790 658 5845 dixeris?
703 5790 822 5842 Vide
861 5793 1068 5844 omnino
1105 5791 1263 5844 Pse.’li
1305 5793 1356 5842 in
1391 5793 1626 5845 eumdem

123 5873 283 5931 "ﬁdem
309 5884 394 5935 tibi
422 5884 540 5951 jam
578 5900 610 5934 a
645 5898 722 5935 rue
762 5884 1146 5947 transmissum,
1184 5883 1239 5937 lu
1273 5901 1329 5939 eo
1356 5900 1478 5940 sane
1506 5902 1618 5938 cum

1810 4714 2216 4785 ξυγζλητιδςοῖς,
2253 4714 2476 4782 ἄρχουσι
2498 4716 2595 4783 τῆς
2635 4714 2979 4785 Ἐκκλησίαε,

1811 4782 2061 4854 Βὰρδαις,
2097 4783 2419 4854 ιίροκοπίοις
2448 4802 2528 4845 τε,
2556 4782 2868 4854 Κιννάμοίς
2903 4788 3086 4851 πλέον,

1821 4852 2163 4923 ὐστιαρίοίςῖ
2200 4852 2716 4923 ίΎπομιμνήσκουσί
2750 4852 2835 4918 σε,

1798 4922 2051 4987 κλητοῖς,
2080 4920 2359 4989 ἀκλήτοιςέ
2388 4920 2701 4990 γνωρίμοις,
2739 4926 3066 4992 ἀνωνύμοις,

1806 4992 2068 5058 ΙΙρώτοις,
2108 4992 2402 5057 μεγίστοις,
2435 4994 2702 5060 ἐσχάτοις.
2739 4999 3126 5062 παρετχάτοις,

1818 5062 1999 5127 Ἐμοῖς
2036 5060 2283 5131 ἀδελφοῖς
2305 5066 2403 5113 καὶ·
2430 5063 2620 5131 φίλοις,
2652 5064 2741 5113 καὶ
2767 5060 3105 5131 σύντρῦρ-ιις,

1804 5130 1883 5181 Τὰ
1912 5130 2085 5201 πάντα
2119 5130 2326 5201 μίγδην
2340 5132 2448 5201 τοῖς
2470 5130 2601 5195 ὁμοῦ
2642 5130 3019 5201 μεμιγμένοις.

1798 5200 1870 5248 Οὐ
1902 5200 2007 5265 γὰρ
2043 5198 2271 5268 διαιρεῖν
2306 5199 2562 5267 βούλομαι
2596 5198 2689 5261 τὰς
2716 5198 2889 5264 ἀξίας.

1802 5270 1936 5337 υρδὲ
1968 5268 2162 5335 φθόνου
2199 5268 2530 5337 πρόσκομμα
2558 5271 2801 5335 γίνεσῡαι
2827 5273 2983 5325 ῠέλω.

1803 5335 1892 5401 Εἷς
1926 5342 2059 5407 εἰμι,
2099 5338 2189 5388 καὶ
2219 5335 2737 5401 κάτοιδαδεσπότην
2766 5342 2880 5402 ἕνα,

1806 5412 1912 5460 Καὶ
1940 5414 2146 5469 πάντας
2178 5407 2321 5475 ὑμᾶς
2350 5409 2943 5478 ὀμογνωμονήσανταςῖ

1734 5516 1943 5570 Vivebat
1988 5517 2028 5569 is
2062 5516 2153 5569 sub
2187 5514 2432 5569 Manuele
2466 5516 2749 5583 Cornneno,
2811 5522 2962 5590 cujus
2993 5541 3073 5577 res
3128 5538 3298 5595 gestas

1731 5610 1967 5663 oculatus
2001 5611 2110 5675 ipse
2150 5610 2293 5661 testis
2328 5609 2563 5677 pluribus
2595 5610 2745 5664 libris
2779 5612 3015 5682 digessit.
3042 5620 3303 5685 quemad-

1730 5706 1938 5756 modum
1957 5712 2003 5754 et
2033 5702 2253 5757 Joannis
2284 5703 2553 5757 Mannelis
2607 5710 2797 5773 patris.
2834 5708 2896 5762 In
2924 5713 3100 5765 codice
3125 5722 3301 5768 tamen

1744 5793 1992 5843 Vaticano
2026 5792 2343 5860 principium
2369 5796 2601 5861 septimi,
2624 5813 2715 5850 nec
2746 5799 2913 5865 ultra,
2938 5800 3126 5872 legitur
3152 5802 3302 5868 Quod

1732 5884 1851 5937 ind.-
1888 5886 2081 5952 fartum
2105 5885 2360 5947 existimo,
2386 5886 2524 5956 quod
2567 5888 2651 5943 ille
2686 5892 2843 5945 codex
2881 5895 3292 5962 crsrribebatur,
