  <div class='ocr_page' id='page_1' title='image "/cluster/home/n/w/nwhite01/storage/ocr_20150623/114/nnc1.0046980210/100.png"; bbox 0 0 4162 6474; ppageno 0'>
   <div class='ocr_carea' id='block_1_1' title="bbox 136 432 2435 501">
    <p class='ocr_par' dir='ltr' id='par_1_1' title="bbox 136 432 2435 501">
     <span class='ocr_line' id='line_1_1' title="bbox 136 432 2435 501; baseline -0.002 0"><span class='ocrx_word' id='word_1_1' title='bbox 136 436 214 501; x_wconf 72' lang='lat'><strong>131</strong></span> <span class='ocrx_word' id='word_1_2' title='bbox 1097 434 1194 494; x_wconf 90' lang='lat' dir='ltr'><strong>DE</strong></span> <span class='ocrx_word' id='word_1_3' title='bbox 1236 432 1775 493; x_wconf 80' lang='lat' dir='ltr'><strong>AUCTOItlTATE</strong></span> <span class='ocrx_word' id='word_1_4' title='bbox 1819 434 2435 497; x_wconf 64' lang='lat' dir='ltr'><strong>METAPllltAST/E.</strong></span> 
     </span>
    </p>
   </div>
   <div class='ocr_carea' id='block_1_2' title="bbox 3287 432 3387 498">
    <p class='ocr_par' dir='ltr' id='par_1_2' title="bbox 3287 432 3387 498">
     <span class='ocr_line' id='line_1_2' title="bbox 3287 432 3387 498; baseline 0 -3"><span class='ocrx_word' id='word_1_5' title='bbox 3287 432 3387 498; x_wconf 69' lang='lat'><strong>182</strong></span> 
     </span>
    </p>
   </div>
   <div class='ocr_carea' id='block_1_3' title="bbox 135 546 3391 618">
    <p class='ocr_par' dir='ltr' id='par_1_3' title="bbox 135 546 3391 618">
     <span class='ocr_line' id='line_1_3' title="bbox 135 546 3391 618; baseline -0.002 -10"><span class='ocrx_word' id='word_1_6' title='bbox 135 566 181 609; x_wconf 90' lang='lat' dir='ltr'><strong>ut</strong></span> <span class='ocrx_word' id='word_1_7' title='bbox 202 551 538 607; x_wconf 83' lang='lat' dir='ltr'><strong>Christianus</strong></span> <span class='ocrx_word' id='word_1_8' title='bbox 578 559 635 605; x_wconf 89' lang='lat' dir='ltr'><strong>et</strong></span> <span class='ocrx_word' id='word_1_9' title='bbox 658 547 962 618; x_wconf 77' lang='lat' dir='ltr'><strong>presbyter,</strong></span> <span class='ocrx_word' id='word_1_10' title='bbox 1011 557 1067 601; x_wconf 90' lang='lat' dir='ltr'><strong>et</strong></span> <span class='ocrx_word' id='word_1_11' title='bbox 1110 546 1202 616; x_wconf 87' lang='lat' dir='ltr'><strong>qui</strong></span> <span class='ocrx_word' id='word_1_12' title='bbox 1250 546 1533 616; x_wconf 88' lang='lat' dir='ltr'><strong>professus</strong></span> <span class='ocrx_word' id='word_1_13' title='bbox 1578 552 1692 598; x_wconf 87' lang='lat' dir='ltr'><strong>erat</strong></span> <span class='ocrx_word' id='word_1_14' title='bbox 1726 546 1771 601; x_wconf 77' lang='grc' dir='ltr'>Α</span> <span class='ocrx_word' id='word_1_15' title='bbox 1873 548 1936 599; x_wconf 77' lang='lat' dir='ltr'><strong>Et</strong></span> <span class='ocrx_word' id='word_1_16' title='bbox 1963 564 2087 601; x_wconf 71' lang='lat' dir='ltr'><strong>eum</strong></span> <span class='ocrx_word' id='word_1_17' title='bbox 2123 550 2367 604; x_wconf 89' lang='lat' dir='ltr'><strong>venisset</strong></span> <span class='ocrx_word' id='word_1_18' title='bbox 2398 550 2464 604; x_wconf 88' lang='lat' dir='ltr'><strong>ad</strong></span> <span class='ocrx_word' id='word_1_19' title='bbox 2493 550 2668 604; x_wconf 88' lang='lat' dir='ltr'><strong>locum</strong></span> <span class='ocrx_word' id='word_1_20' title='bbox 2701 549 2752 602; x_wconf 92' lang='lat' dir='ltr'><strong>in</strong></span> <span class='ocrx_word' id='word_1_21' title='bbox 2778 564 2887 617; x_wconf 90' lang='lat' dir='ltr'><strong>quo</strong></span> <span class='ocrx_word' id='word_1_22' title='bbox 2917 562 3034 602; x_wconf 84' lang='lat' dir='ltr'><strong>erat</strong></span> <span class='ocrx_word' id='word_1_23' title='bbox 3072 548 3391 608; x_wconf 80' lang='lat' dir='ltr'><strong>interimen-</strong></span> 
     </span>
    </p>
   </div>
   <div class='ocr_carea' id='block_1_4' title="bbox 133 642 474 701">
    <p class='ocr_par' dir='ltr' id='par_1_4' title="bbox 133 642 474 701">
     <span class='ocr_line' id='line_1_4' title="bbox 133 642 474 701; baseline -0.021 0"><span class='ocrx_word' id='word_1_24' title='bbox 133 644 303 701; x_wconf 75' lang='lat' dir='ltr'><strong>serrire</strong></span> <span class='ocrx_word' id='word_1_25' title='bbox 341 642 474 696; x_wconf 93' lang='lat' dir='ltr'><strong>Deo.</strong></span> 
     </span>
    </p>
   </div>
   <div class='ocr_carea' id='block_1_5' title="bbox 187 727 1696 798">
    <p class='ocr_par' dir='ltr' id='par_1_5' title="bbox 187 727 1696 798">
     <span class='ocr_line' id='line_1_5' title="bbox 187 727 1696 798; baseline -0.009 -9"><span class='ocrx_word' id='word_1_26' title='bbox 187 737 303 789; x_wconf 85' lang='lat' dir='ltr'><strong>Cum</strong></span> <span class='ocrx_word' id='word_1_27' title='bbox 336 736 453 789; x_wconf 63' lang='lat' dir='ltr'><strong>bare</strong></span> <span class='ocrx_word' id='word_1_28' title='bbox 476 744 661 788; x_wconf 84' lang='lat' dir='ltr'><strong>autem</strong></span> <span class='ocrx_word' id='word_1_29' title='bbox 688 733 767 787; x_wconf 82' lang='lat' dir='ltr'><strong>sic</strong></span> <span class='ocrx_word' id='word_1_30' title='bbox 788 730 1001 793; x_wconf 87' lang='lat' dir='ltr'><strong>tierent,</strong></span> <span class='ocrx_word' id='word_1_31' title='bbox 1026 738 1251 798; x_wconf 81' lang='lat' dir='ltr'><strong>repente</strong></span> <span class='ocrx_word' id='word_1_32' title='bbox 1276 727 1491 781; x_wconf 74' lang='lat' dir='ltr'><strong>exsistit</strong></span> <span class='ocrx_word' id='word_1_33' title='bbox 1510 741 1696 795; x_wconf 79' lang='lat' dir='ltr'><strong>perse-</strong></span> 
     </span>
    </p>
   </div>
   <div class='ocr_carea' id='block_1_6' title="bbox 134 820 1695 897">
    <p class='ocr_par' dir='ltr' id='par_1_6' title="bbox 134 820 1695 897">
     <span class='ocr_line' id='line_1_6' title="bbox 134 820 1695 897; baseline -0.009 -12"><span class='ocrx_word' id='word_1_34' title='bbox 134 831 253 885; x_wconf 74' lang='lat' dir='ltr'><strong>cutio</strong></span> <span class='ocrx_word' id='word_1_35' title='bbox 296 838 349 881; x_wconf 85' lang='lat' dir='ltr'><strong>et</strong></span> <span class='ocrx_word' id='word_1_36' title='bbox 392 844 587 897; x_wconf 87' lang='lat' dir='ltr'><strong>magna</strong></span> <span class='ocrx_word' id='word_1_37' title='bbox 641 825 866 881; x_wconf 83' lang='lat' dir='ltr'><strong>afflictio</strong></span> <span class='ocrx_word' id='word_1_38' title='bbox 904 825 957 877; x_wconf 91' lang='lat' dir='ltr'><strong>in</strong></span> <span class='ocrx_word' id='word_1_39' title='bbox 1008 822 1298 876; x_wconf 86' lang='lat' dir='ltr'><strong>Antiochia</strong></span> <span class='ocrx_word' id='word_1_40' title='bbox 1347 821 1571 875; x_wconf 86' lang='lat' dir='ltr'><strong>civitate</strong></span> <span class='ocrx_word' id='word_1_41' title='bbox 1606 820 1695 872; x_wconf 87' lang='lat' dir='ltr'><strong>ubi</strong></span> 
     </span>
    </p>
   </div>
   <div class='ocr_carea' id='block_1_7' title="bbox 134 912 1697 986">
    <p class='ocr_par' dir='ltr' id='par_1_7' title="bbox 134 912 1697 986">
     <span class='ocr_line' id='line_1_7' title="bbox 134 912 1697 986; baseline -0.007 -12"><span class='ocrx_word' id='word_1_42' title='bbox 134 924 268 974; x_wconf 80' lang='lat' dir='ltr'><strong>ambo</strong></span> <span class='ocrx_word' id='word_1_43' title='bbox 316 919 673 982; x_wconf 86' lang='lat' dir='ltr'><strong>habitabant,</strong></span> <span class='ocrx_word' id='word_1_44' title='bbox 724 925 779 970; x_wconf 90' lang='lat' dir='ltr'><strong>et</strong></span> <span class='ocrx_word' id='word_1_45' title='bbox 833 914 1258 986; x_wconf 66' lang='lat' dir='ltr'><strong>apprehenditur</strong></span> <span class='ocrx_word' id='word_1_46' title='bbox 1307 912 1584 983; x_wconf 73' lang='lat' dir='ltr'><strong>Saprii-ius</strong></span> <span class='ocrx_word' id='word_1_47' title='bbox 1644 922 1697 964; x_wconf 77' lang='lat' dir='ltr'><strong>ut</strong></span> 
     </span>
    </p>
   </div>
   <div class='ocr_carea' id='block_1_8' title="bbox 134 1006 1695 1077">
    <p class='ocr_par' dir='ltr' id='par_1_8' title="bbox 134 1006 1695 1077">
     <span class='ocr_line' id='line_1_8' title="bbox 134 1006 1695 1077; baseline -0.007 -10"><span class='ocrx_word' id='word_1_48' title='bbox 134 1013 453 1073; x_wconf 79' lang='lat' dir='ltr'><strong>Christianus,</strong></span> <span class='ocrx_word' id='word_1_49' title='bbox 477 1021 530 1065; x_wconf 84' lang='lat' dir='ltr'><strong>ct</strong></span> <span class='ocrx_word' id='word_1_50' title='bbox 565 1010 797 1065; x_wconf 86' lang='lat' dir='ltr'><strong>traditur</strong></span> <span class='ocrx_word' id='word_1_51' title='bbox 822 1008 1037 1077; x_wconf 70' lang='lat' dir='ltr'><strong>praesidi</strong></span> <span class='ocrx_word' id='word_1_52' title='bbox 1060 1026 1070 1060; x_wconf 91' lang='lat'>:</span> <span class='ocrx_word' id='word_1_53' title='bbox 1097 1016 1152 1060; x_wconf 77' lang='lat' dir='ltr'><strong>et</strong></span> <span class='ocrx_word' id='word_1_54' title='bbox 1176 1006 1327 1061; x_wconf 84' lang='lat' dir='ltr'><strong>stetit</strong></span> <span class='ocrx_word' id='word_1_55' title='bbox 1349 1015 1477 1059; x_wconf 85' lang='lat' dir='ltr'><strong>ante</strong></span> <span class='ocrx_word' id='word_1_56' title='bbox 1498 1007 1695 1073; x_wconf 82' lang='lat' dir='ltr'><strong>ipsum,</strong></span> 
     </span>
    </p>
   </div>
   <div class='ocr_carea' id='block_1_9' title="bbox 134 1099 1698 1172">
    <p class='ocr_par' dir='ltr' id='par_1_9' title="bbox 134 1099 1698 1172">
     <span class='ocr_line' id='line_1_9' title="bbox 134 1099 1698 1172; baseline -0.005 -14"><span class='ocrx_word' id='word_1_57' title='bbox 134 1105 301 1158; x_wconf 76' lang='lat' dir='ltr'><strong>etdixit</strong></span> <span class='ocrx_word' id='word_1_58' title='bbox 331 1105 381 1158; x_wconf 88' lang='lat' dir='ltr'><strong>ei</strong></span> <span class='ocrx_word' id='word_1_59' title='bbox 404 1120 641 1172; x_wconf 74' lang='lat' dir='ltr'><strong>pneses:</strong></span> <span class='ocrx_word' id='word_1_60' title='bbox 671 1102 825 1167; x_wconf 86' lang='lat' dir='ltr'><strong>Quod</strong></span> <span class='ocrx_word' id='word_1_61' title='bbox 861 1110 1161 1156; x_wconf 91' lang='lat' dir='ltr'><strong>estnomen</strong></span> <span class='ocrx_word' id='word_1_62' title='bbox 1186 1099 1379 1153; x_wconf 86' lang='lat' dir='ltr'><strong>tuum?</strong></span> <span class='ocrx_word' id='word_1_63' title='bbox 1411 1099 1698 1152; x_wconf 86' lang='lat' dir='ltr'><strong>llleauteni</strong></span> 
     </span>
    </p>
   </div>
   <div class='ocr_carea' id='block_1_10' title="bbox 135 1190 1697 1265">
    <p class='ocr_par' dir='ltr' id='par_1_10' title="bbox 135 1190 1697 1265">
     <span class='ocr_line' id='line_1_10' title="bbox 135 1190 1697 1265; baseline -0.004 -16"><span class='ocrx_word' id='word_1_64' title='bbox 135 1198 281 1249; x_wconf 71' lang='lat' dir='ltr'><strong>dixit:</strong></span> <span class='ocrx_word' id='word_1_65' title='bbox 337 1196 514 1249; x_wconf 77' lang='lat' dir='ltr'><strong>Vocor</strong></span> <span class='ocrx_word' id='word_1_66' title='bbox 561 1194 863 1265; x_wconf 85' lang='lat' dir='ltr'><strong>Sapricius.</strong></span> <span class='ocrx_word' id='word_1_67' title='bbox 924 1193 1071 1247; x_wconf 84' lang='lat' dir='ltr'><strong>Dixit</strong></span> <span class='ocrx_word' id='word_1_68' title='bbox 1112 1208 1350 1261; x_wconf 76' lang='lat' dir='ltr'><strong>pra:ses:</strong></span> <span class='ocrx_word' id='word_1_69' title='bbox 1396 1190 1697 1259; x_wconf 85' lang='lat' dir='ltr'><strong>Cujusnam</strong></span> 
     </span>
    </p>
   </div>
   <div class='ocr_carea' id='block_1_11' title="bbox 136 1284 1695 1357">
    <p class='ocr_par' dir='ltr' id='par_1_11' title="bbox 136 1284 1695 1357">
     <span class='ocr_line' id='line_1_11' title="bbox 136 1284 1695 1357; baseline -0.004 -14"><span class='ocrx_word' id='word_1_70' title='bbox 136 1306 183 1343; x_wconf 78' lang='lat' dir='ltr'><strong>es</strong></span> <span class='ocrx_word' id='word_1_71' title='bbox 233 1289 446 1357; x_wconf 81' lang='lat' dir='ltr'><strong>generis</strong></span> <span class='ocrx_word' id='word_1_72' title='bbox 490 1289 512 1340; x_wconf 71' lang='grc' dir='ltr'><strong>’ἒ</strong></span> <span class='ocrx_word' id='word_1_73' title='bbox 587 1289 733 1343; x_wconf 80' lang='lat' dir='ltr'><strong>Dixit</strong></span> <span class='ocrx_word' id='word_1_74' title='bbox 779 1287 1099 1357; x_wconf 88' lang='lat' dir='ltr'><strong>Saprieius:</strong></span> <span class='ocrx_word' id='word_1_75' title='bbox 1161 1286 1293 1340; x_wconf 90' lang='lat' dir='ltr'><strong>Sum</strong></span> <span class='ocrx_word' id='word_1_76' title='bbox 1330 1284 1695 1339; x_wconf 85' lang='lat' dir='ltr'><strong>Christianus.</strong></span> 
     </span>
    </p>
   </div>
   <div class='ocr_carea' id='block_1_12' title="bbox 138 1377 1699 1447">
    <p class='ocr_par' dir='ltr' id='par_1_12' title="bbox 138 1377 1699 1447">
     <span class='ocr_line' id='line_1_12' title="bbox 138 1377 1699 1447; baseline -0.002 -13"><span class='ocrx_word' id='word_1_77' title='bbox 138 1381 314 1434; x_wconf 71' lang='lat' dir='ltr'><strong>l‘rceses</strong></span> <span class='ocrx_word' id='word_1_78' title='bbox 338 1380 481 1434; x_wconf 79' lang='lat' dir='ltr'><strong>dixit</strong></span> <span class='ocrx_word' id='word_1_79' title='bbox 507 1399 520 1433; x_wconf 93' lang='lat'><strong>:</strong></span> <span class='ocrx_word' id='word_1_80' title='bbox 554 1380 625 1433; x_wconf 86' lang='lat' dir='ltr'><strong>Es</strong></span> <span class='ocrx_word' id='word_1_81' title='bbox 658 1380 935 1433; x_wconf 81' lang='lat' dir='ltr'><strong>clericus?</strong></span> <span class='ocrx_word' id='word_1_82' title='bbox 969 1378 1113 1432; x_wconf 76' lang='lat' dir='ltr'><strong>Dixit</strong></span> <span class='ocrx_word' id='word_1_83' title='bbox 1142 1377 1421 1447; x_wconf 78' lang='lat' dir='ltr'><strong>Sapricius</strong></span> <span class='ocrx_word' id='word_1_84' title='bbox 1449 1398 1460 1432; x_wconf 92' lang='lat'>:</span> <span class='ocrx_word' id='word_1_85' title='bbox 1496 1378 1699 1432; x_wconf 80' lang='lat' dir='ltr'><strong>Locum</strong></span> 
     </span>
    </p>
   </div>
   <div class='ocr_carea' id='block_1_13' title="bbox 138 1470 1702 1543">
    <p class='ocr_par' dir='ltr' id='par_1_13' title="bbox 138 1470 1702 1543">
     <span class='ocr_line' id='line_1_13' title="bbox 138 1470 1702 1543; baseline -0.001 -17"><span class='ocrx_word' id='word_1_86' title='bbox 138 1483 271 1528; x_wconf 86' lang='lat' dir='ltr'><strong>teneo</strong></span> <span class='ocrx_word' id='word_1_87' title='bbox 314 1474 647 1543; x_wconf 73' lang='lat' dir='ltr'><strong>presbyteri.</strong></span> <span class='ocrx_word' id='word_1_88' title='bbox 716 1472 857 1527; x_wconf 86' lang='lat' dir='ltr'><strong>Dicit</strong></span> <span class='ocrx_word' id='word_1_89' title='bbox 887 1488 1090 1542; x_wconf 72' lang='lat' dir='ltr'><strong>praeses</strong></span> <span class='ocrx_word' id='word_1_90' title='bbox 1124 1490 1136 1524; x_wconf 91' lang='lat'><strong>:</strong></span> <span class='ocrx_word' id='word_1_91' title='bbox 1177 1474 1407 1542; x_wconf 78' lang='lat' dir='ltr'><strong>Augusti</strong></span> <span class='ocrx_word' id='word_1_92' title='bbox 1451 1470 1621 1525; x_wconf 86' lang='lat' dir='ltr'><strong>nostri</strong></span> <span class='ocrx_word' id='word_1_93' title='bbox 1647 1478 1702 1524; x_wconf 89' lang='lat' dir='ltr'><strong>et</strong></span> 
     </span>
    </p>
   </div>
   <div class='ocr_carea' id='block_1_14' title="bbox 136 1561 1701 1635">
    <p class='ocr_par' dir='ltr' id='par_1_14' title="bbox 136 1561 1701 1635">
     <span class='ocr_line' id='line_1_14' title="bbox 136 1561 1701 1635; baseline -0.002 -15"><span class='ocrx_word' id='word_1_94' title='bbox 136 1566 309 1620; x_wconf 85' lang='lat' dir='ltr'><strong>domini</strong></span> <span class='ocrx_word' id='word_1_95' title='bbox 336 1567 512 1633; x_wconf 83' lang='lat' dir='ltr'><strong>hujus</strong></span> <span class='ocrx_word' id='word_1_96' title='bbox 555 1566 795 1635; x_wconf 82' lang='lat' dir='ltr'><strong>regionis</strong></span> <span class='ocrx_word' id='word_1_97' title='bbox 824 1574 876 1619; x_wconf 89' lang='lat' dir='ltr'><strong>et</strong></span> <span class='ocrx_word' id='word_1_98' title='bbox 903 1565 1092 1618; x_wconf 78' lang='lat' dir='ltr'><strong>finium</strong></span> <span class='ocrx_word' id='word_1_99' title='bbox 1117 1565 1513 1627; x_wconf 75' lang='lat' dir='ltr'><strong>Romanorum,</strong></span> <span class='ocrx_word' id='word_1_100' title='bbox 1546 1561 1701 1617; x_wconf 84' lang='lat' dir='ltr'><strong>Valc-</strong></span> 
     </span>
    </p>
   </div>
   <div class='ocr_carea' id='block_1_15' title="bbox 141 1656 1701 1727">
    <p class='ocr_par' dir='ltr' id='par_1_15' title="bbox 141 1656 1701 1727">
     <span class='ocr_line' id='line_1_15' title="bbox 141 1656 1701 1727; baseline -0.001 -16"><span class='ocrx_word' id='word_1_101' title='bbox 141 1662 299 1711; x_wconf 80' lang='lat' dir='ltr'><strong>rianus</strong></span> <span class='ocrx_word' id='word_1_102' title='bbox 343 1668 397 1711; x_wconf 91' lang='lat' dir='ltr'><strong>et</strong></span> <span class='ocrx_word' id='word_1_103' title='bbox 429 1657 621 1711; x_wconf 87' lang='lat' dir='ltr'><strong>Callus</strong></span> <span class='ocrx_word' id='word_1_104' title='bbox 652 1656 1016 1727; x_wconf 71' lang='lat' dir='ltr'><strong>[Gallienus],</strong></span> <span class='ocrx_word' id='word_1_105' title='bbox 1061 1657 1348 1723; x_wconf 82' lang='lat' dir='ltr'><strong>jusserunt</strong></span> <span class='ocrx_word' id='word_1_106' title='bbox 1400 1664 1475 1719; x_wconf 88' lang='lat' dir='ltr'><strong>ut,</strong></span> <span class='ocrx_word' id='word_1_107' title='bbox 1520 1656 1701 1724; x_wconf 89' lang='lat' dir='ltr'><strong>quise</strong></span> 
     </span>
    </p>
   </div>
   <div class='ocr_carea' id='block_1_16' title="bbox 139 1748 1700 1812">
    <p class='ocr_par' dir='ltr' id='par_1_16' title="bbox 139 1748 1700 1812">
     <span class='ocr_line' id='line_1_16' title="bbox 139 1748 1700 1812; baseline -0.001 -10"><span class='ocrx_word' id='word_1_108' title='bbox 139 1751 299 1803; x_wconf 89' lang='lat' dir='ltr'><strong>dicunt</strong></span> <span class='ocrx_word' id='word_1_109' title='bbox 326 1764 449 1804; x_wconf 90' lang='lat' dir='ltr'><strong>esse</strong></span> <span class='ocrx_word' id='word_1_110' title='bbox 472 1750 843 1812; x_wconf 83' lang='lat' dir='ltr'><strong>Christianos,</strong></span> <span class='ocrx_word' id='word_1_111' title='bbox 892 1749 1204 1803; x_wconf 84' lang='lat' dir='ltr'><strong>sacriﬁcent</strong></span> <span class='ocrx_word' id='word_1_112' title='bbox 1245 1748 1347 1803; x_wconf 86' lang='lat' dir='ltr'><strong>diis</strong></span> <span class='ocrx_word' id='word_1_113' title='bbox 1374 1749 1700 1802; x_wconf 88' lang='lat' dir='ltr'><strong>immortali-</strong></span> 
     </span>
    </p>
   </div>
   <div class='ocr_carea' id='block_1_17' title="bbox 138 1840 1698 1911">
    <p class='ocr_par' dir='ltr' id='par_1_17' title="bbox 138 1840 1698 1911">
     <span class='ocr_line' id='line_1_17' title="bbox 138 1840 1698 1911; baseline 0 -18"><span class='ocrx_word' id='word_1_114' title='bbox 138 1842 238 1894; x_wconf 92' lang='lat' dir='ltr'><strong>bus.</strong></span> <span class='ocrx_word' id='word_1_115' title='bbox 278 1842 328 1894; x_wconf 86' lang='lat' dir='ltr'><strong>Si</strong></span> <span class='ocrx_word' id='word_1_116' title='bbox 358 1842 486 1909; x_wconf 90' lang='lat' dir='ltr'><strong>quis</strong></span> <span class='ocrx_word' id='word_1_117' title='bbox 533 1857 661 1895; x_wconf 85' lang='lat' dir='ltr'><strong>vero</strong></span> <span class='ocrx_word' id='word_1_118' title='bbox 690 1842 1020 1910; x_wconf 87' lang='lat' dir='ltr'><strong>despiciens,</strong></span> <span class='ocrx_word' id='word_1_119' title='bbox 1060 1841 1269 1911; x_wconf 86' lang='lat' dir='ltr'><strong>respuit</strong></span> <span class='ocrx_word' id='word_1_120' title='bbox 1307 1840 1408 1894; x_wconf 87' lang='lat' dir='ltr'><strong>hoc</strong></span> <span class='ocrx_word' id='word_1_121' title='bbox 1440 1842 1698 1906; x_wconf 83' lang='lat' dir='ltr'><strong>edictum,</strong></span> 
     </span>
    </p>
   </div>
   <div class='ocr_carea' id='block_1_18' title="bbox 142 1934 1699 2004">
    <p class='ocr_par' dir='ltr' id='par_1_18' title="bbox 142 1934 1699 2004">
     <span class='ocr_line' id='line_1_18' title="bbox 142 1934 1699 2004; baseline 0 -16"><span class='ocrx_word' id='word_1_122' title='bbox 142 1936 253 1988; x_wconf 88' lang='lat' dir='ltr'><strong>sciat</strong></span> <span class='ocrx_word' id='word_1_123' title='bbox 277 1950 331 1989; x_wconf 88' lang='lat' dir='ltr'><strong>se</strong></span> <span class='ocrx_word' id='word_1_124' title='bbox 360 1935 598 1989; x_wconf 80' lang='lat' dir='ltr'><strong>diversis</strong></span> <span class='ocrx_word' id='word_1_125' title='bbox 628 1934 915 1988; x_wconf 88' lang='lat' dir='ltr'><strong>tormentis</strong></span> <span class='ocrx_word' id='word_1_126' title='bbox 942 1944 997 1987; x_wconf 90' lang='lat' dir='ltr'><strong>et</strong></span> <span class='ocrx_word' id='word_1_127' title='bbox 1025 1934 1309 2004; x_wconf 82' lang='lat' dir='ltr'><strong>suppliciis</strong></span> <span class='ocrx_word' id='word_1_128' title='bbox 1330 1935 1699 2003; x_wconf 88' lang='lat' dir='ltr'><strong>plectendum,</strong></span> 
     </span>
    </p>
   </div>
   <div class='ocr_carea' id='block_1_19' title="bbox 138 2026 1701 2097">
    <p class='ocr_par' dir='ltr' id='par_1_19' title="bbox 138 2026 1701 2097">
     <span class='ocr_line' id='line_1_19' title="bbox 138 2026 1701 2097; baseline 0 -18"><span class='ocrx_word' id='word_1_129' title='bbox 138 2038 179 2079; x_wconf 85' lang='lat' dir='ltr'><strong>et</strong></span> <span class='ocrx_word' id='word_1_130' title='bbox 211 2027 279 2079; x_wconf 87' lang='lat' dir='ltr'><strong>sic</strong></span> <span class='ocrx_word' id='word_1_131' title='bbox 305 2027 624 2097; x_wconf 86' lang='lat' dir='ltr'><strong>gravissima</strong></span> <span class='ocrx_word' id='word_1_132' title='bbox 670 2035 847 2080; x_wconf 87' lang='lat' dir='ltr'><strong>morte</strong></span> <span class='ocrx_word' id='word_1_133' title='bbox 883 2042 1003 2081; x_wconf 91' lang='lat' dir='ltr'><strong>esse</strong></span> <span class='ocrx_word' id='word_1_134' title='bbox 1047 2028 1553 2080; x_wconf 89' lang='lat' dir='ltr'><strong>condemnandum.</strong></span> <span class='ocrx_word' id='word_1_135' title='bbox 1603 2026 1701 2079; x_wconf 86' lang='lat' dir='ltr'><strong>Sa-</strong></span> 
     </span>
    </p>
   </div>
   <div class='ocr_carea' id='block_1_20' title="bbox 140 2116 1702 2187">
    <p class='ocr_par' dir='ltr' id='par_1_20' title="bbox 140 2116 1702 2187">
     <span class='ocr_line' id='line_1_20' title="bbox 140 2116 1702 2187; baseline 0.001 -18"><span class='ocrx_word' id='word_1_136' title='bbox 140 2118 315 2185; x_wconf 84' lang='lat' dir='ltr'><strong>pricius</strong></span> <span class='ocrx_word' id='word_1_137' title='bbox 346 2125 533 2171; x_wconf 88' lang='lat' dir='ltr'><strong>autem</strong></span> <span class='ocrx_word' id='word_1_138' title='bbox 568 2125 775 2179; x_wconf 84' lang='lat' dir='ltr'><strong>astans,</strong></span> <span class='ocrx_word' id='word_1_139' title='bbox 807 2117 942 2171; x_wconf 83' lang='lat' dir='ltr'><strong>dixit</strong></span> <span class='ocrx_word' id='word_1_140' title='bbox 970 2117 1185 2187; x_wconf 63' lang='lat' dir='ltr'><strong>praesidi</strong></span> <span class='ocrx_word' id='word_1_141' title='bbox 1213 2135 1224 2170; x_wconf 90' lang='lat'><strong>:</strong></span> <span class='ocrx_word' id='word_1_142' title='bbox 1255 2116 1365 2170; x_wconf 72' lang='lat' dir='ltr'><strong>Nos</strong></span> <span class='ocrx_word' id='word_1_143' title='bbox 1382 2117 1702 2179; x_wconf 88' lang='lat' dir='ltr'><strong>Christiani,</strong></span> 
     </span>
    </p>
   </div>
   <div class='ocr_carea' id='block_1_21' title="bbox 139 2208 1703 2279">
    <p class='ocr_par' dir='ltr' id='par_1_21' title="bbox 139 2208 1703 2279">
     <span class='ocr_line' id='line_1_21' title="bbox 139 2208 1703 2279; baseline -0.001 -17"><span class='ocrx_word' id='word_1_144' title='bbox 139 2225 162 2263; x_wconf 84' lang='grc' dir='ltr'><strong><em>ο</em></strong></span> <span class='ocrx_word' id='word_1_145' title='bbox 188 2224 380 2275; x_wconf 71' lang='lat' dir='ltr'><strong>prcses,</strong></span> <span class='ocrx_word' id='word_1_146' title='bbox 404 2208 690 2262; x_wconf 88' lang='lat' dir='ltr'><strong>Christum</strong></span> <span class='ocrx_word' id='word_1_147' title='bbox 717 2208 888 2262; x_wconf 91' lang='lat' dir='ltr'><strong>Deum</strong></span> <span class='ocrx_word' id='word_1_148' title='bbox 922 2208 1187 2263; x_wconf 86' lang='lat' dir='ltr'><strong>habemus</strong></span> <span class='ocrx_word' id='word_1_149' title='bbox 1208 2224 1422 2279; x_wconf 87' lang='lat' dir='ltr'><strong>regem;</strong></span> <span class='ocrx_word' id='word_1_150' title='bbox 1449 2211 1703 2277; x_wconf 90' lang='lat' dir='ltr'><strong>quoniam</strong></span> 
     </span>
    </p>
   </div>
   <div class='ocr_carea' id='block_1_22' title="bbox 139 2301 1700 2369">
    <p class='ocr_par' dir='ltr' id='par_1_22' title="bbox 139 2301 1700 2369">
     <span class='ocr_line' id='line_1_22' title="bbox 139 2301 1700 2369; baseline 0.002 -17"><span class='ocrx_word' id='word_1_151' title='bbox 139 2301 233 2369; x_wconf 86' lang='lat' dir='ltr'><strong>ipse</strong></span> <span class='ocrx_word' id='word_1_152' title='bbox 259 2311 338 2355; x_wconf 90' lang='lat' dir='ltr'><strong>est</strong></span> <span class='ocrx_word' id='word_1_153' title='bbox 372 2301 529 2355; x_wconf 87' lang='lat' dir='ltr'><strong>solus</strong></span> <span class='ocrx_word' id='word_1_154' title='bbox 566 2316 730 2354; x_wconf 90' lang='lat' dir='ltr'><strong>verus</strong></span> <span class='ocrx_word' id='word_1_155' title='bbox 757 2301 921 2364; x_wconf 88' lang='lat' dir='ltr'><strong>Deus,</strong></span> <span class='ocrx_word' id='word_1_156' title='bbox 950 2311 1006 2355; x_wconf 90' lang='lat' dir='ltr'><strong>et</strong></span> <span class='ocrx_word' id='word_1_157' title='bbox 1030 2301 1260 2355; x_wconf 89' lang='lat' dir='ltr'><strong>Creator</strong></span> <span class='ocrx_word' id='word_1_158' title='bbox 1289 2302 1410 2355; x_wconf 70' lang='lat' dir='ltr'><strong>coeli</strong></span> <span class='ocrx_word' id='word_1_159' title='bbox 1440 2310 1496 2355; x_wconf 91' lang='lat' dir='ltr'><strong>et</strong></span> <span class='ocrx_word' id='word_1_160' title='bbox 1523 2312 1700 2365; x_wconf 81' lang='lat' dir='ltr'><strong>teme,</strong></span> 
     </span>
    </p>
   </div>
   <div class='ocr_carea' id='block_1_23' title="bbox 138 2391 1705 2461">
    <p class='ocr_par' dir='ltr' id='par_1_23' title="bbox 138 2391 1705 2461">
     <span class='ocr_line' id='line_1_23' title="bbox 138 2391 1705 2461; baseline 0 -16"><span class='ocrx_word' id='word_1_161' title='bbox 138 2399 182 2445; x_wconf 85' lang='lat' dir='ltr'><strong>et</strong></span> <span class='ocrx_word' id='word_1_162' title='bbox 210 2394 383 2455; x_wconf 84' lang='lat' dir='ltr'><strong>maris,</strong></span> <span class='ocrx_word' id='word_1_163' title='bbox 415 2402 471 2446; x_wconf 87' lang='lat' dir='ltr'><strong>et</strong></span> <span class='ocrx_word' id='word_1_164' title='bbox 504 2394 753 2447; x_wconf 89' lang='lat' dir='ltr'><strong>omnium</strong></span> <span class='ocrx_word' id='word_1_165' title='bbox 785 2408 903 2461; x_wconf 67' lang='lat' dir='ltr'><strong>quae</strong></span> <span class='ocrx_word' id='word_1_166' title='bbox 929 2401 1059 2445; x_wconf 90' lang='lat' dir='ltr'><strong>sunt</strong></span> <span class='ocrx_word' id='word_1_167' title='bbox 1092 2393 1144 2444; x_wconf 90' lang='lat' dir='ltr'><strong>in</strong></span> <span class='ocrx_word' id='word_1_168' title='bbox 1176 2393 1277 2446; x_wconf 90' lang='lat' dir='ltr'><strong>eis.</strong></span> <span class='ocrx_word' id='word_1_169' title='bbox 1329 2391 1533 2445; x_wconf 88' lang='lat' dir='ltr'><strong>Omnes</strong></span> <span class='ocrx_word' id='word_1_170' title='bbox 1579 2407 1705 2445; x_wconf 82' lang='lat' dir='ltr'><strong>vero</strong></span> 
     </span>
    </p>
   </div>
   <div class='ocr_carea' id='block_1_24' title="bbox 138 2482 1707 2555">
    <p class='ocr_par' dir='ltr' id='par_1_24' title="bbox 138 2482 1707 2555">
     <span class='ocr_line' id='line_1_24' title="bbox 138 2482 1707 2555; baseline 0.002 -18"><span class='ocrx_word' id='word_1_171' title='bbox 138 2482 196 2537; x_wconf 88' lang='lat' dir='ltr'><strong>dii</strong></span> <span class='ocrx_word' id='word_1_172' title='bbox 234 2486 497 2555; x_wconf 82' lang='lat' dir='ltr'><strong>gentium,</strong></span> <span class='ocrx_word' id='word_1_173' title='bbox 525 2485 793 2539; x_wconf 67' lang='lat' dir='ltr'><strong>daemonia</strong></span> <span class='ocrx_word' id='word_1_174' title='bbox 822 2502 836 2550; x_wconf 90' lang='lat'><strong>;</strong></span> <span class='ocrx_word' id='word_1_175' title='bbox 874 2494 928 2539; x_wconf 91' lang='lat' dir='ltr'><strong>et</strong></span> <span class='ocrx_word' id='word_1_176' title='bbox 956 2492 1185 2553; x_wconf 82' lang='lat' dir='ltr'><strong>pereant</strong></span> <span class='ocrx_word' id='word_1_177' title='bbox 1212 2500 1243 2537; x_wconf 90' lang='lat' dir='ltr'><strong>a</strong></span> <span class='ocrx_word' id='word_1_178' title='bbox 1271 2484 1407 2538; x_wconf 87' lang='lat' dir='ltr'><strong>facie</strong></span> <span class='ocrx_word' id='word_1_179' title='bbox 1438 2484 1707 2540; x_wconf 70' lang='lat' dir='ltr'><strong>universas</strong></span> 
     </span>
    </p>
   </div>
   <div class='ocr_carea' id='block_1_25' title="bbox 142 2577 1707 2649">
    <p class='ocr_par' dir='ltr' id='par_1_25' title="bbox 142 2577 1707 2649">
     <span class='ocr_line' id='line_1_25' title="bbox 142 2577 1707 2649; baseline 0.002 -18"><span class='ocrx_word' id='word_1_180' title='bbox 142 2586 297 2642; x_wconf 74' lang='lat' dir='ltr'><strong>terrae,</strong></span> <span class='ocrx_word' id='word_1_181' title='bbox 334 2580 426 2649; x_wconf 89' lang='lat' dir='ltr'><strong>qui</strong></span> <span class='ocrx_word' id='word_1_182' title='bbox 460 2595 573 2633; x_wconf 88' lang='lat' dir='ltr'><strong>non</strong></span> <span class='ocrx_word' id='word_1_183' title='bbox 603 2590 834 2649; x_wconf 90' lang='lat' dir='ltr'><strong>possunt</strong></span> <span class='ocrx_word' id='word_1_184' title='bbox 866 2580 1027 2634; x_wconf 88' lang='lat' dir='ltr'><strong>alicui</strong></span> <span class='ocrx_word' id='word_1_185' title='bbox 1061 2594 1220 2647; x_wconf 88' lang='lat' dir='ltr'><strong>opem</strong></span> <span class='ocrx_word' id='word_1_186' title='bbox 1263 2577 1430 2644; x_wconf 84' lang='lat' dir='ltr'><strong>ferre,</strong></span> <span class='ocrx_word' id='word_1_187' title='bbox 1476 2590 1570 2633; x_wconf 89' lang='lat' dir='ltr'><strong>aut</strong></span> <span class='ocrx_word' id='word_1_188' title='bbox 1602 2581 1707 2634; x_wconf 83' lang='lat' dir='ltr'><strong>ali-</strong></span> 
     </span>
    </p>
   </div>
   <div class='ocr_carea' id='block_1_26' title="bbox 140 2672 1704 2743">
    <p class='ocr_par' dir='ltr' id='par_1_26' title="bbox 140 2672 1704 2743">
     <span class='ocr_line' id='line_1_26' title="bbox 140 2672 1704 2743; baseline 0.001 -18"><span class='ocrx_word' id='word_1_189' title='bbox 140 2686 275 2739; x_wconf 85' lang='lat' dir='ltr'><strong>quem</strong></span> <span class='ocrx_word' id='word_1_190' title='bbox 294 2672 495 2726; x_wconf 60' lang='lat' dir='ltr'><strong>ledere</strong></span> <span class='ocrx_word' id='word_1_191' title='bbox 516 2672 923 2743; x_wconf 87' lang='lat' dir='ltr'><strong>autimpedire,</strong></span> <span class='ocrx_word' id='word_1_192' title='bbox 946 2688 1070 2727; x_wconf 91' lang='lat' dir='ltr'><strong>cum</strong></span> <span class='ocrx_word' id='word_1_193' title='bbox 1104 2672 1213 2727; x_wconf 89' lang='lat' dir='ltr'><strong>sint</strong></span> <span class='ocrx_word' id='word_1_194' title='bbox 1248 2690 1409 2743; x_wconf 85' lang='lat' dir='ltr'><strong>opera</strong></span> <span class='ocrx_word' id='word_1_195' title='bbox 1447 2690 1704 2729; x_wconf 90' lang='lat' dir='ltr'><strong>manuum</strong></span> 
     </span>
    </p>
   </div>
   <div class='ocr_carea' id='block_1_27' title="bbox 141 2766 413 2822">
    <p class='ocr_par' dir='ltr' id='par_1_27' title="bbox 141 2766 413 2822">
     <span class='ocr_line' id='line_1_27' title="bbox 141 2766 413 2822; baseline 0.007 -2"><span class='ocrx_word' id='word_1_196' title='bbox 141 2766 413 2822; x_wconf 84' lang='lat' dir='ltr'><strong>hominum.</strong></span> 
     </span>
    </p>
   </div>
   <div class='ocr_carea' id='block_1_28' title="bbox 199 2860 1706 2931">
    <p class='ocr_par' dir='ltr' id='par_1_28' title="bbox 199 2860 1706 2931">
     <span class='ocr_line' id='line_1_28' title="bbox 199 2860 1706 2931; baseline -0.001 -16"><span class='ocrx_word' id='word_1_197' title='bbox 199 2860 337 2916; x_wconf 90' lang='lat' dir='ltr'><strong>Tunc</strong></span> <span class='ocrx_word' id='word_1_198' title='bbox 399 2863 580 2916; x_wconf 84' lang='lat' dir='ltr'><strong>iratus</strong></span> <span class='ocrx_word' id='word_1_199' title='bbox 636 2876 861 2931; x_wconf 64' lang='lat' dir='ltr'><strong>prases,</strong></span> <span class='ocrx_word' id='word_1_200' title='bbox 904 2860 1067 2928; x_wconf 89' lang='lat' dir='ltr'><strong>jussit</strong></span> <span class='ocrx_word' id='word_1_201' title='bbox 1108 2875 1233 2915; x_wconf 91' lang='lat' dir='ltr'><strong>eum</strong></span> <span class='ocrx_word' id='word_1_202' title='bbox 1269 2860 1458 2930; x_wconf 76' lang='lat' dir='ltr'><strong>projici</strong></span> <span class='ocrx_word' id='word_1_203' title='bbox 1499 2861 1552 2915; x_wconf 93' lang='lat' dir='ltr'><strong>in</strong></span> <span class='ocrx_word' id='word_1_204' title='bbox 1614 2877 1706 2916; x_wconf 87' lang='lat' dir='ltr'><strong>co-</strong></span> 
     </span>
    </p>
   </div>
   <div class='ocr_carea' id='block_1_29' title="bbox 139 2954 1706 3027">
    <p class='ocr_par' dir='ltr' id='par_1_29' title="bbox 139 2954 1706 3027">
     <span class='ocr_line' id='line_1_29' title="bbox 139 2954 1706 3027; baseline 0.002 -20"><span class='ocrx_word' id='word_1_205' title='bbox 139 2954 563 3024; x_wconf 82' lang='lat' dir='ltr'><strong>chleam,jubens</strong></span> <span class='ocrx_word' id='word_1_206' title='bbox 588 2971 712 3010; x_wconf 90' lang='lat' dir='ltr'><strong>eum</strong></span> <span class='ocrx_word' id='word_1_207' title='bbox 733 2956 1086 3009; x_wconf 69' lang='lat' dir='ltr'><strong>vehementer</strong></span> <span class='ocrx_word' id='word_1_208' title='bbox 1110 2955 1335 3008; x_wconf 83' lang='lat' dir='ltr'><strong>versari.</strong></span> <span class='ocrx_word' id='word_1_209' title='bbox 1355 2954 1490 3008; x_wconf 91' lang='lat' dir='ltr'><strong>Cum</strong></span> <span class='ocrx_word' id='word_1_210' title='bbox 1510 2956 1554 3009; x_wconf 91' lang='lat' dir='ltr'><strong>is</strong></span> <span class='ocrx_word' id='word_1_211' title='bbox 1580 2972 1706 3027; x_wconf 86' lang='lat' dir='ltr'><strong>ergo</strong></span> 
     </span>
    </p>
   </div>
   <div class='ocr_carea' id='block_1_30' title="bbox 140 3045 1705 3115">
    <p class='ocr_par' dir='ltr' id='par_1_30' title="bbox 140 3045 1705 3115">
     <span class='ocr_line' id='line_1_30' title="bbox 140 3045 1705 3115; baseline 0.001 -18"><span class='ocrx_word' id='word_1_212' title='bbox 140 3046 251 3099; x_wconf 82' lang='lat' dir='ltr'><strong>adeo</strong></span> <span class='ocrx_word' id='word_1_213' title='bbox 277 3047 474 3101; x_wconf 86' lang='lat' dir='ltr'><strong>acerbe</strong></span> <span class='ocrx_word' id='word_1_214' title='bbox 506 3055 566 3099; x_wconf 92' lang='lat' dir='ltr'><strong>et</strong></span> <span class='ocrx_word' id='word_1_215' title='bbox 594 3045 893 3099; x_wconf 84' lang='lat' dir='ltr'><strong>inhumane</strong></span> <span class='ocrx_word' id='word_1_216' title='bbox 930 3053 1298 3113; x_wconf 83' lang='lat' dir='ltr'><strong>torqueretur,</strong></span> <span class='ocrx_word' id='word_1_217' title='bbox 1359 3045 1495 3098; x_wconf 86' lang='lat' dir='ltr'><strong>dixit</strong></span> <span class='ocrx_word' id='word_1_218' title='bbox 1520 3046 1705 3115; x_wconf 87' lang='lat' dir='ltr'><strong>Sapri-</strong></span> 
     </span>
    </p>
   </div>
   <div class='ocr_carea' id='block_1_31' title="bbox 140 3135 1723 3207">
    <p class='ocr_par' dir='ltr' id='par_1_31' title="bbox 140 3135 1723 3207">
     <span class='ocr_line' id='line_1_31' title="bbox 140 3135 1723 3207; baseline 0.001 -19"><span class='ocrx_word' id='word_1_219' title='bbox 140 3135 237 3191; x_wconf 83' lang='lat' dir='ltr'><strong>cius</strong></span> <span class='ocrx_word' id='word_1_220' title='bbox 261 3137 476 3207; x_wconf 66' lang='lat' dir='ltr'><strong>praesidi</strong></span> <span class='ocrx_word' id='word_1_221' title='bbox 504 3156 518 3190; x_wconf 91' lang='lat'>:</span> <span class='ocrx_word' id='word_1_222' title='bbox 547 3136 743 3191; x_wconf 88' lang='lat' dir='ltr'><strong>Carnis</strong></span> <span class='ocrx_word' id='word_1_223' title='bbox 765 3151 900 3191; x_wconf 61' lang='lat' dir='ltr'><strong>mea:</strong></span> <span class='ocrx_word' id='word_1_224' title='bbox 923 3135 1091 3189; x_wconf 88' lang='lat' dir='ltr'><strong>babes</strong></span> <span class='ocrx_word' id='word_1_225' title='bbox 1114 3144 1437 3204; x_wconf 86' lang='lat' dir='ltr'><strong>potestatem</strong></span> <span class='ocrx_word' id='word_1_226' title='bbox 1465 3154 1479 3199; x_wconf 88' lang='lat'><strong>;</strong></span> <span class='ocrx_word' id='word_1_227' title='bbox 1509 3137 1723 3190; x_wconf 75' lang='lat' dir='ltr'><strong>animae‘</strong></span> 
     </span>
    </p>
   </div>
   <div class='ocr_carea' id='block_1_32' title="bbox 1802 638 3388 709">
    <p class='ocr_par' dir='ltr' id='par_1_32' title="bbox 1802 638 3388 709">
     <span class='ocr_line' id='line_1_32' title="bbox 1802 638 3388 709; baseline 0.001 -17"><span class='ocrx_word' id='word_1_228' title='bbox 1802 640 1906 692; x_wconf 90' lang='lat' dir='ltr'><strong>dus</strong></span> <span class='ocrx_word' id='word_1_229' title='bbox 1937 638 2235 709; x_wconf 80' lang='lat' dir='ltr'><strong>Sapricius,</strong></span> <span class='ocrx_word' id='word_1_230' title='bbox 2271 656 2461 695; x_wconf 88' lang='lat' dir='ltr'><strong>rursus</strong></span> <span class='ocrx_word' id='word_1_231' title='bbox 2488 642 2538 695; x_wconf 85' lang='lat' dir='ltr'><strong>ei</strong></span> <span class='ocrx_word' id='word_1_232' title='bbox 2571 642 2707 695; x_wconf 81' lang='lat' dir='ltr'><strong>dixit</strong></span> <span class='ocrx_word' id='word_1_233' title='bbox 2742 640 3111 708; x_wconf 77' lang='lat' dir='ltr'><strong>Nirephorus:</strong></span> <span class='ocrx_word' id='word_1_234' title='bbox 3154 640 3295 709; x_wconf 80' lang='lat' dir='ltr'><strong>Rogo</strong></span> <span class='ocrx_word' id='word_1_235' title='bbox 3321 650 3388 705; x_wconf 77' lang='lat' dir='ltr'><strong>te,</strong></span> 
     </span>
    </p>
   </div>
   <div class='ocr_carea' id='block_1_33' title="bbox 1803 732 3389 802">
    <p class='ocr_par' dir='ltr' id='par_1_33' title="bbox 1803 732 3389 802">
     <span class='ocr_line' id='line_1_33' title="bbox 1803 732 3389 802; baseline 0.002 -19"><span class='ocrx_word' id='word_1_236' title='bbox 1803 742 2008 799; x_wconf 78' lang='lat' dir='ltr'><strong>martyr</strong></span> <span class='ocrx_word' id='word_1_237' title='bbox 2039 732 2256 793; x_wconf 80' lang='lat' dir='ltr'><strong>Christi,</strong></span> <span class='ocrx_word' id='word_1_238' title='bbox 2278 734 2484 801; x_wconf 79' lang='lat' dir='ltr'><strong>ignosce</strong></span> <span class='ocrx_word' id='word_1_239' title='bbox 2518 733 2643 785; x_wconf 81' lang='lat' dir='ltr'><strong>milii</strong></span> <span class='ocrx_word' id='word_1_240' title='bbox 2666 733 2855 802; x_wconf 74' lang='lat' dir='ltr'><strong>siquid</strong></span> <span class='ocrx_word' id='word_1_241' title='bbox 2888 750 2931 800; x_wconf 58' lang='grc' dir='ltr'><strong>να</strong></span> <span class='ocrx_word' id='word_1_242' title='bbox 2970 733 3097 785; x_wconf 70' lang='grc' dir='ltr'><strong>ταν.σί</strong></span> <span class='ocrx_word' id='word_1_243' title='bbox 3123 742 3175 783; x_wconf 87' lang='lat' dir='ltr'><strong>ut</strong></span> <span class='ocrx_word' id='word_1_244' title='bbox 3205 734 3389 786; x_wconf 88' lang='lat' dir='ltr'><strong>homo:</strong></span> 
     </span>
    </p>
   </div>
   <div class='ocr_carea' id='block_1_34' title="bbox 1802 824 3389 898">
    <p class='ocr_par' dir='ltr' id='par_1_34' title="bbox 1802 824 3389 898">
     <span class='ocr_line' id='line_1_34' title="bbox 1802 824 3389 898; baseline 0.003 -23"><span class='ocrx_word' id='word_1_245' title='bbox 1802 825 2067 893; x_wconf 87' lang='lat' dir='ltr'><strong>scriptum</strong></span> <span class='ocrx_word' id='word_1_246' title='bbox 2098 834 2180 880; x_wconf 90' lang='lat' dir='ltr'><strong>est</strong></span> <span class='ocrx_word' id='word_1_247' title='bbox 2213 826 2388 880; x_wconf 86' lang='lat' dir='ltr'><strong>enim:</strong></span> <span class='ocrx_word' id='word_1_248' title='bbox 2417 844 2435 876; x_wconf 74' lang='grc' dir='ltr'>ι</span> <span class='ocrx_word' id='word_1_249' title='bbox 2468 825 2738 888; x_wconf 79' lang='lat' dir='ltr'><strong>Petitc,et</strong></span> <span class='ocrx_word' id='word_1_250' title='bbox 2770 825 2990 878; x_wconf 87' lang='lat' dir='ltr'><strong>dabitur</strong></span> <span class='ocrx_word' id='word_1_251' title='bbox 3027 825 3199 898; x_wconf 85' lang='lat' dir='ltr'><strong>vobis.</strong></span> <span class='ocrx_word' id='word_1_252' title='bbox 3230 842 3247 874; x_wconf 74' lang='grc' dir='ltr'><strong>ι</strong></span> <span class='ocrx_word' id='word_1_253' title='bbox 3283 824 3389 878; x_wconf 86' lang='lat' dir='ltr'><strong>Sed</strong></span> 
     </span>
    </p>
   </div>
   <div class='ocr_carea' id='block_1_35' title="bbox 1802 918 3390 987">
    <p class='ocr_par' dir='ltr' id='par_1_35' title="bbox 1802 918 3390 987">
     <span class='ocr_line' id='line_1_35' title="bbox 1802 918 3390 987; baseline 0 -17"><span class='ocrx_word' id='word_1_254' title='bbox 1802 933 1867 970; x_wconf 88' lang='lat' dir='ltr'><strong>eo</strong></span> <span class='ocrx_word' id='word_1_255' title='bbox 1906 918 2021 972; x_wconf 68' lang='lat' dir='ltr'><strong>haec</strong></span> <span class='ocrx_word' id='word_1_256' title='bbox 2056 918 2292 984; x_wconf 87' lang='lat' dir='ltr'><strong>dicente,</strong></span> <span class='ocrx_word' id='word_1_257' title='bbox 2326 929 2380 974; x_wconf 90' lang='lat' dir='ltr'><strong>et</strong></span> <span class='ocrx_word' id='word_1_258' title='bbox 2409 935 2530 987; x_wconf 73' lang='lat' dir='ltr'><strong>quae</strong></span> <span class='ocrx_word' id='word_1_259' title='bbox 2561 930 2688 974; x_wconf 91' lang='lat' dir='ltr'><strong>sunt</strong></span> <span class='ocrx_word' id='word_1_260' title='bbox 2721 920 2802 973; x_wconf 79' lang='lat' dir='ltr'><strong>his</strong></span> <span class='ocrx_word' id='word_1_261' title='bbox 2830 918 3052 984; x_wconf 78' lang='lat' dir='ltr'><strong>similia,</strong></span> <span class='ocrx_word' id='word_1_262' title='bbox 3089 934 3200 973; x_wconf 81' lang='lat' dir='ltr'><strong>non</strong></span> <span class='ocrx_word' id='word_1_263' title='bbox 3233 919 3390 972; x_wconf 73' lang='lat' dir='ltr'><strong>audi-</strong></span> 
     </span>
    </p>
   </div>
   <div class='ocr_carea' id='block_1_36' title="bbox 1803 1012 3391 1069">
    <p class='ocr_par' dir='ltr' id='par_1_36' title="bbox 1803 1012 3391 1069">
     <span class='ocr_line' id='line_1_36' title="bbox 1803 1012 3391 1069; baseline 0.001 -5"><span class='ocrx_word' id='word_1_264' title='bbox 1803 1013 1879 1065; x_wconf 89' lang='lat' dir='ltr'><strong>vit</strong></span> <span class='ocrx_word' id='word_1_265' title='bbox 1912 1028 2089 1066; x_wconf 63' lang='lat' dir='ltr'><strong>saevus</strong></span> <span class='ocrx_word' id='word_1_266' title='bbox 2122 1023 2175 1067; x_wconf 91' lang='lat' dir='ltr'><strong>ct</strong></span> <span class='ocrx_word' id='word_1_267' title='bbox 2206 1014 2376 1068; x_wconf 91' lang='lat' dir='ltr'><strong>durus</strong></span> <span class='ocrx_word' id='word_1_268' title='bbox 2416 1014 2659 1067; x_wconf 89' lang='lat' dir='ltr'><strong>amicus:</strong></span> <span class='ocrx_word' id='word_1_269' title='bbox 2708 1030 2811 1069; x_wconf 88' lang='lat' dir='ltr'><strong>nec</strong></span> <span class='ocrx_word' id='word_1_270' title='bbox 2858 1012 3033 1068; x_wconf 84' lang='lat' dir='ltr'><strong>flexus</strong></span> <span class='ocrx_word' id='word_1_271' title='bbox 3072 1023 3155 1067; x_wconf 83' lang='lat' dir='ltr'><strong>est</strong></span> <span class='ocrx_word' id='word_1_272' title='bbox 3191 1012 3391 1067; x_wconf 83' lang='lat' dir='ltr'><strong>sodalis</strong></span> 
     </span>
    </p>
   </div>
   <div class='ocr_carea' id='block_1_37' title="bbox 1801 1104 3393 1175">
    <p class='ocr_par' dir='ltr' id='par_1_37' title="bbox 1801 1104 3393 1175">
     <span class='ocr_line' id='line_1_37' title="bbox 1801 1104 3393 1175; baseline -0.001 -18"><span class='ocrx_word' id='word_1_273' title='bbox 1801 1104 2162 1173; x_wconf 86' lang='lat' dir='ltr'><strong>asperrimus,</strong></span> <span class='ocrx_word' id='word_1_274' title='bbox 2200 1120 2290 1157; x_wconf 78' lang='lat' dir='ltr'><strong>nec</strong></span> <span class='ocrx_word' id='word_1_275' title='bbox 2326 1106 2423 1173; x_wconf 77' lang='lat' dir='ltr'><strong>fuit</strong></span> <span class='ocrx_word' id='word_1_276' title='bbox 2457 1105 2714 1169; x_wconf 86' lang='lat' dir='ltr'><strong>mollitus,</strong></span> <span class='ocrx_word' id='word_1_277' title='bbox 2756 1114 2891 1159; x_wconf 85' lang='lat' dir='ltr'><strong>totus</strong></span> <span class='ocrx_word' id='word_1_278' title='bbox 2917 1105 3239 1175; x_wconf 71' lang='lat' dir='ltr'><strong>inﬂexibilis.</strong></span> <span class='ocrx_word' id='word_1_279' title='bbox 3274 1105 3393 1159; x_wconf 82' lang='lat' dir='ltr'><strong>Non</strong></span> 
     </span>
    </p>
   </div>
   <div class='ocr_carea' id='block_1_38' title="bbox 1802 1197 3393 1266">
    <p class='ocr_par' dir='ltr' id='par_1_38' title="bbox 1802 1197 3393 1266">
     <span class='ocr_line' id='line_1_38' title="bbox 1802 1197 3393 1266; baseline 0.001 -17"><span class='ocrx_word' id='word_1_280' title='bbox 1802 1198 1935 1249; x_wconf 88' lang='lat' dir='ltr'><strong>enim</strong></span> <span class='ocrx_word' id='word_1_281' title='bbox 1986 1198 2189 1250; x_wconf 79' lang='lat' dir='ltr'><strong>audivit</strong></span> <span class='ocrx_word' id='word_1_282' title='bbox 2222 1197 2356 1249; x_wconf 84' lang='lat' dir='ltr'><strong>illud</strong></span> <span class='ocrx_word' id='word_1_283' title='bbox 2397 1216 2409 1248; x_wconf 89' lang='lat'><strong><em>:</em></strong></span> <span class='ocrx_word' id='word_1_284' title='bbox 2477 1198 2671 1266; x_wconf 82' lang='lat' dir='ltr'><strong>Diliges</strong></span> <span class='ocrx_word' id='word_1_285' title='bbox 2709 1197 2991 1251; x_wconf 86' lang='lat' dir='ltr'><strong>Dominum</strong></span> <span class='ocrx_word' id='word_1_286' title='bbox 3028 1199 3195 1252; x_wconf 83' lang='lat' dir='ltr'><strong>Deum</strong></span> <span class='ocrx_word' id='word_1_287' title='bbox 3247 1208 3393 1252; x_wconf 84' lang='lat' dir='ltr'><strong>tuum</strong></span> 
     </span>
    </p>
   </div>
   <div class='ocr_carea' id='block_1_39' title="bbox 1804 1291 3391 1359">
    <p class='ocr_par' dir='ltr' id='par_1_39' title="bbox 1804 1291 3391 1359">
     <span class='ocr_line' id='line_1_39' title="bbox 1804 1291 3391 1359; baseline 0.002 -18"><span class='ocrx_word' id='word_1_288' title='bbox 1804 1306 1866 1341; x_wconf 76' lang='lat' dir='ltr'><strong>ex</strong></span> <span class='ocrx_word' id='word_1_289' title='bbox 1896 1298 2002 1341; x_wconf 86' lang='lat' dir='ltr'><strong>toto</strong></span> <span class='ocrx_word' id='word_1_290' title='bbox 2034 1292 2188 1343; x_wconf 81' lang='lat' dir='ltr'><strong>corde</strong></span> <span class='ocrx_word' id='word_1_291' title='bbox 2216 1301 2303 1343; x_wconf 82' lang='lat' dir='ltr'><strong>tuo</strong></span> <span class='ocrx_word' id='word_1_292' title='bbox 2327 1330 2341 1355; x_wconf 92' lang='lat'><strong>,</strong></span> <span class='ocrx_word' id='word_1_293' title='bbox 2393 1298 2440 1342; x_wconf 87' lang='lat' dir='ltr'><strong>et</strong></span> <span class='ocrx_word' id='word_1_294' title='bbox 2468 1292 2767 1357; x_wconf 69' lang='lat' dir='ltr'><strong>proximum</strong></span> <span class='ocrx_word' id='word_1_295' title='bbox 2801 1300 2951 1343; x_wconf 85' lang='lat' dir='ltr'><strong>tuum</strong></span> <span class='ocrx_word' id='word_1_296' title='bbox 2980 1291 3112 1344; x_wconf 81' lang='lat' dir='ltr'><strong>sicut</strong></span> <span class='ocrx_word' id='word_1_297' title='bbox 3149 1292 3391 1359; x_wconf 81' lang='lat' dir='ltr'><strong>teipsum.</strong></span> 
     </span>
    </p>
   </div>
   <div class='ocr_carea' id='block_1_40' title="bbox 1803 1380 3394 1451">
    <p class='ocr_par' dir='ltr' id='par_1_40' title="bbox 1803 1380 3394 1451">
     <span class='ocr_line' id='line_1_40' title="bbox 1803 1380 3394 1451; baseline 0.003 -18"><span class='ocrx_word' id='word_1_298' title='bbox 1803 1381 1905 1433; x_wconf 78' lang='lat' dir='ltr'><strong>Sed</strong></span> <span class='ocrx_word' id='word_1_299' title='bbox 1931 1380 2128 1434; x_wconf 78' lang='lat' dir='ltr'><strong>clausit</strong></span> <span class='ocrx_word' id='word_1_300' title='bbox 2162 1396 2322 1435; x_wconf 84' lang='lat' dir='ltr'><strong>aures</strong></span> <span class='ocrx_word' id='word_1_301' title='bbox 2353 1382 2525 1435; x_wconf 78' lang='lat' dir='ltr'><strong>cordis</strong></span> <span class='ocrx_word' id='word_1_302' title='bbox 2562 1383 2644 1434; x_wconf 84' lang='lat' dir='ltr'><strong>sui</strong></span> <span class='ocrx_word' id='word_1_303' title='bbox 2671 1393 2717 1434; x_wconf 85' lang='lat' dir='ltr'><strong>et</strong></span> <span class='ocrx_word' id='word_1_304' title='bbox 2738 1384 2993 1449; x_wconf 73' lang='lat' dir='ltr'><strong>corporis,</strong></span> <span class='ocrx_word' id='word_1_305' title='bbox 3019 1392 3073 1437; x_wconf 94' lang='lat' dir='ltr'><strong>ut</strong></span> <span class='ocrx_word' id='word_1_306' title='bbox 3102 1383 3249 1451; x_wconf 87' lang='lat' dir='ltr'><strong>aspis</strong></span> <span class='ocrx_word' id='word_1_307' title='bbox 3272 1401 3394 1437; x_wconf 91' lang='lat' dir='ltr'><strong>sur-</strong></span> 
     </span>
    </p>
   </div>
   <div class='ocr_carea' id='block_1_41' title="bbox 1804 1474 3395 1543">
    <p class='ocr_par' dir='ltr' id='par_1_41' title="bbox 1804 1474 3395 1543">
     <span class='ocr_line' id='line_1_41' title="bbox 1804 1474 3395 1543; baseline 0.002 -17"><span class='ocrx_word' id='word_1_308' title='bbox 1804 1474 1870 1526; x_wconf 88' lang='lat' dir='ltr'><strong>da</strong></span> <span class='ocrx_word' id='word_1_309' title='bbox 1905 1482 1959 1526; x_wconf 90' lang='lat' dir='ltr'><strong>et</strong></span> <span class='ocrx_word' id='word_1_310' title='bbox 1994 1474 2207 1533; x_wconf 82' lang='lat' dir='ltr'><strong>clauda,</strong></span> <span class='ocrx_word' id='word_1_311' title='bbox 2241 1490 2363 1543; x_wconf 74' lang='lat' dir='ltr'><strong>qua:</strong></span> <span class='ocrx_word' id='word_1_312' title='bbox 2404 1491 2513 1528; x_wconf 84' lang='lat' dir='ltr'><strong>non</strong></span> <span class='ocrx_word' id='word_1_313' title='bbox 2548 1474 2827 1530; x_wconf 78' lang='lat' dir='ltr'><strong>exaudivit</strong></span> <span class='ocrx_word' id='word_1_314' title='bbox 2867 1491 3058 1530; x_wconf 89' lang='lat' dir='ltr'><strong>vocem</strong></span> <span class='ocrx_word' id='word_1_315' title='bbox 3107 1476 3395 1531; x_wconf 84' lang='lat' dir='ltr'><strong>incantan-</strong></span> 
     </span>
    </p>
   </div>
   <div class='ocr_carea' id='block_1_42' title="bbox 1808 1563 3391 1635">
    <p class='ocr_par' dir='ltr' id='par_1_42' title="bbox 1808 1563 3391 1635">
     <span class='ocr_line' id='line_1_42' title="bbox 1808 1563 3391 1635; baseline 0.004 -20"><span class='ocrx_word' id='word_1_316' title='bbox 1808 1563 1963 1616; x_wconf 89' lang='lat' dir='ltr'><strong>tium.</strong></span> <span class='ocrx_word' id='word_1_317' title='bbox 2020 1563 2315 1631; x_wconf 82' lang='lat' dir='ltr'><strong>Propterea</strong></span> <span class='ocrx_word' id='word_1_318' title='bbox 2348 1568 2435 1633; x_wconf 83' lang='lat' dir='ltr'><strong>qui</strong></span> <span class='ocrx_word' id='word_1_319' title='bbox 2467 1582 2743 1633; x_wconf 82' lang='lat' dir='ltr'><strong>personam</strong></span> <span class='ocrx_word' id='word_1_320' title='bbox 2772 1584 2877 1620; x_wconf 83' lang='lat' dir='ltr'><strong>non</strong></span> <span class='ocrx_word' id='word_1_321' title='bbox 2908 1568 3118 1635; x_wconf 81' lang='lat' dir='ltr'><strong>respicit</strong></span> <span class='ocrx_word' id='word_1_322' title='bbox 3150 1578 3197 1622; x_wconf 85' lang='lat' dir='ltr'><strong>et</strong></span> <span class='ocrx_word' id='word_1_323' title='bbox 3230 1584 3391 1622; x_wconf 78' lang='lat' dir='ltr'><strong>verax</strong></span> 
     </span>
    </p>
   </div>
   <div class='ocr_carea' id='block_1_43' title="bbox 1806 1653 3396 1725">
    <p class='ocr_par' dir='ltr' id='par_1_43' title="bbox 1806 1653 3396 1725">
     <span class='ocr_line' id='line_1_43' title="bbox 1806 1653 3396 1725; baseline 0.005 -18"><span class='ocrx_word' id='word_1_324' title='bbox 1806 1664 1887 1707; x_wconf 89' lang='lat' dir='ltr'><strong>est</strong></span> <span class='ocrx_word' id='word_1_325' title='bbox 1907 1653 2449 1725; x_wconf 77' lang='lat' dir='ltr'><strong>Dominus,quidixit</strong></span> <span class='ocrx_word' id='word_1_326' title='bbox 2474 1675 2484 1710; x_wconf 76' lang='grc' dir='ltr'>ε</span> <span class='ocrx_word' id='word_1_327' title='bbox 2511 1657 2565 1712; x_wconf 89' lang='lat' dir='ltr'><strong>Si</strong></span> <span class='ocrx_word' id='word_1_328' title='bbox 2589 1675 2700 1711; x_wconf 91' lang='lat' dir='ltr'><strong>non</strong></span> <span class='ocrx_word' id='word_1_329' title='bbox 2730 1660 3049 1715; x_wconf 81' lang='lat' dir='ltr'><strong>remiseritis</strong></span> <span class='ocrx_word' id='word_1_330' title='bbox 3081 1661 3396 1715; x_wconf 87' lang='lat' dir='ltr'><strong>hominibus</strong></span> 
     </span>
    </p>
   </div>
   <div class='ocr_carea' id='block_1_44' title="bbox 1806 1748 3396 1820">
    <p class='ocr_par' dir='ltr' id='par_1_44' title="bbox 1806 1748 3396 1820">
     <span class='ocr_line' id='line_1_44' title="bbox 1806 1748 3396 1820; baseline 0.003 -17"><span class='ocrx_word' id='word_1_331' title='bbox 1806 1748 1999 1803; x_wconf 87' lang='lat' dir='ltr'><strong>delicta</strong></span> <span class='ocrx_word' id='word_1_332' title='bbox 2036 1765 2249 1813; x_wconf 87' lang='lat' dir='ltr'><strong>eorum,</strong></span> <span class='ocrx_word' id='word_1_333' title='bbox 2310 1767 2475 1820; x_wconf 85' lang='lat' dir='ltr'><strong>neque.</strong></span> <span class='ocrx_word' id='word_1_334' title='bbox 2527 1752 2691 1805; x_wconf 85' lang='lat' dir='ltr'><strong>Pater</strong></span> <span class='ocrx_word' id='word_1_335' title='bbox 2718 1762 2882 1806; x_wconf 84' lang='lat' dir='ltr'><strong>vester</strong></span> <span class='ocrx_word' id='word_1_336' title='bbox 2910 1754 3133 1807; x_wconf 73' lang='lat' dir='ltr'><strong>caelestis</strong></span> <span class='ocrx_word' id='word_1_337' title='bbox 3166 1756 3396 1809; x_wconf 82' lang='lat' dir='ltr'><strong>remittet</strong></span> 
     </span>
    </p>
   </div>
   <div class='ocr_carea' id='block_1_45' title="bbox 1810 1840 3393 1919">
    <p class='ocr_par' dir='ltr' id='par_1_45' title="bbox 1810 1840 3393 1919">
     <span class='ocr_line' id='line_1_45' title="bbox 1810 1840 3393 1919; baseline 0.004 -26"><span class='ocrx_word' id='word_1_338' title='bbox 1810 1840 1950 1893; x_wconf 81' lang='lat' dir='ltr'><strong>vobis</strong></span> <span class='ocrx_word' id='word_1_339' title='bbox 1973 1842 2162 1893; x_wconf 78' lang='lat' dir='ltr'><strong>delicta</strong></span> <span class='ocrx_word' id='word_1_340' title='bbox 2194 1851 2462 1905; x_wconf 81' lang='lat' dir='ltr'><strong>vestra;et</strong></span> <span class='ocrx_word' id='word_1_341' title='bbox 2484 1858 2500 1893; x_wconf 86' lang='grc'><strong>.·</strong></span> <span class='ocrx_word' id='word_1_342' title='bbox 2537 1842 2597 1895; x_wconf 86' lang='lat' dir='ltr'><strong>In</strong></span> <span class='ocrx_word' id='word_1_343' title='bbox 2630 1861 2733 1912; x_wconf 85' lang='lat' dir='ltr'><strong>qua</strong></span> <span class='ocrx_word' id='word_1_344' title='bbox 2762 1862 3006 1898; x_wconf 85' lang='lat' dir='ltr'><strong>mensura</strong></span> <span class='ocrx_word' id='word_1_345' title='bbox 3030 1848 3257 1901; x_wconf 85' lang='lat' dir='ltr'><strong>metieris</strong></span> <span class='ocrx_word' id='word_1_346' title='bbox 3282 1852 3393 1919; x_wconf 76' lang='lat' dir='ltr'><strong>fra-</strong></span> 
     </span>
    </p>
   </div>
   <div class='ocr_carea' id='block_1_46' title="bbox 1811 1932 2680 1995">
    <p class='ocr_par' dir='ltr' id='par_1_46' title="bbox 1811 1932 2680 1995">
     <span class='ocr_line' id='line_1_46' title="bbox 1811 1932 2680 1995; baseline 0.005 -13"><span class='ocrx_word' id='word_1_347' title='bbox 1811 1932 1877 1983; x_wconf 87' lang='lat' dir='ltr'><strong>tri</strong></span> <span class='ocrx_word' id='word_1_348' title='bbox 1916 1941 2023 1995; x_wconf 85' lang='lat' dir='ltr'><strong>tno,</strong></span> <span class='ocrx_word' id='word_1_349' title='bbox 2060 1932 2114 1983; x_wconf 81' lang='lat' dir='ltr'><strong>in</strong></span> <span class='ocrx_word' id='word_1_350' title='bbox 2141 1949 2201 1984; x_wconf 87' lang='lat' dir='ltr'><strong>ea</strong></span> <span class='ocrx_word' id='word_1_351' title='bbox 2233 1933 2536 1985; x_wconf 84' lang='lat' dir='ltr'><strong>remetietur</strong></span> <span class='ocrx_word' id='word_1_352' title='bbox 2568 1934 2680 1986; x_wconf 85' lang='lat' dir='ltr'><strong>tibi.</strong></span> 
     </span>
    </p>
   </div>
   <div class='ocr_carea' id='block_1_47' title="bbox 1885 2023 3393 2098">
    <p class='ocr_par' dir='ltr' id='par_1_47' title="bbox 1885 2023 3393 2098">
     <span class='ocr_line' id='line_1_47' title="bbox 1885 2023 3393 2098; baseline 0.005 -23"><span class='ocrx_word' id='word_1_353' title='bbox 1885 2023 2149 2078; x_wconf 88' lang='lat' dir='ltr'><strong>Dominus</strong></span> <span class='ocrx_word' id='word_1_354' title='bbox 2189 2040 2310 2078; x_wconf 75' lang='lat' dir='ltr'><strong>cuni</strong></span> <span class='ocrx_word' id='word_1_355' title='bbox 2349 2026 2572 2079; x_wconf 76' lang='lat' dir='ltr'><strong>vidisset</strong></span> <span class='ocrx_word' id='word_1_356' title='bbox 2602 2041 2727 2079; x_wconf 92' lang='lat' dir='ltr'><strong>cum</strong></span> <span class='ocrx_word' id='word_1_357' title='bbox 2781 2028 2926 2081; x_wconf 91' lang='lat' dir='ltr'><strong>nulla</strong></span> <span class='ocrx_word' id='word_1_358' title='bbox 2966 2029 3113 2098; x_wconf 81' lang='lat' dir='ltr'><strong>tangi</strong></span> <span class='ocrx_word' id='word_1_359' title='bbox 3162 2032 3393 2097; x_wconf 88' lang='lat' dir='ltr'><strong>proximi</strong></span> 
     </span>
    </p>
   </div>
   <div class='ocr_carea' id='block_1_48' title="bbox 1812 2116 3393 2191">
    <p class='ocr_par' dir='ltr' id='par_1_48' title="bbox 1812 2116 3393 2191">
     <span class='ocr_line' id='line_1_48' title="bbox 1812 2116 3393 2191; baseline 0.004 -22"><span class='ocrx_word' id='word_1_360' title='bbox 1812 2116 2207 2178; x_wconf 85' lang='lat' dir='ltr'><strong>misericordia,</strong></span> <span class='ocrx_word' id='word_1_361' title='bbox 2236 2118 2358 2185; x_wconf 89' lang='lat' dir='ltr'><strong>jure</strong></span> <span class='ocrx_word' id='word_1_362' title='bbox 2393 2134 2516 2171; x_wconf 85' lang='lat' dir='ltr'><strong>cum</strong></span> <span class='ocrx_word' id='word_1_363' title='bbox 2548 2119 2783 2187; x_wconf 88' lang='lat' dir='ltr'><strong>privavit</strong></span> <span class='ocrx_word' id='word_1_364' title='bbox 2808 2135 2977 2191; x_wconf 90' lang='lat' dir='ltr'><strong>regno</strong></span> <span class='ocrx_word' id='word_1_365' title='bbox 3009 2136 3109 2175; x_wconf 89' lang='lat' dir='ltr'><strong>suo</strong></span> <span class='ocrx_word' id='word_1_366' title='bbox 3140 2122 3350 2176; x_wconf 76' lang='lat' dir='ltr'><strong>ccelesti</strong></span> <span class='ocrx_word' id='word_1_367' title='bbox 3381 2141 3393 2175; x_wconf 94' lang='lat'>:</span> 
     </span>
    </p>
   </div>
   <div class='ocr_carea' id='block_1_49' title="bbox 1810 2208 3396 2282">
    <p class='ocr_par' dir='ltr' id='par_1_49' title="bbox 1810 2208 3396 2282">
     <span class='ocr_line' id='line_1_49' title="bbox 1810 2208 3396 2282; baseline 0.004 -20"><span class='ocrx_word' id='word_1_368' title='bbox 1810 2209 1920 2263; x_wconf 91' lang='lat' dir='ltr'><strong>imo</strong></span> <span class='ocrx_word' id='word_1_369' title='bbox 1955 2224 2123 2273; x_wconf 89' lang='lat' dir='ltr'><strong>vero,</strong></span> <span class='ocrx_word' id='word_1_370' title='bbox 2185 2209 2275 2263; x_wconf 90' lang='lat' dir='ltr'><strong>ille</strong></span> <span class='ocrx_word' id='word_1_371' title='bbox 2306 2208 2548 2279; x_wconf 89' lang='lat' dir='ltr'><strong>seipsum</strong></span> <span class='ocrx_word' id='word_1_372' title='bbox 2586 2212 2847 2266; x_wconf 83' lang='lat' dir='ltr'><strong>alienavit</strong></span> <span class='ocrx_word' id='word_1_373' title='bbox 2890 2228 2918 2265; x_wconf 90' lang='lat' dir='ltr'><strong>a</strong></span> <span class='ocrx_word' id='word_1_374' title='bbox 2968 2214 3143 2282; x_wconf 88' lang='lat' dir='ltr'><strong>gratia</strong></span> <span class='ocrx_word' id='word_1_375' title='bbox 3188 2215 3396 2269; x_wconf 57' lang='lat' dir='ltr'><strong>coalesti</strong></span> 
     </span>
    </p>
   </div>
   <div class='ocr_carea' id='block_1_50' title="bbox 1809 2301 3397 2375">
    <p class='ocr_par' dir='ltr' id='par_1_50' title="bbox 1809 2301 3397 2375">
     <span class='ocr_line' id='line_1_50' title="bbox 1809 2301 3397 2375; baseline 0.006 -21"><span class='ocrx_word' id='word_1_376' title='bbox 1809 2311 1863 2355; x_wconf 89' lang='lat' dir='ltr'><strong>et</strong></span> <span class='ocrx_word' id='word_1_377' title='bbox 1913 2302 1980 2355; x_wconf 88' lang='lat' dir='ltr'><strong>ab</strong></span> <span class='ocrx_word' id='word_1_378' title='bbox 2026 2301 2247 2355; x_wconf 60' lang='lat' dir='ltr'><strong>aeternis</strong></span> <span class='ocrx_word' id='word_1_379' title='bbox 2278 2301 2369 2355; x_wconf 86' lang='lat' dir='ltr'><strong>Dei</strong></span> <span class='ocrx_word' id='word_1_380' title='bbox 2399 2303 2579 2368; x_wconf 90' lang='lat' dir='ltr'><strong>bonis,</strong></span> <span class='ocrx_word' id='word_1_381' title='bbox 2616 2316 2840 2373; x_wconf 89' lang='lat' dir='ltr'><strong>propter</strong></span> <span class='ocrx_word' id='word_1_382' title='bbox 2891 2306 3106 2375; x_wconf 62' lang='lat' dir='ltr'><strong>injuriae</strong></span> <span class='ocrx_word' id='word_1_383' title='bbox 3148 2323 3178 2361; x_wconf 89' lang='lat' dir='ltr'><strong>a</strong></span> <span class='ocrx_word' id='word_1_384' title='bbox 3231 2307 3397 2363; x_wconf 81' lang='lat' dir='ltr'><strong>fratre</strong></span> 
     </span>
    </p>
   </div>
   <div class='ocr_carea' id='block_1_51' title="bbox 1809 2396 3396 2469">
    <p class='ocr_par' dir='ltr' id='par_1_51' title="bbox 1809 2396 3396 2469">
     <span class='ocr_line' id='line_1_51' title="bbox 1809 2396 3396 2469; baseline 0.004 -22"><span class='ocrx_word' id='word_1_385' title='bbox 1809 2404 2045 2462; x_wconf 77' lang='lat' dir='ltr'><strong>accepta:</strong></span> <span class='ocrx_word' id='word_1_386' title='bbox 2073 2396 2507 2449; x_wconf 78' lang='lat' dir='ltr'><strong>recordationem</strong></span> <span class='ocrx_word' id='word_1_387' title='bbox 2534 2414 2546 2448; x_wconf 90' lang='lat'><strong><em>:</em></strong></span> <span class='ocrx_word' id='word_1_388' title='bbox 2581 2405 2632 2449; x_wconf 90' lang='lat' dir='ltr'><strong>et</strong></span> <span class='ocrx_word' id='word_1_389' title='bbox 2663 2397 2894 2453; x_wconf 78' lang='lat' dir='ltr'><strong>maxime</strong></span> <span class='ocrx_word' id='word_1_390' title='bbox 2923 2400 3066 2467; x_wconf 90' lang='lat' dir='ltr'><strong>quod</strong></span> <span class='ocrx_word' id='word_1_391' title='bbox 3094 2399 3148 2453; x_wconf 88' lang='lat' dir='ltr'><strong>in</strong></span> <span class='ocrx_word' id='word_1_392' title='bbox 3181 2415 3396 2469; x_wconf 83' lang='lat' dir='ltr'><strong>germa-</strong></span> 
     </span>
    </p>
   </div>
   <div class='ocr_carea' id='block_1_52' title="bbox 1813 2486 3397 2554">
    <p class='ocr_par' dir='ltr' id='par_1_52' title="bbox 1813 2486 3397 2554">
     <span class='ocr_line' id='line_1_52' title="bbox 1813 2486 3397 2554; baseline 0.005 -17"><span class='ocrx_word' id='word_1_393' title='bbox 1813 2500 1943 2537; x_wconf 87' lang='lat' dir='ltr'><strong>num</strong></span> <span class='ocrx_word' id='word_1_394' title='bbox 1971 2494 2025 2538; x_wconf 87' lang='lat' dir='ltr'><strong>et</strong></span> <span class='ocrx_word' id='word_1_395' title='bbox 2049 2494 2286 2540; x_wconf 85' lang='lat' dir='ltr'><strong>veterem</strong></span> <span class='ocrx_word' id='word_1_396' title='bbox 2318 2486 2553 2540; x_wconf 88' lang='lat' dir='ltr'><strong>amicum</strong></span> <span class='ocrx_word' id='word_1_397' title='bbox 2588 2488 2783 2543; x_wconf 76' lang='lat' dir='ltr'><strong>fuisset</strong></span> <span class='ocrx_word' id='word_1_398' title='bbox 2810 2490 2997 2544; x_wconf 91' lang='lat' dir='ltr'><strong>animo</strong></span> <span class='ocrx_word' id='word_1_399' title='bbox 3039 2491 3271 2554; x_wconf 90' lang='lat' dir='ltr'><strong>crudeli,</strong></span> <span class='ocrx_word' id='word_1_400' title='bbox 3298 2492 3397 2545; x_wconf 90' lang='lat' dir='ltr'><strong>im-</strong></span> 
     </span>
    </p>
   </div>
   <div class='ocr_carea' id='block_1_53' title="bbox 1812 2578 3398 2638">
    <p class='ocr_par' dir='ltr' id='par_1_53' title="bbox 1812 2578 3398 2638">
     <span class='ocr_line' id='line_1_53' title="bbox 1812 2578 3398 2638; baseline 0.006 -8"><span class='ocrx_word' id='word_1_401' title='bbox 1812 2578 1957 2631; x_wconf 88' lang='lat' dir='ltr'><strong>mani</strong></span> <span class='ocrx_word' id='word_1_402' title='bbox 2015 2588 2069 2632; x_wconf 90' lang='lat' dir='ltr'><strong>et</strong></span> <span class='ocrx_word' id='word_1_403' title='bbox 2108 2578 2567 2633; x_wconf 77' lang='lat' dir='ltr'><strong>irreconciliabili.</strong></span> <span class='ocrx_word' id='word_1_404' title='bbox 2626 2580 2780 2637; x_wconf 88' lang='lat' dir='ltr'><strong>Tunc</strong></span> <span class='ocrx_word' id='word_1_405' title='bbox 2818 2583 3006 2637; x_wconf 88' lang='lat' dir='ltr'><strong>dicunt</strong></span> <span class='ocrx_word' id='word_1_406' title='bbox 3034 2583 3254 2638; x_wconf 87' lang='lat' dir='ltr'><strong>lictores</strong></span> <span class='ocrx_word' id='word_1_407' title='bbox 3296 2583 3398 2638; x_wconf 86' lang='lat' dir='ltr'><strong>Sa-</strong></span> 
     </span>
    </p>
   </div>
   <div class='ocr_carea' id='block_1_54' title="bbox 1812 2670 3395 2745">
    <p class='ocr_par' dir='ltr' id='par_1_54' title="bbox 1812 2670 3395 2745">
     <span class='ocr_line' id='line_1_54' title="bbox 1812 2670 3395 2745; baseline 0.006 -22"><span class='ocrx_word' id='word_1_408' title='bbox 1812 2671 1987 2740; x_wconf 87' lang='lat' dir='ltr'><strong>pricio</strong></span> <span class='ocrx_word' id='word_1_409' title='bbox 2015 2689 2027 2724; x_wconf 90' lang='lat'><strong>:</strong></span> <span class='ocrx_word' id='word_1_410' title='bbox 2074 2670 2257 2725; x_wconf 88' lang='lat' dir='ltr'><strong>Flecte</strong></span> <span class='ocrx_word' id='word_1_411' title='bbox 2285 2688 2460 2742; x_wconf 81' lang='lat' dir='ltr'><strong>genua</strong></span> <span class='ocrx_word' id='word_1_412' title='bbox 2496 2681 2609 2737; x_wconf 88' lang='lat' dir='ltr'><strong>tua,</strong></span> <span class='ocrx_word' id='word_1_413' title='bbox 2649 2684 2709 2728; x_wconf 91' lang='lat' dir='ltr'><strong>ut</strong></span> <span class='ocrx_word' id='word_1_414' title='bbox 2739 2685 2904 2745; x_wconf 86' lang='lat' dir='ltr'><strong>caput</strong></span> <span class='ocrx_word' id='word_1_415' title='bbox 2937 2676 3031 2730; x_wconf 91' lang='lat' dir='ltr'><strong>tibi</strong></span> <span class='ocrx_word' id='word_1_416' title='bbox 3061 2685 3395 2745; x_wconf 86' lang='lat' dir='ltr'><strong>amputetur.</strong></span> 
     </span>
    </p>
   </div>
   <div class='ocr_carea' id='block_1_55' title="bbox 1812 2763 3399 2833">
    <p class='ocr_par' dir='ltr' id='par_1_55' title="bbox 1812 2763 3399 2833">
     <span class='ocr_line' id='line_1_55' title="bbox 1812 2763 3399 2833; baseline 0.004 -17"><span class='ocrx_word' id='word_1_417' title='bbox 1812 2763 1955 2819; x_wconf 92' lang='lat' dir='ltr'><strong>Dicit</strong></span> <span class='ocrx_word' id='word_1_418' title='bbox 1980 2774 2163 2818; x_wconf 88' lang='lat' dir='ltr'><strong>autem</strong></span> <span class='ocrx_word' id='word_1_419' title='bbox 2203 2764 2282 2818; x_wconf 82' lang='lat' dir='ltr'><strong>eis</strong></span> <span class='ocrx_word' id='word_1_420' title='bbox 2304 2764 2584 2833; x_wconf 85' lang='lat' dir='ltr'><strong>Sapricius</strong></span> <span class='ocrx_word' id='word_1_421' title='bbox 2611 2782 2624 2823; x_wconf 89' lang='lat'><strong>:</strong></span> <span class='ocrx_word' id='word_1_422' title='bbox 2668 2766 2893 2830; x_wconf 81' lang='lat' dir='ltr'><strong>Quare?</strong></span> <span class='ocrx_word' id='word_1_423' title='bbox 2933 2767 3132 2821; x_wconf 88' lang='lat' dir='ltr'><strong>Dicunt</strong></span> <span class='ocrx_word' id='word_1_424' title='bbox 3162 2767 3212 2822; x_wconf 90' lang='lat' dir='ltr'><strong>ei</strong></span> <span class='ocrx_word' id='word_1_425' title='bbox 3239 2767 3399 2822; x_wconf 72' lang='lat' dir='ltr'><strong>licto-</strong></span> 
     </span>
    </p>
   </div>
   <div class='ocr_carea' id='block_1_56' title="bbox 1812 2856 3398 2922">
    <p class='ocr_par' dir='ltr' id='par_1_56' title="bbox 1812 2856 3398 2922">
     <span class='ocr_line' id='line_1_56' title="bbox 1812 2856 3398 2922; baseline 0.003 -13"><span class='ocrx_word' id='word_1_426' title='bbox 1812 2873 1898 2912; x_wconf 82' lang='lat' dir='ltr'><strong>res</strong></span> <span class='ocrx_word' id='word_1_427' title='bbox 1923 2876 1935 2911; x_wconf 92' lang='lat'><strong>:</strong></span> <span class='ocrx_word' id='word_1_428' title='bbox 1987 2856 2255 2922; x_wconf 86' lang='lat' dir='ltr'><strong>Quoniam</strong></span> <span class='ocrx_word' id='word_1_429' title='bbox 2282 2857 2506 2910; x_wconf 89' lang='lat' dir='ltr'><strong>noluisti</strong></span> <span class='ocrx_word' id='word_1_430' title='bbox 2540 2858 2642 2913; x_wconf 89' lang='lat' dir='ltr'><strong>diis</strong></span> <span class='ocrx_word' id='word_1_431' title='bbox 2664 2859 2994 2921; x_wconf 67' lang='lat' dir='ltr'><strong>sacrificare,</strong></span> <span class='ocrx_word' id='word_1_432' title='bbox 3029 2860 3125 2914; x_wconf 88' lang='lat' dir='ltr'><strong>sed</strong></span> <span class='ocrx_word' id='word_1_433' title='bbox 3148 2872 3398 2915; x_wconf 89' lang='lat' dir='ltr'><strong>contem-</strong></span> 
     </span>
    </p>
   </div>
   <div class='ocr_carea' id='block_1_57' title="bbox 1811 2948 3398 3023">
    <p class='ocr_par' dir='ltr' id='par_1_57' title="bbox 1811 2948 3398 3023">
     <span class='ocr_line' id='line_1_57' title="bbox 1811 2948 3398 3023; baseline 0.003 -22"><span class='ocrx_word' id='word_1_434' title='bbox 1811 2948 1966 3018; x_wconf 91' lang='lat' dir='ltr'><strong>psisti</strong></span> <span class='ocrx_word' id='word_1_435' title='bbox 2010 2948 2248 3001; x_wconf 88' lang='lat' dir='ltr'><strong>edictum</strong></span> <span class='ocrx_word' id='word_1_436' title='bbox 2280 2948 2659 3016; x_wconf 88' lang='lat' dir='ltr'><strong>imperatoris,</strong></span> <span class='ocrx_word' id='word_1_437' title='bbox 2708 2958 2931 3018; x_wconf 88' lang='lat' dir='ltr'><strong>prepter</strong></span> <span class='ocrx_word' id='word_1_438' title='bbox 2981 2952 3256 3005; x_wconf 83' lang='lat' dir='ltr'><strong>hominem</strong></span> <span class='ocrx_word' id='word_1_439' title='bbox 3307 2953 3398 3023; x_wconf 87' lang='lat' dir='ltr'><strong>qui</strong></span> 
     </span>
    </p>
   </div>
   <div class='ocr_carea' id='block_1_58' title="bbox 1811 3038 3396 3110">
    <p class='ocr_par' dir='ltr' id='par_1_58' title="bbox 1811 3038 3396 3110">
     <span class='ocr_line' id='line_1_58' title="bbox 1811 3038 3396 3110; baseline 0.003 -18"><span class='ocrx_word' id='word_1_440' title='bbox 1811 3039 2009 3093; x_wconf 86' lang='lat' dir='ltr'><strong>dicitur</strong></span> <span class='ocrx_word' id='word_1_441' title='bbox 2031 3038 2300 3092; x_wconf 87' lang='lat' dir='ltr'><strong>Christus.</strong></span> <span class='ocrx_word' id='word_1_442' title='bbox 2344 3038 2468 3093; x_wconf 63' lang='lat' dir='ltr'><strong>Hinc</strong></span> <span class='ocrx_word' id='word_1_443' title='bbox 2498 3055 2619 3092; x_wconf 90' lang='lat' dir='ltr'><strong>cum</strong></span> <span class='ocrx_word' id='word_1_444' title='bbox 2649 3040 2883 3094; x_wconf 87' lang='lat' dir='ltr'><strong>audisset</strong></span> <span class='ocrx_word' id='word_1_445' title='bbox 2912 3040 3074 3095; x_wconf 76' lang='lat' dir='ltr'><strong>miser</strong></span> <span class='ocrx_word' id='word_1_446' title='bbox 3098 3042 3396 3110; x_wconf 85' lang='lat' dir='ltr'><strong>Sapricius,</strong></span> 
     </span>
    </p>
   </div>
   <div class='ocr_carea' id='block_1_59' title="bbox 1812 3130 3395 3200">
    <p class='ocr_par' dir='ltr' id='par_1_59' title="bbox 1812 3130 3395 3200">
     <span class='ocr_line' id='line_1_59' title="bbox 1812 3130 3395 3200; baseline 0.003 -17"><span class='ocrx_word' id='word_1_447' title='bbox 1812 3130 2093 3200; x_wconf 89' lang='lat' dir='ltr'><strong>respondit</strong></span> <span class='ocrx_word' id='word_1_448' title='bbox 2122 3130 2405 3185; x_wconf 81' lang='lat' dir='ltr'><strong>lictoribus</strong></span> <span class='ocrx_word' id='word_1_449' title='bbox 2449 3133 2584 3185; x_wconf 84' lang='lat' dir='ltr'><strong>hanc</strong></span> <span class='ocrx_word' id='word_1_450' title='bbox 2617 3134 2865 3187; x_wconf 86' lang='lat' dir='ltr'><strong>miseram</strong></span> <span class='ocrx_word' id='word_1_451' title='bbox 2893 3145 2939 3187; x_wconf 79' lang='lat' dir='ltr'><strong>et</strong></span> <span class='ocrx_word' id='word_1_452' title='bbox 2964 3136 3170 3188; x_wconf 84' lang='lat' dir='ltr'><strong>tristem</strong></span> <span class='ocrx_word' id='word_1_453' title='bbox 3202 3151 3395 3199; x_wconf 83' lang='lat' dir='ltr'><strong>vocem,</strong></span> 
     </span>
    </p>
   </div>
   <div class='ocr_carea' id='block_1_60' title="bbox 140 3223 3407 3305">
    <p class='ocr_par' dir='ltr' id='par_1_60' title="bbox 140 3223 3407 3305">
     <span class='ocr_line' id='line_1_60' title="bbox 140 3223 3407 3305; baseline -0.001 -21"><span class='ocrx_word' id='word_1_454' title='bbox 140 3238 294 3283; x_wconf 80' lang='lat' dir='ltr'><strong>autem</strong></span> <span class='ocrx_word' id='word_1_455' title='bbox 341 3246 480 3284; x_wconf 68' lang='lat' dir='ltr'><strong>mete</strong></span> <span class='ocrx_word' id='word_1_456' title='bbox 538 3238 865 3300; x_wconf 86' lang='lat' dir='ltr'><strong>potestatem</strong></span> <span class='ocrx_word' id='word_1_457' title='bbox 906 3244 1015 3282; x_wconf 92' lang='lat' dir='ltr'><strong>non</strong></span> <span class='ocrx_word' id='word_1_458' title='bbox 1058 3227 1249 3293; x_wconf 86' lang='lat' dir='ltr'><strong>habes,</strong></span> <span class='ocrx_word' id='word_1_459' title='bbox 1305 3228 1401 3283; x_wconf 79' lang='lat' dir='ltr'><strong>sed</strong></span> <span class='ocrx_word' id='word_1_460' title='bbox 1450 3228 1709 3283; x_wconf 88' lang='lat' dir='ltr'><strong>Dominus</strong></span> <span class='ocrx_word' id='word_1_461' title='bbox 1738 3244 1781 3305; x_wconf 68' lang='grc' dir='ltr'>α</span> <span class='ocrx_word' id='word_1_462' title='bbox 1817 3224 2041 3277; x_wconf 88' lang='lat' dir='ltr'><strong>dicens:</strong></span> <span class='ocrx_word' id='word_1_463' title='bbox 2071 3224 2249 3277; x_wconf 70' lang='lat' dir='ltr'><strong>Nolite</strong></span> <span class='ocrx_word' id='word_1_464' title='bbox 2275 3239 2361 3277; x_wconf 91' lang='lat' dir='ltr'><strong>me</strong></span> <span class='ocrx_word' id='word_1_465' title='bbox 2396 3223 2594 3287; x_wconf 83' lang='lat' dir='ltr'><strong>ferire;</strong></span> <span class='ocrx_word' id='word_1_466' title='bbox 2628 3223 2767 3279; x_wconf 80' lang='lat' dir='ltr'><strong>iacio</strong></span> <span class='ocrx_word' id='word_1_467' title='bbox 2802 3226 2946 3279; x_wconf 89' lang='lat' dir='ltr'><strong>cnim</strong></span> <span class='ocrx_word' id='word_1_468' title='bbox 2973 3242 3093 3295; x_wconf 68' lang='lat' dir='ltr'><strong>quae</strong></span> <span class='ocrx_word' id='word_1_469' title='bbox 3119 3227 3407 3295; x_wconf 26' lang='lat' dir='ltr'><strong>jusserunt,</strong></span> 
     </span>
    </p>
   </div>
   <div class='ocr_carea' id='block_1_61' title="bbox 136 3318 1702 3388">
    <p class='ocr_par' dir='ltr' id='par_1_61' title="bbox 136 3318 1702 3388">
     <span class='ocr_line' id='line_1_61' title="bbox 136 3318 1702 3388; baseline 0.002 -17"><span class='ocrx_word' id='word_1_470' title='bbox 136 3318 270 3377; x_wconf 81' lang='lat' dir='ltr'><strong>Jesus</strong></span> <span class='ocrx_word' id='word_1_471' title='bbox 304 3323 585 3387; x_wconf 88' lang='lat' dir='ltr'><strong>Christus,</strong></span> <span class='ocrx_word' id='word_1_472' title='bbox 632 3322 727 3388; x_wconf 85' lang='lat' dir='ltr'><strong>qui</strong></span> <span class='ocrx_word' id='word_1_473' title='bbox 755 3337 875 3375; x_wconf 86' lang='lat' dir='ltr'><strong>eam</strong></span> <span class='ocrx_word' id='word_1_474' title='bbox 904 3320 1128 3375; x_wconf 88' lang='lat' dir='ltr'><strong>creavit.</strong></span> <span class='ocrx_word' id='word_1_475' title='bbox 1174 3318 1361 3388; x_wconf 81' lang='lat' dir='ltr'><strong>Longe</strong></span> <span class='ocrx_word' id='word_1_476' title='bbox 1405 3336 1533 3374; x_wconf 90' lang='lat' dir='ltr'><strong>vero</strong></span> <span class='ocrx_word' id='word_1_477' title='bbox 1564 3330 1702 3375; x_wconf 90' lang='lat' dir='ltr'><strong>tem-</strong></span> 
     </span>
    </p>
   </div>
   <div class='ocr_carea' id='block_1_62' title="bbox 139 3412 1704 3481">
    <p class='ocr_par' dir='ltr' id='par_1_62' title="bbox 139 3412 1704 3481">
     <span class='ocr_line' id='line_1_62' title="bbox 139 3412 1704 3481; baseline -0.001 -14"><span class='ocrx_word' id='word_1_478' title='bbox 139 3430 249 3481; x_wconf 85' lang='lat' dir='ltr'><strong>pore</strong></span> <span class='ocrx_word' id='word_1_479' title='bbox 289 3427 487 3479; x_wconf 87' lang='lat' dir='ltr'><strong>tortus,</strong></span> <span class='ocrx_word' id='word_1_480' title='bbox 543 3415 807 3468; x_wconf 86' lang='lat' dir='ltr'><strong>sustinuit</strong></span> <span class='ocrx_word' id='word_1_481' title='bbox 844 3422 1135 3467; x_wconf 84' lang='lat' dir='ltr'><strong>tormenta.</strong></span> <span class='ocrx_word' id='word_1_482' title='bbox 1185 3413 1319 3467; x_wconf 90' lang='lat' dir='ltr'><strong>Cum</strong></span> <span class='ocrx_word' id='word_1_483' title='bbox 1347 3412 1571 3466; x_wconf 88' lang='lat' dir='ltr'><strong>vidisset</strong></span> <span class='ocrx_word' id='word_1_484' title='bbox 1604 3428 1704 3466; x_wconf 89' lang='lat' dir='ltr'><strong>au-</strong></span> 
     </span>
    </p>
   </div>
   <div class='ocr_carea' id='block_1_63' title="bbox 140 3503 1707 3574">
    <p class='ocr_par' dir='ltr' id='par_1_63' title="bbox 140 3503 1707 3574">
     <span class='ocr_line' id='line_1_63' title="bbox 140 3503 1707 3574; baseline 0.001 -16"><span class='ocrx_word' id='word_1_485' title='bbox 140 3514 227 3558; x_wconf 84' lang='lat' dir='ltr'><strong>tem</strong></span> <span class='ocrx_word' id='word_1_486' title='bbox 260 3507 532 3572; x_wconf 81' lang='lat' dir='ltr'><strong>improbus</strong></span> <span class='ocrx_word' id='word_1_487' title='bbox 563 3515 612 3559; x_wconf 82' lang='lat' dir='ltr'><strong>et</strong></span> <span class='ocrx_word' id='word_1_488' title='bbox 656 3505 953 3558; x_wconf 84' lang='lat' dir='ltr'><strong>malitiosus</strong></span> <span class='ocrx_word' id='word_1_489' title='bbox 984 3503 1159 3559; x_wconf 83' lang='lat' dir='ltr'><strong>Judex</strong></span> <span class='ocrx_word' id='word_1_490' title='bbox 1188 3521 1314 3559; x_wconf 90' lang='lat' dir='ltr'><strong>eum</strong></span> <span class='ocrx_word' id='word_1_491' title='bbox 1344 3522 1452 3559; x_wconf 90' lang='lat' dir='ltr'><strong>non</strong></span> <span class='ocrx_word' id='word_1_492' title='bbox 1485 3521 1707 3574; x_wconf 90' lang='lat' dir='ltr'><strong>persua-</strong></span> 
     </span>
    </p>
   </div>
   <div class='ocr_carea' id='block_1_64' title="bbox 141 3598 1700 3669">
    <p class='ocr_par' dir='ltr' id='par_1_64' title="bbox 141 3598 1700 3669">
     <span class='ocr_line' id='line_1_64' title="bbox 141 3598 1700 3669; baseline 0.003 -18"><span class='ocrx_word' id='word_1_493' title='bbox 141 3600 252 3661; x_wconf 87' lang='lat' dir='ltr'><strong>deri,</strong></span> <span class='ocrx_word' id='word_1_494' title='bbox 290 3600 411 3653; x_wconf 90' lang='lat' dir='ltr'><strong>tulit</strong></span> <span class='ocrx_word' id='word_1_495' title='bbox 440 3599 498 3652; x_wconf 90' lang='lat' dir='ltr'><strong>in</strong></span> <span class='ocrx_word' id='word_1_496' title='bbox 538 3614 669 3653; x_wconf 87' lang='lat' dir='ltr'><strong>eum</strong></span> <span class='ocrx_word' id='word_1_497' title='bbox 717 3598 1067 3661; x_wconf 87' lang='lat' dir='ltr'><strong>sententiam,</strong></span> <span class='ocrx_word' id='word_1_498' title='bbox 1114 3598 1342 3654; x_wconf 88' lang='lat' dir='ltr'><strong>dicens:</strong></span> <span class='ocrx_word' id='word_1_499' title='bbox 1396 3598 1700 3669; x_wconf 89' lang='lat' dir='ltr'><strong>Sapricinm</strong></span> 
     </span>
    </p>
   </div>
   <div class='ocr_carea' id='block_1_65' title="bbox 140 3691 1700 3762">
    <p class='ocr_par' dir='ltr' id='par_1_65' title="bbox 140 3691 1700 3762">
     <span class='ocr_line' id='line_1_65' title="bbox 140 3691 1700 3762; baseline 0.004 -19"><span class='ocrx_word' id='word_1_500' title='bbox 140 3692 516 3759; x_wconf 68' lang='lat' dir='ltr'><strong>presbyterum,</strong></span> <span class='ocrx_word' id='word_1_501' title='bbox 573 3691 664 3760; x_wconf 90' lang='lat' dir='ltr'><strong>qui</strong></span> <span class='ocrx_word' id='word_1_502' title='bbox 718 3691 893 3745; x_wconf 88' lang='lat' dir='ltr'><strong>edicta</strong></span> <span class='ocrx_word' id='word_1_503' title='bbox 932 3693 1237 3746; x_wconf 87' lang='lat' dir='ltr'><strong>contemnit</strong></span> <span class='ocrx_word' id='word_1_504' title='bbox 1289 3694 1700 3762; x_wconf 88' lang='lat' dir='ltr'><strong>imperatorum,</strong></span> 
     </span>
    </p>
   </div>
   <div class='ocr_carea' id='block_1_66' title="bbox 138 3779 1706 3847">
    <p class='ocr_par' dir='ltr' id='par_1_66' title="bbox 138 3779 1706 3847">
     <span class='ocr_line' id='line_1_66' title="bbox 138 3779 1706 3847; baseline 0.006 -18"><span class='ocrx_word' id='word_1_505' title='bbox 138 3786 294 3831; x_wconf 87' lang='lat' dir='ltr'><strong>etnon</strong></span> <span class='ocrx_word' id='word_1_506' title='bbox 333 3780 549 3847; x_wconf 72' lang='lat' dir='ltr'><strong>paruit,</strong></span> <span class='ocrx_word' id='word_1_507' title='bbox 606 3794 710 3833; x_wconf 92' lang='lat' dir='ltr'><strong>nec</strong></span> <span class='ocrx_word' id='word_1_508' title='bbox 757 3779 862 3833; x_wconf 90' lang='lat' dir='ltr'><strong>diis</strong></span> <span class='ocrx_word' id='word_1_509' title='bbox 901 3780 1302 3837; x_wconf 88' lang='lat' dir='ltr'><strong>immortalibus</strong></span> <span class='ocrx_word' id='word_1_510' title='bbox 1342 3784 1512 3837; x_wconf 90' lang='lat' dir='ltr'><strong>voluit</strong></span> <span class='ocrx_word' id='word_1_511' title='bbox 1540 3788 1706 3839; x_wconf 85' lang='lat' dir='ltr'><strong>sacri-</strong></span> 
     </span>
    </p>
   </div>
   <div class='ocr_carea' id='block_1_67' title="bbox 140 3867 1706 3941">
    <p class='ocr_par' dir='ltr' id='par_1_67' title="bbox 140 3867 1706 3941">
     <span class='ocr_line' id='line_1_67' title="bbox 140 3867 1706 3941; baseline 0.007 -20"><span class='ocrx_word' id='word_1_512' title='bbox 140 3867 291 3934; x_wconf 79' lang='lat' dir='ltr'><strong>iicare,</strong></span> <span class='ocrx_word' id='word_1_513' title='bbox 322 3883 381 3927; x_wconf 89' lang='lat' dir='ltr'><strong>ut</strong></span> <span class='ocrx_word' id='word_1_514' title='bbox 415 3871 515 3941; x_wconf 92' lang='lat' dir='ltr'><strong>qui</strong></span> <span class='ocrx_word' id='word_1_515' title='bbox 545 3887 579 3925; x_wconf 90' lang='lat' dir='ltr'><strong>a</strong></span> <span class='ocrx_word' id='word_1_516' title='bbox 607 3886 704 3941; x_wconf 82' lang='lat' dir='ltr'><strong>Spe</strong></span> <span class='ocrx_word' id='word_1_517' title='bbox 729 3870 1163 3927; x_wconf 88' lang='lat' dir='ltr'><strong>Christianorum</strong></span> <span class='ocrx_word' id='word_1_518' title='bbox 1205 3888 1314 3927; x_wconf 86' lang='lat' dir='ltr'><strong>non</strong></span> <span class='ocrx_word' id='word_1_519' title='bbox 1344 3875 1528 3931; x_wconf 91' lang='lat' dir='ltr'><strong>tulerit</strong></span> <span class='ocrx_word' id='word_1_520' title='bbox 1558 3876 1706 3931; x_wconf 86' lang='lat' dir='ltr'><strong>exei-</strong></span> 
     </span>
    </p>
   </div>
   <div class='ocr_carea' id='block_1_68' title="bbox 138 3962 1291 4033">
    <p class='ocr_par' dir='ltr' id='par_1_68' title="bbox 138 3962 1291 4033">
     <span class='ocr_line' id='line_1_68' title="bbox 138 3962 1291 4033; baseline 0.01 -25"><span class='ocrx_word' id='word_1_521' title='bbox 138 3962 240 4015; x_wconf 70' lang='lat' dir='ltr'><strong>tine</strong></span> <span class='ocrx_word' id='word_1_522' title='bbox 263 4006 276 4023; x_wconf 89' lang='lat'><strong>,</strong></span> <span class='ocrx_word' id='word_1_523' title='bbox 302 3963 578 4031; x_wconf 87' lang='lat' dir='ltr'><strong>jubemus</strong></span> <span class='ocrx_word' id='word_1_524' title='bbox 611 3962 750 4017; x_wconf 89' lang='lat' dir='ltr'><strong>tradi</strong></span> <span class='ocrx_word' id='word_1_525' title='bbox 780 3963 1051 4033; x_wconf 89' lang='lat' dir='ltr'><strong>supplicio</strong></span> <span class='ocrx_word' id='word_1_526' title='bbox 1078 3964 1291 4033; x_wconf 87' lang='lat' dir='ltr'><strong>capitis.</strong></span> 
     </span>
    </p>
   </div>
   <div class='ocr_carea' id='block_1_69' title="bbox 189 4052 1701 4130">
    <p class='ocr_par' dir='ltr' id='par_1_69' title="bbox 189 4052 1701 4130">
     <span class='ocr_line' id='line_1_69' title="bbox 189 4052 1701 4130; baseline 0.007 -26"><span class='ocrx_word' id='word_1_527' title='bbox 189 4052 309 4108; x_wconf 87' lang='lat' dir='ltr'><strong>Cum</strong></span> <span class='ocrx_word' id='word_1_528' title='bbox 358 4071 497 4125; x_wconf 87' lang='lat' dir='ltr'><strong>ergo</strong></span> <span class='ocrx_word' id='word_1_529' title='bbox 544 4055 667 4124; x_wconf 82' lang='lat' dir='ltr'><strong>ipse</strong></span> <span class='ocrx_word' id='word_1_530' title='bbox 711 4064 859 4108; x_wconf 87' lang='lat' dir='ltr'><strong>esset</strong></span> <span class='ocrx_word' id='word_1_531' title='bbox 888 4070 1161 4124; x_wconf 81' lang='lat' dir='ltr'><strong>egressus,</strong></span> <span class='ocrx_word' id='word_1_532' title='bbox 1205 4068 1430 4127; x_wconf 85' lang='lat' dir='ltr'><strong>accepta</strong></span> <span class='ocrx_word' id='word_1_533' title='bbox 1458 4062 1701 4130; x_wconf 85' lang='lat' dir='ltr'><strong>martyrii</strong></span> 
     </span>
    </p>
   </div>
   <div class='ocr_carea' id='block_1_70' title="bbox 140 4145 1700 4212">
    <p class='ocr_par' dir='ltr' id='par_1_70' title="bbox 140 4145 1700 4212">
     <span class='ocr_line' id='line_1_70' title="bbox 140 4145 1700 4212; baseline 0.006 -16"><span class='ocrx_word' id='word_1_534' title='bbox 140 4146 414 4212; x_wconf 61' lang='lat' dir='ltr'><strong>sententia,</strong></span> <span class='ocrx_word' id='word_1_535' title='bbox 438 4157 498 4201; x_wconf 91' lang='lat' dir='ltr'><strong>et</strong></span> <span class='ocrx_word' id='word_1_536' title='bbox 528 4145 823 4200; x_wconf 78' lang='lat' dir='ltr'><strong>festinaret</strong></span> <span class='ocrx_word' id='word_1_537' title='bbox 852 4146 919 4199; x_wconf 87' lang='lat' dir='ltr'><strong>ad</strong></span> <span class='ocrx_word' id='word_1_538' title='bbox 950 4146 1230 4202; x_wconf 71' lang='lat' dir='ltr'><strong>caelestem</strong></span> <span class='ocrx_word' id='word_1_539' title='bbox 1263 4164 1520 4204; x_wconf 89' lang='lat' dir='ltr'><strong>coronam</strong></span> <span class='ocrx_word' id='word_1_540' title='bbox 1550 4190 1563 4212; x_wconf 94' lang='lat'><strong>,</strong></span> <span class='ocrx_word' id='word_1_541' title='bbox 1601 4168 1700 4205; x_wconf 90' lang='lat' dir='ltr'><strong>au-</strong></span> 
     </span>
    </p>
   </div>
   <div class='ocr_carea' id='block_1_71' title="bbox 140 4237 1705 4312">
    <p class='ocr_par' dir='ltr' id='par_1_71' title="bbox 140 4237 1705 4312">
     <span class='ocr_line' id='line_1_71' title="bbox 140 4237 1705 4312; baseline 0.006 -25"><span class='ocrx_word' id='word_1_542' title='bbox 140 4237 330 4293; x_wconf 80' lang='lat' dir='ltr'><strong>divisset</strong></span> <span class='ocrx_word' id='word_1_543' title='bbox 378 4250 577 4293; x_wconf 90' lang='lat' dir='ltr'><strong>autem</strong></span> <span class='ocrx_word' id='word_1_544' title='bbox 632 4249 859 4293; x_wconf 88' lang='lat' dir='ltr'><strong>sanctus</strong></span> <span class='ocrx_word' id='word_1_545' title='bbox 900 4240 1265 4310; x_wconf 83' lang='lat' dir='ltr'><strong>Nieephorus,</strong></span> <span class='ocrx_word' id='word_1_546' title='bbox 1308 4256 1537 4297; x_wconf 82' lang='lat' dir='ltr'><strong>currens</strong></span> <span class='ocrx_word' id='word_1_547' title='bbox 1578 4260 1705 4312; x_wconf 85' lang='lat' dir='ltr'><strong>pro-</strong></span> 
     </span>
    </p>
   </div>
   <div class='ocr_carea' id='block_1_72' title="bbox 140 4331 1702 4403">
    <p class='ocr_par' dir='ltr' id='par_1_72' title="bbox 140 4331 1702 4403">
     <span class='ocr_line' id='line_1_72' title="bbox 140 4331 1702 4403; baseline 0.004 -22"><span class='ocrx_word' id='word_1_548' title='bbox 140 4331 273 4383; x_wconf 77' lang='lat' dir='ltr'><strong>cessit</strong></span> <span class='ocrx_word' id='word_1_549' title='bbox 294 4332 339 4385; x_wconf 91' lang='lat' dir='ltr'><strong>ei</strong></span> <span class='ocrx_word' id='word_1_550' title='bbox 360 4333 615 4395; x_wconf 86' lang='lat' dir='ltr'><strong>obviam,</strong></span> <span class='ocrx_word' id='word_1_551' title='bbox 638 4341 693 4384; x_wconf 90' lang='lat' dir='ltr'><strong>et</strong></span> <span class='ocrx_word' id='word_1_552' title='bbox 725 4346 783 4385; x_wconf 87' lang='lat' dir='ltr'><strong>se</strong></span> <span class='ocrx_word' id='word_1_553' title='bbox 804 4332 1019 4401; x_wconf 88' lang='lat' dir='ltr'><strong>projicit</strong></span> <span class='ocrx_word' id='word_1_554' title='bbox 1044 4332 1109 4386; x_wconf 92' lang='lat' dir='ltr'><strong>ad</strong></span> <span class='ocrx_word' id='word_1_555' title='bbox 1132 4332 1299 4401; x_wconf 79' lang='lat' dir='ltr'><strong>pedes</strong></span> <span class='ocrx_word' id='word_1_556' title='bbox 1320 4333 1459 4403; x_wconf 88' lang='lat' dir='ltr'><strong>ejus,</strong></span> <span class='ocrx_word' id='word_1_557' title='bbox 1480 4334 1702 4388; x_wconf 91' lang='lat' dir='ltr'><strong>dicens:</strong></span> 
     </span>
    </p>
   </div>
   <div class='ocr_carea' id='block_1_73' title="bbox 142 4418 1701 4494">
    <p class='ocr_par' dir='ltr' id='par_1_73' title="bbox 142 4418 1701 4494">
     <span class='ocr_line' id='line_1_73' title="bbox 142 4418 1701 4494; baseline 0.008 -24"><span class='ocrx_word' id='word_1_558' title='bbox 142 4418 308 4491; x_wconf 73' lang='lat' dir='ltr'><strong>Martvr</strong></span> <span class='ocrx_word' id='word_1_559' title='bbox 327 4424 569 4485; x_wconf 87' lang='lat' dir='ltr'><strong>Christi,</strong></span> <span class='ocrx_word' id='word_1_560' title='bbox 599 4424 823 4491; x_wconf 87' lang='lat' dir='ltr'><strong>ignosce</strong></span> <span class='ocrx_word' id='word_1_561' title='bbox 855 4424 983 4477; x_wconf 90' lang='lat' dir='ltr'><strong>mihi</strong></span> <span class='ocrx_word' id='word_1_562' title='bbox 1010 4426 1267 4494; x_wconf 86' lang='lat' dir='ltr'><strong>quoniam</strong></span> <span class='ocrx_word' id='word_1_563' title='bbox 1301 4426 1517 4494; x_wconf 75' lang='lat' dir='ltr'><strong>peccavi</strong></span> <span class='ocrx_word' id='word_1_564' title='bbox 1548 4426 1599 4479; x_wconf 93' lang='lat' dir='ltr'><strong>in</strong></span> <span class='ocrx_word' id='word_1_565' title='bbox 1630 4437 1701 4482; x_wconf 91' lang='lat' dir='ltr'><strong>te.</strong></span> 
     </span>
    </p>
   </div>
   <div class='ocr_carea' id='block_1_74' title="bbox 140 4513 1708 4587">
    <p class='ocr_par' dir='ltr' id='par_1_74' title="bbox 140 4513 1708 4587">
     <span class='ocr_line' id='line_1_74' title="bbox 140 4513 1708 4587; baseline 0.006 -24"><span class='ocrx_word' id='word_1_566' title='bbox 140 4513 388 4571; x_wconf 86' lang='lat' dir='ltr'><strong>llleautem</strong></span> <span class='ocrx_word' id='word_1_567' title='bbox 409 4516 559 4570; x_wconf 84' lang='lat' dir='ltr'><strong>nihil</strong></span> <span class='ocrx_word' id='word_1_568' title='bbox 583 4516 632 4569; x_wconf 90' lang='lat' dir='ltr'><strong>ei</strong></span> <span class='ocrx_word' id='word_1_569' title='bbox 656 4516 936 4585; x_wconf 81' lang='lat' dir='ltr'><strong>respondit</strong></span> <span class='ocrx_word' id='word_1_570' title='bbox 988 4534 1001 4571; x_wconf 74' lang='grc' dir='ltr'>ε</span> <span class='ocrx_word' id='word_1_571' title='bbox 1032 4526 1351 4571; x_wconf 74' lang='lat' dir='ltr'><strong>excwcatum</strong></span> <span class='ocrx_word' id='word_1_572' title='bbox 1374 4520 1511 4571; x_wconf 82' lang='lat' dir='ltr'><strong>enim</strong></span> <span class='ocrx_word' id='word_1_573' title='bbox 1534 4521 1708 4587; x_wconf 78' lang='lat' dir='ltr'><strong>fuerat</strong></span> 
     </span>
    </p>
   </div>
   <div class='ocr_carea' id='block_1_75' title="bbox 1818 3313 3399 3381">
    <p class='ocr_par' dir='ltr' id='par_1_75' title="bbox 1818 3313 3399 3381">
     <span class='ocr_line' id='line_1_75' title="bbox 1818 3313 3399 3381; baseline 0.004 -16"><span class='ocrx_word' id='word_1_574' title='bbox 1818 3313 2196 3381; x_wconf 88' lang='lat' dir='ltr'><strong>imperatores,</strong></span> <span class='ocrx_word' id='word_1_575' title='bbox 2247 3323 2302 3367; x_wconf 92' lang='lat' dir='ltr'><strong>et</strong></span> <span class='ocrx_word' id='word_1_576' title='bbox 2336 3313 2441 3368; x_wconf 92' lang='lat' dir='ltr'><strong>diis</strong></span> <span class='ocrx_word' id='word_1_577' title='bbox 2471 3314 2741 3369; x_wconf 82' lang='lat' dir='ltr'><strong>sacriﬁco.</strong></span> <span class='ocrx_word' id='word_1_578' title='bbox 2798 3315 2889 3371; x_wconf 86' lang='lat' dir='ltr'><strong>Sic</strong></span> <span class='ocrx_word' id='word_1_579' title='bbox 2938 3332 3062 3370; x_wconf 89' lang='lat' dir='ltr'><strong>eum</strong></span> <span class='ocrx_word' id='word_1_580' title='bbox 3106 3321 3399 3373; x_wconf 65' lang='lat' dir='ltr'><strong>excwcavit</strong></span> 
     </span>
    </p>
   </div>
   <div class='ocr_carea' id='block_1_76' title="bbox 1817 3404 3399 3479">
    <p class='ocr_par' dir='ltr' id='par_1_76' title="bbox 1817 3404 3399 3479">
     <span class='ocr_line' id='line_1_76' title="bbox 1817 3404 3399 3479; baseline 0.003 -20"><span class='ocrx_word' id='word_1_581' title='bbox 1817 3404 2024 3467; x_wconf 89' lang='lat' dir='ltr'><strong>odium,</strong></span> <span class='ocrx_word' id='word_1_582' title='bbox 2054 3413 2110 3458; x_wconf 91' lang='lat' dir='ltr'><strong>et</strong></span> <span class='ocrx_word' id='word_1_583' title='bbox 2140 3404 2207 3459; x_wconf 90' lang='lat' dir='ltr'><strong>ab</strong></span> <span class='ocrx_word' id='word_1_584' title='bbox 2239 3420 2304 3457; x_wconf 91' lang='lat' dir='ltr'><strong>eo</strong></span> <span class='ocrx_word' id='word_1_585' title='bbox 2326 3404 2553 3458; x_wconf 88' lang='lat' dir='ltr'><strong>abduxit</strong></span> <span class='ocrx_word' id='word_1_586' title='bbox 2586 3404 2677 3459; x_wconf 86' lang='lat' dir='ltr'><strong>Dei</strong></span> <span class='ocrx_word' id='word_1_587' title='bbox 2702 3408 2949 3476; x_wconf 82' lang='lat' dir='ltr'><strong>gratiam.</strong></span> <span class='ocrx_word' id='word_1_588' title='bbox 2995 3410 3097 3473; x_wconf 86' lang='lat' dir='ltr'><strong>Qui</strong></span> <span class='ocrx_word' id='word_1_589' title='bbox 3128 3411 3271 3463; x_wconf 88' lang='lat' dir='ltr'><strong>enim</strong></span> <span class='ocrx_word' id='word_1_590' title='bbox 3302 3426 3399 3479; x_wconf 87' lang='lat' dir='ltr'><strong>per</strong></span> 
     </span>
    </p>
   </div>
   <div class='ocr_carea' id='block_1_77' title="bbox 1814 3493 3397 3566">
    <p class='ocr_par' dir='ltr' id='par_1_77' title="bbox 1814 3493 3397 3566">
     <span class='ocr_line' id='line_1_77' title="bbox 1814 3493 3397 3566; baseline 0.004 -19"><span class='ocrx_word' id='word_1_591' title='bbox 1814 3495 2082 3564; x_wconf 89' lang='lat' dir='ltr'><strong>ejusmodi</strong></span> <span class='ocrx_word' id='word_1_592' title='bbox 2116 3502 2389 3566; x_wconf 85' lang='lat' dir='ltr'><strong>tormenta</strong></span> <span class='ocrx_word' id='word_1_593' title='bbox 2421 3511 2530 3547; x_wconf 91' lang='lat' dir='ltr'><strong>non</strong></span> <span class='ocrx_word' id='word_1_594' title='bbox 2574 3500 2791 3565; x_wconf 86' lang='lat' dir='ltr'><strong>negavit</strong></span> <span class='ocrx_word' id='word_1_595' title='bbox 2819 3493 3116 3552; x_wconf 87' lang='lat' dir='ltr'><strong>Dominum</strong></span> <span class='ocrx_word' id='word_1_596' title='bbox 3149 3511 3397 3554; x_wconf 82' lang='lat' dir='ltr'><strong>nostrum</strong></span> 
     </span>
    </p>
   </div>
   <div class='ocr_carea' id='block_1_78' title="bbox 1813 3582 3399 3656">
    <p class='ocr_par' dir='ltr' id='par_1_78' title="bbox 1813 3582 3399 3656">
     <span class='ocr_line' id='line_1_78' title="bbox 1813 3582 3399 3656; baseline 0.005 -19"><span class='ocrx_word' id='word_1_597' title='bbox 1813 3582 2001 3639; x_wconf 84' lang='lat' dir='ltr'><strong>Jesum</strong></span> <span class='ocrx_word' id='word_1_598' title='bbox 2042 3585 2343 3649; x_wconf 75' lang='lat' dir='ltr'><strong>Christum,</strong></span> <span class='ocrx_word' id='word_1_599' title='bbox 2380 3602 2501 3639; x_wconf 90' lang='lat' dir='ltr'><strong>cum</strong></span> <span class='ocrx_word' id='word_1_600' title='bbox 2533 3587 2777 3642; x_wconf 84' lang='lat' dir='ltr'><strong>venisset</strong></span> <span class='ocrx_word' id='word_1_601' title='bbox 2803 3588 2868 3643; x_wconf 91' lang='lat' dir='ltr'><strong>ad</strong></span> <span class='ocrx_word' id='word_1_602' title='bbox 2899 3588 3060 3643; x_wconf 86' lang='lat' dir='ltr'><strong>linem</strong></span> <span class='ocrx_word' id='word_1_603' title='bbox 3094 3591 3303 3656; x_wconf 86' lang='lat' dir='ltr'><strong>mortis,</strong></span> <span class='ocrx_word' id='word_1_604' title='bbox 3344 3601 3399 3645; x_wconf 88' lang='lat' dir='ltr'><strong>et</strong></span> 
     </span>
    </p>
   </div>
   <div class='ocr_carea' id='block_1_79' title="bbox 1813 3680 3397 3754">
    <p class='ocr_par' dir='ltr' id='par_1_79' title="bbox 1813 3680 3397 3754">
     <span class='ocr_line' id='line_1_79' title="bbox 1813 3680 3397 3754; baseline 0.003 -22"><span class='ocrx_word' id='word_1_605' title='bbox 1813 3688 1959 3732; x_wconf 88' lang='lat' dir='ltr'><strong>esset</strong></span> <span class='ocrx_word' id='word_1_606' title='bbox 2008 3688 2338 3746; x_wconf 89' lang='lat' dir='ltr'><strong>accepturus</strong></span> <span class='ocrx_word' id='word_1_607' title='bbox 2381 3680 2667 3747; x_wconf 74' lang='lat' dir='ltr'><strong>praemium</strong></span> <span class='ocrx_word' id='word_1_608' title='bbox 2712 3691 2766 3734; x_wconf 92' lang='lat' dir='ltr'><strong>et</strong></span> <span class='ocrx_word' id='word_1_609' title='bbox 2810 3696 3070 3737; x_wconf 91' lang='lat' dir='ltr'><strong>coronam</strong></span> <span class='ocrx_word' id='word_1_610' title='bbox 3120 3683 3304 3754; x_wconf 82' lang='lat' dir='ltr'><strong>gloriae</strong></span> <span class='ocrx_word' id='word_1_611' title='bbox 3348 3692 3397 3737; x_wconf 82' lang='lat' dir='ltr'><strong>et</strong></span> 
     </span>
    </p>
   </div>
   <div class='ocr_carea' id='block_1_80' title="bbox 1812 3771 3195 3845">
    <p class='ocr_par' dir='ltr' id='par_1_80' title="bbox 1812 3771 3195 3845">
     <span class='ocr_line' id='line_1_80' title="bbox 1812 3771 3195 3845; baseline 0.005 -21"><span class='ocrx_word' id='word_1_612' title='bbox 1812 3772 1943 3838; x_wconf 86' lang='lat' dir='ltr'><strong>spei,</strong></span> <span class='ocrx_word' id='word_1_613' title='bbox 1971 3771 2189 3840; x_wconf 81' lang='lat' dir='ltr'><strong>negavit</strong></span> <span class='ocrx_word' id='word_1_614' title='bbox 2215 3771 2376 3823; x_wconf 89' lang='lat' dir='ltr'><strong>vitam</strong></span> <span class='ocrx_word' id='word_1_615' title='bbox 2402 3781 2679 3838; x_wconf 68' lang='lat' dir='ltr'><strong>mternam,</strong></span> <span class='ocrx_word' id='word_1_616' title='bbox 2714 3784 2769 3829; x_wconf 91' lang='lat' dir='ltr'><strong>et</strong></span> <span class='ocrx_word' id='word_1_617' title='bbox 2792 3774 2895 3829; x_wconf 78' lang='lat' dir='ltr'><strong>fuit</strong></span> <span class='ocrx_word' id='word_1_618' title='bbox 2928 3785 3195 3845; x_wconf 80' lang='lat' dir='ltr'><strong>apostata.</strong></span> 
     </span>
    </p>
   </div>
   <div class='ocr_carea' id='block_1_81' title="bbox 1884 3862 3399 3937">
    <p class='ocr_par' dir='ltr' id='par_1_81' title="bbox 1884 3862 3399 3937">
     <span class='ocr_line' id='line_1_81' title="bbox 1884 3862 3399 3937; baseline 0.005 -22"><span class='ocrx_word' id='word_1_619' title='bbox 1884 3862 2012 3917; x_wconf 68' lang='grc' dir='ltr'><strong>ΙΙωο</strong></span> <span class='ocrx_word' id='word_1_620' title='bbox 2046 3878 2168 3917; x_wconf 89' lang='lat' dir='ltr'><strong>cum</strong></span> <span class='ocrx_word' id='word_1_621' title='bbox 2210 3863 2453 3919; x_wconf 85' lang='lat' dir='ltr'><strong>audisset</strong></span> <span class='ocrx_word' id='word_1_622' title='bbox 2503 3875 2727 3920; x_wconf 88' lang='lat' dir='ltr'><strong>sanctus</strong></span> <span class='ocrx_word' id='word_1_623' title='bbox 2757 3865 3101 3937; x_wconf 83' lang='lat' dir='ltr'><strong>Nicephorus</strong></span> <span class='ocrx_word' id='word_1_624' title='bbox 3124 3910 3138 3934; x_wconf 95' lang='lat'><strong>,</strong></span> <span class='ocrx_word' id='word_1_625' title='bbox 3187 3869 3399 3937; x_wconf 78' lang='lat' dir='ltr'><strong>rogavit</strong></span> 
     </span>
    </p>
   </div>
   <div class='ocr_carea' id='block_1_82' title="bbox 1817 3954 3393 4025">
    <p class='ocr_par' dir='ltr' id='par_1_82' title="bbox 1817 3954 3393 4025">
     <span class='ocr_line' id='line_1_82' title="bbox 1817 3954 3393 4025; baseline 0.003 -18"><span class='ocrx_word' id='word_1_626' title='bbox 1817 3954 2147 4025; x_wconf 89' lang='lat' dir='ltr'><strong>Sapricium,</strong></span> <span class='ocrx_word' id='word_1_627' title='bbox 2196 3972 2311 4008; x_wconf 84' lang='lat' dir='ltr'><strong>cum</strong></span> <span class='ocrx_word' id='word_1_628' title='bbox 2360 3956 2631 4025; x_wconf 80' lang='lat' dir='ltr'><strong>lacrymis,</strong></span> <span class='ocrx_word' id='word_1_629' title='bbox 2667 3958 2896 4013; x_wconf 88' lang='lat' dir='ltr'><strong>dicens:</strong></span> <span class='ocrx_word' id='word_1_630' title='bbox 2944 3957 3084 4024; x_wconf 79' lang='lat' dir='ltr'><strong>Noli,</strong></span> <span class='ocrx_word' id='word_1_631' title='bbox 3130 3974 3162 4014; x_wconf 92' lang='grc' dir='ltr'>ο</span> <span class='ocrx_word' id='word_1_632' title='bbox 3205 3959 3393 4024; x_wconf 80' lang='lat' dir='ltr'><strong>frater,</strong></span> 
     </span>
    </p>
   </div>
   <div class='ocr_carea' id='block_1_83' title="bbox 1814 4046 3394 4118">
    <p class='ocr_par' dir='ltr' id='par_1_83' title="bbox 1814 4046 3394 4118">
     <span class='ocr_line' id='line_1_83' title="bbox 1814 4046 3394 4118; baseline 0.004 -20"><span class='ocrx_word' id='word_1_633' title='bbox 1814 4046 1920 4099; x_wconf 91' lang='lat' dir='ltr'><strong>noli</strong></span> <span class='ocrx_word' id='word_1_634' title='bbox 1958 4047 2262 4116; x_wconf 86' lang='lat' dir='ltr'><strong>transgredi</strong></span> <span class='ocrx_word' id='word_1_635' title='bbox 2300 4055 2353 4101; x_wconf 92' lang='lat' dir='ltr'><strong>et</strong></span> <span class='ocrx_word' id='word_1_636' title='bbox 2397 4062 2595 4118; x_wconf 85' lang='lat' dir='ltr'><strong>negare</strong></span> <span class='ocrx_word' id='word_1_637' title='bbox 2621 4048 2907 4102; x_wconf 89' lang='lat' dir='ltr'><strong>Dominum</strong></span> <span class='ocrx_word' id='word_1_638' title='bbox 2940 4059 3183 4103; x_wconf 81' lang='lat' dir='ltr'><strong>nostrum</strong></span> <span class='ocrx_word' id='word_1_639' title='bbox 3210 4050 3394 4105; x_wconf 85' lang='lat' dir='ltr'><strong>Jesum</strong></span> 
     </span>
    </p>
   </div>
   <div class='ocr_carea' id='block_1_84' title="bbox 1810 4139 3400 4213">
    <p class='ocr_par' dir='ltr' id='par_1_84' title="bbox 1810 4139 3400 4213">
     <span class='ocr_line' id='line_1_84' title="bbox 1810 4139 3400 4213; baseline 0.003 -20"><span class='ocrx_word' id='word_1_640' title='bbox 1810 4140 2112 4193; x_wconf 84' lang='lat' dir='ltr'><strong>Christum.</strong></span> <span class='ocrx_word' id='word_1_641' title='bbox 2163 4139 2279 4194; x_wconf 87' lang='lat' dir='ltr'><strong>Noli</strong></span> <span class='ocrx_word' id='word_1_642' title='bbox 2316 4142 2559 4213; x_wconf 79' lang='lat' dir='ltr'><strong>omnino,</strong></span> <span class='ocrx_word' id='word_1_643' title='bbox 2595 4156 2725 4211; x_wconf 81' lang='lat' dir='ltr'><strong>rogo</strong></span> <span class='ocrx_word' id='word_1_644' title='bbox 2756 4151 2827 4205; x_wconf 91' lang='lat' dir='ltr'><strong>te,</strong></span> <span class='ocrx_word' id='word_1_645' title='bbox 2867 4144 2934 4196; x_wconf 89' lang='lat' dir='ltr'><strong>ab</strong></span> <span class='ocrx_word' id='word_1_646' title='bbox 2964 4158 3029 4197; x_wconf 86' lang='lat' dir='ltr'><strong>eo</strong></span> <span class='ocrx_word' id='word_1_647' title='bbox 3056 4144 3310 4207; x_wconf 79' lang='lat' dir='ltr'><strong>deﬁcere,</strong></span> <span class='ocrx_word' id='word_1_648' title='bbox 3344 4157 3400 4199; x_wconf 88' lang='lat' dir='ltr'><strong>et</strong></span> 
     </span>
    </p>
   </div>
   <div class='ocr_carea' id='block_1_85' title="bbox 1813 4233 3395 4305">
    <p class='ocr_par' dir='ltr' id='par_1_85' title="bbox 1813 4233 3395 4305">
     <span class='ocr_line' id='line_1_85' title="bbox 1813 4233 3395 4305; baseline 0.003 -20"><span class='ocrx_word' id='word_1_649' title='bbox 1813 4233 2041 4303; x_wconf 86' lang='lat' dir='ltr'><strong>perdere</strong></span> <span class='ocrx_word' id='word_1_650' title='bbox 2088 4233 2365 4287; x_wconf 68' lang='lat' dir='ltr'><strong>cmlestem</strong></span> <span class='ocrx_word' id='word_1_651' title='bbox 2406 4248 2664 4288; x_wconf 84' lang='lat' dir='ltr'><strong>coronam</strong></span> <span class='ocrx_word' id='word_1_652' title='bbox 2690 4274 2702 4294; x_wconf 89' lang='lat'><strong>.</strong></span> <span class='ocrx_word' id='word_1_653' title='bbox 2755 4250 2917 4303; x_wconf 90' lang='lat' dir='ltr'><strong>quam</strong></span> <span class='ocrx_word' id='word_1_654' title='bbox 2950 4252 3047 4305; x_wconf 90' lang='lat' dir='ltr'><strong>per</strong></span> <span class='ocrx_word' id='word_1_655' title='bbox 3096 4238 3265 4290; x_wconf 85' lang='lat' dir='ltr'><strong>multa</strong></span> <span class='ocrx_word' id='word_1_656' title='bbox 3303 4253 3395 4290; x_wconf 89' lang='lat' dir='ltr'><strong>ac-</strong></span> 
     </span>
    </p>
   </div>
   <div class='ocr_carea' id='block_1_86' title="bbox 1810 4324 3398 4393">
    <p class='ocr_par' dir='ltr' id='par_1_86' title="bbox 1810 4324 3398 4393">
     <span class='ocr_line' id='line_1_86' title="bbox 1810 4324 3398 4393; baseline 0.003 -16"><span class='ocrx_word' id='word_1_657' title='bbox 1810 4324 2022 4393; x_wconf 89' lang='lat' dir='ltr'><strong>quisisti</strong></span> <span class='ocrx_word' id='word_1_658' title='bbox 2056 4333 2329 4378; x_wconf 91' lang='lat' dir='ltr'><strong>tormenta</strong></span> <span class='ocrx_word' id='word_1_659' title='bbox 2356 4335 2412 4379; x_wconf 89' lang='lat' dir='ltr'><strong>et</strong></span> <span class='ocrx_word' id='word_1_660' title='bbox 2450 4326 2797 4382; x_wconf 82' lang='lat' dir='ltr'><strong>alliictiones.</strong></span> <span class='ocrx_word' id='word_1_661' title='bbox 2860 4326 2949 4381; x_wconf 88' lang='lat' dir='ltr'><strong>Ille</strong></span> <span class='ocrx_word' id='word_1_662' title='bbox 2992 4337 3176 4382; x_wconf 88' lang='lat' dir='ltr'><strong>autem</strong></span> <span class='ocrx_word' id='word_1_663' title='bbox 3223 4330 3398 4382; x_wconf 79' lang='lat' dir='ltr'><strong>noluit</strong></span> 
     </span>
    </p>
   </div>
   <div class='ocr_carea' id='block_1_87' title="bbox 1812 4416 3397 4479">
    <p class='ocr_par' dir='ltr' id='par_1_87' title="bbox 1812 4416 3397 4479">
     <span class='ocr_line' id='line_1_87' title="bbox 1812 4416 3397 4479; baseline 0 -8"><span class='ocrx_word' id='word_1_664' title='bbox 1812 4430 1936 4471; x_wconf 89' lang='lat' dir='ltr'><strong>eum</strong></span> <span class='ocrx_word' id='word_1_665' title='bbox 1968 4416 2195 4470; x_wconf 92' lang='lat' dir='ltr'><strong>omnino</strong></span> <span class='ocrx_word' id='word_1_666' title='bbox 2225 4416 2437 4479; x_wconf 86' lang='lat' dir='ltr'><strong>audire,</strong></span> <span class='ocrx_word' id='word_1_667' title='bbox 2474 4417 2567 4471; x_wconf 89' lang='lat' dir='ltr'><strong>sed</strong></span> <span class='ocrx_word' id='word_1_668' title='bbox 2599 4418 2881 4472; x_wconf 86' lang='lat' dir='ltr'><strong>contendit</strong></span> <span class='ocrx_word' id='word_1_669' title='bbox 2909 4418 3061 4471; x_wconf 90' lang='lat' dir='ltr'><strong>abire</strong></span> <span class='ocrx_word' id='word_1_670' title='bbox 3102 4418 3170 4472; x_wconf 91' lang='lat' dir='ltr'><strong>ad</strong></span> <span class='ocrx_word' id='word_1_671' title='bbox 3206 4418 3397 4471; x_wconf 88' lang='lat' dir='ltr'><strong>interi-</strong></span> 
     </span>
    </p>
   </div>
   <div class='ocr_carea' id='block_1_88' title="bbox 1814 4508 3397 4579">
    <p class='ocr_par' dir='ltr' id='par_1_88' title="bbox 1814 4508 3397 4579">
     <span class='ocr_line' id='line_1_88' title="bbox 1814 4508 3397 4579; baseline 0.001 -18"><span class='ocrx_word' id='word_1_672' title='bbox 1814 4518 1927 4561; x_wconf 90' lang='lat' dir='ltr'><strong>tum</strong></span> <span class='ocrx_word' id='word_1_673' title='bbox 1957 4518 2003 4561; x_wconf 86' lang='lat' dir='ltr'><strong>et</strong></span> <span class='ocrx_word' id='word_1_674' title='bbox 2029 4508 2269 4561; x_wconf 78' lang='lat' dir='ltr'><strong>tenebras</strong></span> <span class='ocrx_word' id='word_1_675' title='bbox 2302 4508 2510 4563; x_wconf 69' lang='lat' dir='ltr'><strong>ultimae</strong></span> <span class='ocrx_word' id='word_1_676' title='bbox 2542 4510 2754 4573; x_wconf 89' lang='lat' dir='ltr'><strong>mortis,</strong></span> <span class='ocrx_word' id='word_1_677' title='bbox 2785 4520 2831 4562; x_wconf 87' lang='lat' dir='ltr'><strong>et</strong></span> <span class='ocrx_word' id='word_1_678' title='bbox 2859 4510 2929 4562; x_wconf 84' lang='lat' dir='ltr'><strong>ad</strong></span> <span class='ocrx_word' id='word_1_679' title='bbox 2956 4511 3150 4579; x_wconf 84' lang='lat' dir='ltr'><strong>ignem,</strong></span> <span class='ocrx_word' id='word_1_680' title='bbox 3179 4511 3266 4576; x_wconf 84' lang='lat' dir='ltr'><strong>qui</strong></span> <span class='ocrx_word' id='word_1_681' title='bbox 3295 4526 3397 4563; x_wconf 85' lang='lat' dir='ltr'><strong>non</strong></span> 
     </span>
    </p>
   </div>
   <div class='ocr_carea' id='block_1_89' title="bbox 140 4599 3395 4677">
    <p class='ocr_par' dir='ltr' id='par_1_89' title="bbox 140 4599 3395 4677">
     <span class='ocr_line' id='line_1_89' title="bbox 140 4599 3395 4677; baseline 0.001 -22"><span class='ocrx_word' id='word_1_682' title='bbox 140 4622 204 4656; x_wconf 74' lang='lat' dir='ltr'><strong>cur</strong></span> <span class='ocrx_word' id='word_1_683' title='bbox 229 4608 333 4675; x_wconf 78' lang='lat' dir='ltr'><strong>ejus</strong></span> <span class='ocrx_word' id='word_1_684' title='bbox 366 4625 398 4660; x_wconf 88' lang='lat' dir='ltr'><strong>a</strong></span> <span class='ocrx_word' id='word_1_685' title='bbox 433 4608 592 4660; x_wconf 87' lang='lat' dir='ltr'><strong>malo</strong></span> <span class='ocrx_word' id='word_1_686' title='bbox 620 4608 880 4659; x_wconf 74' lang='lat' dir='ltr'><strong>dwmone.</strong></span> <span class='ocrx_word' id='word_1_687' title='bbox 936 4606 1170 4662; x_wconf 83' lang='lat' dir='ltr'><strong>Sanctus</strong></span> <span class='ocrx_word' id='word_1_688' title='bbox 1203 4607 1541 4677; x_wconf 78' lang='lat' dir='ltr'><strong>Nicephorus</strong></span> <span class='ocrx_word' id='word_1_689' title='bbox 1576 4627 1698 4665; x_wconf 88' lang='lat' dir='ltr'><strong>eum</strong></span> <span class='ocrx_word' id='word_1_690' title='bbox 1736 4599 1789 4662; x_wconf 88' lang='lat' dir='ltr'><strong>D</strong></span> <span class='ocrx_word' id='word_1_691' title='bbox 1817 4614 1983 4673; x_wconf 75' lang='lat' dir='ltr'><strong>potest</strong></span> <span class='ocrx_word' id='word_1_692' title='bbox 2018 4604 2299 4673; x_wconf 73' lang='lat' dir='ltr'><strong>exstingui.</strong></span> <span class='ocrx_word' id='word_1_693' title='bbox 2330 4602 2432 4668; x_wconf 89' lang='lat' dir='ltr'><strong>Qui</strong></span> <span class='ocrx_word' id='word_1_694' title='bbox 2457 4605 2589 4657; x_wconf 85' lang='lat' dir='ltr'><strong>tanti</strong></span> <span class='ocrx_word' id='word_1_695' title='bbox 2616 4605 2772 4673; x_wconf 90' lang='lat' dir='ltr'><strong>pretii</strong></span> <span class='ocrx_word' id='word_1_696' title='bbox 2800 4606 3023 4674; x_wconf 84' lang='lat' dir='ltr'><strong>gloriam</strong></span> <span class='ocrx_word' id='word_1_697' title='bbox 3046 4604 3096 4656; x_wconf 91' lang='lat' dir='ltr'><strong>in</strong></span> <span class='ocrx_word' id='word_1_698' title='bbox 3120 4614 3395 4658; x_wconf 90' lang='lat' dir='ltr'><strong>momento</strong></span> 
     </span>
    </p>
   </div>
   <div class='ocr_carea' id='block_1_90' title="bbox 140 4700 1705 4771">
    <p class='ocr_par' dir='ltr' id='par_1_90' title="bbox 140 4700 1705 4771">
     <span class='ocr_line' id='line_1_90' title="bbox 140 4700 1705 4771; baseline 0.004 -22"><span class='ocrx_word' id='word_1_699' title='bbox 140 4714 291 4755; x_wconf 88' lang='lat' dir='ltr'><strong>rursus</strong></span> <span class='ocrx_word' id='word_1_700' title='bbox 312 4701 588 4770; x_wconf 71' lang='lat' dir='ltr'><strong>praevenit</strong></span> <span class='ocrx_word' id='word_1_701' title='bbox 611 4715 711 4768; x_wconf 82' lang='lat' dir='ltr'><strong>per</strong></span> <span class='ocrx_word' id='word_1_702' title='bbox 732 4700 891 4753; x_wconf 87' lang='lat' dir='ltr'><strong>aliam</strong></span> <span class='ocrx_word' id='word_1_703' title='bbox 915 4700 1076 4763; x_wconf 80' lang='lat' dir='ltr'><strong>viam,</strong></span> <span class='ocrx_word' id='word_1_704' title='bbox 1101 4710 1155 4754; x_wconf 83' lang='lat' dir='ltr'><strong>et</strong></span> <span class='ocrx_word' id='word_1_705' title='bbox 1178 4701 1225 4754; x_wconf 90' lang='lat' dir='ltr'><strong>ei</strong></span> <span class='ocrx_word' id='word_1_706' title='bbox 1259 4703 1497 4756; x_wconf 87' lang='lat' dir='ltr'><strong>occurrit</strong></span> <span class='ocrx_word' id='word_1_707' title='bbox 1525 4704 1705 4771; x_wconf 87' lang='lat' dir='ltr'><strong>prius-</strong></span> 
     </span>
    </p>
   </div>
   <div class='ocr_carea' id='block_1_91' title="bbox 138 4793 1703 4863">
    <p class='ocr_par' dir='ltr' id='par_1_91' title="bbox 138 4793 1703 4863">
     <span class='ocr_line' id='line_1_91' title="bbox 138 4793 1703 4863; baseline 0.006 -23"><span class='ocrx_word' id='word_1_708' title='bbox 138 4808 266 4858; x_wconf 74' lang='lat' dir='ltr'><strong>quam</strong></span> <span class='ocrx_word' id='word_1_709' title='bbox 314 4794 431 4862; x_wconf 88' lang='lat' dir='ltr'><strong>ipse</strong></span> <span class='ocrx_word' id='word_1_710' title='bbox 480 4793 903 4863; x_wconf 78' lang='lat' dir='ltr'><strong>egredereture</strong></span> <span class='ocrx_word' id='word_1_711' title='bbox 941 4793 1180 4857; x_wconf 79' lang='lat' dir='ltr'><strong>civitate,</strong></span> <span class='ocrx_word' id='word_1_712' title='bbox 1226 4803 1281 4847; x_wconf 91' lang='lat' dir='ltr'><strong>et</strong></span> <span class='ocrx_word' id='word_1_713' title='bbox 1325 4796 1530 4863; x_wconf 67' lang='lat' dir='ltr'><strong>rogavit</strong></span> <span class='ocrx_word' id='word_1_714' title='bbox 1579 4811 1703 4849; x_wconf 89' lang='lat' dir='ltr'><strong>cum</strong></span> 
     </span>
    </p>
   </div>
   <div class='ocr_carea' id='block_1_92' title="bbox 137 4884 1705 4956">
    <p class='ocr_par' dir='ltr' id='par_1_92' title="bbox 137 4884 1705 4956">
     <span class='ocr_line' id='line_1_92' title="bbox 137 4884 1705 4956; baseline 0.005 -22"><span class='ocrx_word' id='word_1_715' title='bbox 137 4884 315 4939; x_wconf 76' lang='lat' dir='ltr'><strong>dicens:</strong></span> <span class='ocrx_word' id='word_1_716' title='bbox 343 4885 559 4956; x_wconf 70' lang='lat' dir='ltr'><strong>Martyr</strong></span> <span class='ocrx_word' id='word_1_717' title='bbox 577 4884 806 4946; x_wconf 90' lang='lat' dir='ltr'><strong>Christi,</strong></span> <span class='ocrx_word' id='word_1_718' title='bbox 827 4884 1076 4939; x_wconf 91' lang='lat' dir='ltr'><strong>condona</strong></span> <span class='ocrx_word' id='word_1_719' title='bbox 1098 4885 1229 4938; x_wconf 90' lang='lat' dir='ltr'><strong>mibi</strong></span> <span class='ocrx_word' id='word_1_720' title='bbox 1252 4900 1315 4938; x_wconf 84' lang='lat' dir='ltr'><strong>ea</strong></span> <span class='ocrx_word' id='word_1_721' title='bbox 1342 4901 1461 4954; x_wconf 71' lang='lat' dir='ltr'><strong>qua:</strong></span> <span class='ocrx_word' id='word_1_722' title='bbox 1484 4887 1705 4955; x_wconf 88' lang='lat' dir='ltr'><strong>peccavi</strong></span> 
     </span>
    </p>
   </div>
   <div class='ocr_carea' id='block_1_93' title="bbox 140 4973 1704 5039">
    <p class='ocr_par' dir='ltr' id='par_1_93' title="bbox 140 4973 1704 5039">
     <span class='ocr_line' id='line_1_93' title="bbox 140 4973 1704 5039; baseline 0.006 -15"><span class='ocrx_word' id='word_1_723' title='bbox 140 4973 175 5026; x_wconf 83' lang='lat' dir='ltr'><strong>in</strong></span> <span class='ocrx_word' id='word_1_724' title='bbox 210 4987 252 5030; x_wconf 90' lang='lat' dir='ltr'><strong>te</strong></span> <span class='ocrx_word' id='word_1_725' title='bbox 281 4988 335 5031; x_wconf 91' lang='lat' dir='ltr'><strong>ut</strong></span> <span class='ocrx_word' id='word_1_726' title='bbox 363 4979 561 5032; x_wconf 88' lang='lat' dir='ltr'><strong>homo.</strong></span> <span class='ocrx_word' id='word_1_727' title='bbox 631 4974 770 5028; x_wconf 83' lang='lat' dir='ltr'><strong>Ecce</strong></span> <span class='ocrx_word' id='word_1_728' title='bbox 812 4975 976 5039; x_wconf 86' lang='lat' dir='ltr'><strong>enim,</strong></span> <span class='ocrx_word' id='word_1_729' title='bbox 1023 4975 1149 5029; x_wconf 76' lang='lat' dir='ltr'><strong>data</strong></span> <span class='ocrx_word' id='word_1_730' title='bbox 1187 4986 1271 5031; x_wconf 90' lang='lat' dir='ltr'><strong>est</strong></span> <span class='ocrx_word' id='word_1_731' title='bbox 1308 4977 1402 5031; x_wconf 86' lang='lat' dir='ltr'><strong>tibi</strong></span> <span class='ocrx_word' id='word_1_732' title='bbox 1448 4993 1645 5032; x_wconf 85' lang='lat' dir='ltr'><strong>corona</strong></span> <span class='ocrx_word' id='word_1_733' title='bbox 1675 4996 1704 5034; x_wconf 87' lang='lat' dir='ltr'><strong>a</strong></span> 
     </span>
    </p>
   </div>
   <div class='ocr_carea' id='block_1_94' title="bbox 139 5066 1699 5138">
    <p class='ocr_par' dir='ltr' id='par_1_94' title="bbox 139 5066 1699 5138">
     <span class='ocr_line' id='line_1_94' title="bbox 139 5066 1699 5138; baseline 0.005 -21"><span class='ocrx_word' id='word_1_734' title='bbox 139 5066 528 5138; x_wconf 57' lang='lat' dir='ltr'><strong>tibristo,quem</strong></span> <span class='ocrx_word' id='word_1_735' title='bbox 571 5083 688 5119; x_wconf 88' lang='lat' dir='ltr'><strong>non</strong></span> <span class='ocrx_word' id='word_1_736' title='bbox 713 5066 940 5137; x_wconf 84' lang='lat' dir='ltr'><strong>negasti,</strong></span> <span class='ocrx_word' id='word_1_737' title='bbox 971 5069 1066 5122; x_wconf 88' lang='lat' dir='ltr'><strong>sed</strong></span> <span class='ocrx_word' id='word_1_738' title='bbox 1093 5069 1380 5124; x_wconf 78' lang='lat' dir='ltr'><strong>confessus</strong></span> <span class='ocrx_word' id='word_1_739' title='bbox 1408 5086 1467 5125; x_wconf 90' lang='lat' dir='ltr'><strong>es</strong></span> <span class='ocrx_word' id='word_1_740' title='bbox 1502 5087 1699 5125; x_wconf 84' lang='lat' dir='ltr'><strong>nomen</strong></span> 
     </span>
    </p>
   </div>
   <div class='ocr_carea' id='block_1_95' title="bbox 140 5154 1701 5219">
    <p class='ocr_par' dir='ltr' id='par_1_95' title="bbox 140 5154 1701 5219">
     <span class='ocr_line' id='line_1_95' title="bbox 140 5154 1701 5219; baseline 0.005 -12"><span class='ocrx_word' id='word_1_741' title='bbox 140 5154 227 5219; x_wconf 62' lang='lat' dir='ltr'><strong>eius</strong></span> <span class='ocrx_word' id='word_1_742' title='bbox 270 5168 525 5213; x_wconf 86' lang='lat' dir='ltr'><strong>sanctum</strong></span> <span class='ocrx_word' id='word_1_743' title='bbox 583 5173 773 5211; x_wconf 86' lang='lat' dir='ltr'><strong>coram</strong></span> <span class='ocrx_word' id='word_1_744' title='bbox 822 5160 1008 5213; x_wconf 88' lang='lat' dir='ltr'><strong>multis</strong></span> <span class='ocrx_word' id='word_1_745' title='bbox 1055 5162 1304 5215; x_wconf 85' lang='lat' dir='ltr'><strong>testibus.</strong></span> <span class='ocrx_word' id='word_1_746' title='bbox 1376 5160 1467 5217; x_wconf 90' lang='lat' dir='ltr'><strong>Ille</strong></span> <span class='ocrx_word' id='word_1_747' title='bbox 1519 5172 1701 5216; x_wconf 88' lang='lat' dir='ltr'><strong>autem</strong></span> 
     </span>
    </p>
   </div>
   <div class='ocr_carea' id='block_1_96' title="bbox 139 5248 1694 5317">
    <p class='ocr_par' dir='ltr' id='par_1_96' title="bbox 139 5248 1694 5317">
     <span class='ocr_line' id='line_1_96' title="bbox 139 5248 1694 5317; baseline 0.01 -24"><span class='ocrx_word' id='word_1_748' title='bbox 139 5248 329 5302; x_wconf 74' lang='lat' dir='ltr'><strong>duruset</strong></span> <span class='ocrx_word' id='word_1_749' title='bbox 350 5250 753 5317; x_wconf 78' lang='lat' dir='ltr'><strong>implacabilis,</strong></span> <span class='ocrx_word' id='word_1_750' title='bbox 805 5251 930 5306; x_wconf 90' lang='lat' dir='ltr'><strong>odio</strong></span> <span class='ocrx_word' id='word_1_751' title='bbox 960 5268 1054 5306; x_wconf 90' lang='lat' dir='ltr'><strong>cor</strong></span> <span class='ocrx_word' id='word_1_752' title='bbox 1083 5252 1291 5307; x_wconf 81' lang='lat' dir='ltr'><strong>habens</strong></span> <span class='ocrx_word' id='word_1_753' title='bbox 1341 5265 1694 5316; x_wconf 63' lang='lat' dir='ltr'><strong>excaicatum,</strong></span> 
     </span>
    </p>
   </div>
   <div class='ocr_carea' id='block_1_97' title="bbox 141 5342 1705 5412">
    <p class='ocr_par' dir='ltr' id='par_1_97' title="bbox 141 5342 1705 5412">
     <span class='ocr_line' id='line_1_97' title="bbox 141 5342 1705 5412; baseline 0.008 -23"><span class='ocrx_word' id='word_1_754' title='bbox 141 5356 279 5409; x_wconf 65' lang='lat' dir='ltr'><strong>neque</strong></span> <span class='ocrx_word' id='word_1_755' title='bbox 311 5342 359 5397; x_wconf 91' lang='lat' dir='ltr'><strong>ei</strong></span> <span class='ocrx_word' id='word_1_756' title='bbox 391 5343 554 5397; x_wconf 89' lang='lat' dir='ltr'><strong>dedit</strong></span> <span class='ocrx_word' id='word_1_757' title='bbox 613 5342 869 5408; x_wconf 89' lang='lat' dir='ltr'><strong>veniam,</strong></span> <span class='ocrx_word' id='word_1_758' title='bbox 925 5359 1105 5412; x_wconf 81' lang='lat' dir='ltr'><strong>neque</strong></span> <span class='ocrx_word' id='word_1_759' title='bbox 1150 5345 1198 5398; x_wconf 90' lang='lat' dir='ltr'><strong>ei</strong></span> <span class='ocrx_word' id='word_1_760' title='bbox 1251 5346 1478 5400; x_wconf 87' lang='lat' dir='ltr'><strong>verbum</strong></span> <span class='ocrx_word' id='word_1_761' title='bbox 1533 5348 1705 5401; x_wconf 89' lang='lat' dir='ltr'><strong>voluit</strong></span> 
     </span>
    </p>
   </div>
   <div class='ocr_carea' id='block_1_98' title="bbox 142 5432 1707 5503">
    <p class='ocr_par' dir='ltr' id='par_1_98' title="bbox 142 5432 1707 5503">
     <span class='ocr_line' id='line_1_98' title="bbox 142 5432 1707 5503; baseline 0.01 -26"><span class='ocrx_word' id='word_1_762' title='bbox 142 5434 470 5499; x_wconf 78' lang='lat' dir='ltr'><strong>respondere;</strong></span> <span class='ocrx_word' id='word_1_763' title='bbox 530 5432 683 5487; x_wconf 77' lang='lat' dir='ltr'><strong>adeo</strong></span> <span class='ocrx_word' id='word_1_764' title='bbox 732 5440 792 5485; x_wconf 94' lang='lat' dir='ltr'><strong>ut</strong></span> <span class='ocrx_word' id='word_1_765' title='bbox 838 5433 937 5503; x_wconf 89' lang='lat' dir='ltr'><strong>ipsi</strong></span> <span class='ocrx_word' id='word_1_766' title='bbox 971 5435 1187 5489; x_wconf 86' lang='lat' dir='ltr'><strong>lictores</strong></span> <span class='ocrx_word' id='word_1_767' title='bbox 1232 5436 1477 5491; x_wconf 87' lang='lat' dir='ltr'><strong>dicerent</strong></span> <span class='ocrx_word' id='word_1_768' title='bbox 1519 5448 1707 5492; x_wconf 84' lang='lat' dir='ltr'><strong>sancto</strong></span> 
     </span>
    </p>
   </div>
   <div class='ocr_carea' id='block_1_99' title="bbox 143 5515 1707 5598">
    <p class='ocr_par' dir='ltr' id='par_1_99' title="bbox 143 5515 1707 5598">
     <span class='ocr_line' id='line_1_99' title="bbox 143 5515 1707 5598; baseline 0.007 -25"><span class='ocrx_word' id='word_1_769' title='bbox 143 5515 409 5592; x_wconf 57' lang='lat' dir='ltr'><strong>Nic-*pboro</strong></span> <span class='ocrx_word' id='word_1_770' title='bbox 438 5545 452 5579; x_wconf 88' lang='lat'>:</span> <span class='ocrx_word' id='word_1_771' title='bbox 505 5526 654 5578; x_wconf 85' lang='lat' dir='ltr'><strong>Tain</strong></span> <span class='ocrx_word' id='word_1_772' title='bbox 680 5524 907 5578; x_wconf 89' lang='lat' dir='ltr'><strong>stultum</strong></span> <span class='ocrx_word' id='word_1_773' title='bbox 946 5526 1223 5581; x_wconf 90' lang='lat' dir='ltr'><strong>hominem</strong></span> <span class='ocrx_word' id='word_1_774' title='bbox 1257 5544 1535 5598; x_wconf 90' lang='lat' dir='ltr'><strong>nunquam</strong></span> <span class='ocrx_word' id='word_1_775' title='bbox 1567 5530 1707 5583; x_wconf 87' lang='lat' dir='ltr'><strong>vidi-</strong></span> 
     </span>
    </p>
   </div>
   <div class='ocr_carea' id='block_1_100' title="bbox 143 5615 1704 5690">
    <p class='ocr_par' dir='ltr' id='par_1_100' title="bbox 143 5615 1704 5690">
     <span class='ocr_line' id='line_1_100' title="bbox 143 5615 1704 5690; baseline 0.008 -27"><span class='ocrx_word' id='word_1_776' title='bbox 143 5625 248 5667; x_wconf 82' lang='lat' dir='ltr'><strong>mus.</strong></span> <span class='ocrx_word' id='word_1_777' title='bbox 290 5615 445 5671; x_wconf 71' lang='lat' dir='ltr'><strong>Vadit</strong></span> <span class='ocrx_word' id='word_1_778' title='bbox 471 5617 543 5671; x_wconf 90' lang='lat' dir='ltr'><strong>ad</strong></span> <span class='ocrx_word' id='word_1_779' title='bbox 576 5616 911 5685; x_wconf 87' lang='lat' dir='ltr'><strong>supplicium</strong></span> <span class='ocrx_word' id='word_1_780' title='bbox 937 5620 1149 5687; x_wconf 87' lang='lat' dir='ltr'><strong>capitis,</strong></span> <span class='ocrx_word' id='word_1_781' title='bbox 1178 5630 1234 5673; x_wconf 87' lang='lat' dir='ltr'><strong>et</strong></span> <span class='ocrx_word' id='word_1_782' title='bbox 1264 5622 1535 5690; x_wconf 85' lang='lat' dir='ltr'><strong>quomodo</strong></span> <span class='ocrx_word' id='word_1_783' title='bbox 1569 5622 1704 5689; x_wconf 88' lang='lat' dir='ltr'><strong>petis</strong></span> 
     </span>
    </p>
   </div>
   <div class='ocr_carea' id='block_1_101' title="bbox 146 5708 1703 5777">
    <p class='ocr_par' dir='ltr' id='par_1_101' title="bbox 146 5708 1703 5777">
     <span class='ocr_line' id='line_1_101' title="bbox 146 5708 1703 5777; baseline 0.008 -22"><span class='ocrx_word' id='word_1_784' title='bbox 146 5708 316 5761; x_wconf 61' lang='lat' dir='ltr'><strong>veniam</strong></span> <span class='ocrx_word' id='word_1_785' title='bbox 364 5710 431 5763; x_wconf 87' lang='lat' dir='ltr'><strong>ab</strong></span> <span class='ocrx_word' id='word_1_786' title='bbox 460 5725 555 5769; x_wconf 84' lang='lat' dir='ltr'><strong>eo.</strong></span> <span class='ocrx_word' id='word_1_787' title='bbox 614 5708 711 5776; x_wconf 86' lang='lat' dir='ltr'><strong>qui</strong></span> <span class='ocrx_word' id='word_1_788' title='bbox 756 5708 866 5777; x_wconf 81' lang='lat' dir='ltr'><strong>jam</strong></span> <span class='ocrx_word' id='word_1_789' title='bbox 900 5719 976 5763; x_wconf 83' lang='lat' dir='ltr'><strong>est</strong></span> <span class='ocrx_word' id='word_1_790' title='bbox 1032 5711 1375 5765; x_wconf 72' lang='lat' dir='ltr'><strong>moriturus?</strong></span> <span class='ocrx_word' id='word_1_791' title='bbox 1435 5713 1575 5767; x_wconf 69' lang='lat' dir='ltr'><strong>Dicit</strong></span> <span class='ocrx_word' id='word_1_792' title='bbox 1624 5716 1703 5767; x_wconf 78' lang='lat' dir='ltr'><strong>eis</strong></span> 
     </span>
    </p>
   </div>
   <div class='ocr_carea' id='block_1_102' title="bbox 146 5798 1702 5874">
    <p class='ocr_par' dir='ltr' id='par_1_102' title="bbox 146 5798 1702 5874">
     <span class='ocr_line' id='line_1_102' title="bbox 146 5798 1702 5874; baseline 0.006 -26"><span class='ocrx_word' id='word_1_793' title='bbox 146 5807 321 5852; x_wconf 67' lang='lat' dir='ltr'><strong>sanctus</strong></span> <span class='ocrx_word' id='word_1_794' title='bbox 365 5800 766 5871; x_wconf 74' lang='lat' dir='ltr'><strong>Nicephorus:</strong></span> <span class='ocrx_word' id='word_1_795' title='bbox 818 5798 1049 5855; x_wconf 72' lang='lat' dir='ltr'><strong>Nescitis</strong></span> <span class='ocrx_word' id='word_1_796' title='bbox 1090 5803 1222 5871; x_wconf 68' lang='lat' dir='ltr'><strong>quid</strong></span> <span class='ocrx_word' id='word_1_797' title='bbox 1276 5814 1451 5874; x_wconf 73' lang='lat' dir='ltr'><strong>prtum</strong></span> <span class='ocrx_word' id='word_1_798' title='bbox 1502 5820 1526 5858; x_wconf 83' lang='lat' dir='ltr'><strong>a</strong></span> <span class='ocrx_word' id='word_1_799' title='bbox 1570 5821 1702 5858; x_wconf 81' lang='lat' dir='ltr'><strong>con-</strong></span> 
     </span>
    </p>
   </div>
   <div class='ocr_carea' id='block_1_103' title="bbox 146 5885 1144 5949">
    <p class='ocr_par' dir='ltr' id='par_1_103' title="bbox 146 5885 1144 5949">
     <span class='ocr_line' id='line_1_103' title="bbox 146 5885 1144 5949; baseline 0.007 -8"><span class='ocrx_word' id='word_1_800' title='bbox 146 5885 310 5946; x_wconf 71' lang='lat' dir='ltr'><strong>lcsscre</strong></span> <span class='ocrx_word' id='word_1_801' title='bbox 343 5892 553 5949; x_wconf 85' lang='lat' dir='ltr'><strong>Christi</strong></span> <span class='ocrx_word' id='word_1_802' title='bbox 588 5911 599 5947; x_wconf 70' lang='grc' dir='ltr'>ι</span> <span class='ocrx_word' id='word_1_803' title='bbox 642 5891 784 5946; x_wconf 83' lang='lat' dir='ltr'><strong>Deus</strong></span> <span class='ocrx_word' id='word_1_804' title='bbox 814 5901 993 5947; x_wconf 83' lang='lat' dir='ltr'><strong>autem</strong></span> <span class='ocrx_word' id='word_1_805' title='bbox 1024 5895 1144 5949; x_wconf 69' lang='lat' dir='ltr'><strong>scit.</strong></span> 
     </span>
    </p>
   </div>
   <div class='ocr_carea' id='block_1_104' title="bbox 1813 4692 3392 4763">
    <p class='ocr_par' dir='ltr' id='par_1_104' title="bbox 1813 4692 3392 4763">
     <span class='ocr_line' id='line_1_104' title="bbox 1813 4692 3392 4763; baseline -0.001 -16"><span class='ocrx_word' id='word_1_806' title='bbox 1813 4696 1977 4747; x_wconf 85' lang='lat' dir='ltr'><strong>unius</strong></span> <span class='ocrx_word' id='word_1_807' title='bbox 2010 4695 2157 4748; x_wconf 76' lang='lat' dir='ltr'><strong>hora:</strong></span> <span class='ocrx_word' id='word_1_808' title='bbox 2192 4694 2333 4747; x_wconf 82' lang='lat' dir='ltr'><strong>ictus</strong></span> <span class='ocrx_word' id='word_1_809' title='bbox 2361 4692 2521 4763; x_wconf 89' lang='lat' dir='ltr'><strong>gladii</strong></span> <span class='ocrx_word' id='word_1_810' title='bbox 2560 4694 2814 4763; x_wconf 87' lang='lat' dir='ltr'><strong>perdidit,</strong></span> <span class='ocrx_word' id='word_1_811' title='bbox 2859 4708 3049 4747; x_wconf 87' lang='lat' dir='ltr'><strong>revera</strong></span> <span class='ocrx_word' id='word_1_812' title='bbox 3080 4692 3181 4748; x_wconf 83' lang='lat' dir='ltr'><strong>fuit</strong></span> <span class='ocrx_word' id='word_1_813' title='bbox 3208 4694 3392 4756; x_wconf 87' lang='lat' dir='ltr'><strong>miser,</strong></span> 
     </span>
    </p>
   </div>
   <div class='ocr_carea' id='block_1_105' title="bbox 1811 4786 2380 4841">
    <p class='ocr_par' dir='ltr' id='par_1_105' title="bbox 1811 4786 2380 4841">
     <span class='ocr_line' id='line_1_105' title="bbox 1811 4786 2380 4841; baseline -0.002 0"><span class='ocrx_word' id='word_1_814' title='bbox 1811 4796 2114 4841; x_wconf 61' lang='lat' dir='ltr'><strong>exraicatus</strong></span> <span class='ocrx_word' id='word_1_815' title='bbox 2138 4787 2205 4840; x_wconf 89' lang='lat' dir='ltr'><strong>ab</strong></span> <span class='ocrx_word' id='word_1_816' title='bbox 2233 4786 2380 4840; x_wconf 87' lang='lat' dir='ltr'><strong>odio.</strong></span> 
     </span>
    </p>
   </div>
   <div class='ocr_carea' id='block_1_106' title="bbox 1880 4876 3393 4934">
    <p class='ocr_par' dir='ltr' id='par_1_106' title="bbox 1880 4876 3393 4934">
     <span class='ocr_line' id='line_1_106' title="bbox 1880 4876 3393 4934; baseline 0.001 -4"><span class='ocrx_word' id='word_1_817' title='bbox 1880 4879 1995 4931; x_wconf 62' lang='lat' dir='ltr'><strong>Non</strong></span> <span class='ocrx_word' id='word_1_818' title='bbox 2026 4878 2171 4932; x_wconf 90' lang='lat' dir='ltr'><strong>enim</strong></span> <span class='ocrx_word' id='word_1_819' title='bbox 2198 4878 2405 4931; x_wconf 86' lang='lat' dir='ltr'><strong>audivit</strong></span> <span class='ocrx_word' id='word_1_820' title='bbox 2428 4876 2716 4932; x_wconf 87' lang='lat' dir='ltr'><strong>Dominum</strong></span> <span class='ocrx_word' id='word_1_821' title='bbox 2736 4888 2983 4931; x_wconf 90' lang='lat' dir='ltr'><strong>nostrum</strong></span> <span class='ocrx_word' id='word_1_822' title='bbox 3008 4877 3197 4934; x_wconf 76' lang='lat' dir='ltr'><strong>Jesum</strong></span> <span class='ocrx_word' id='word_1_823' title='bbox 3232 4877 3393 4931; x_wconf 88' lang='lat' dir='ltr'><strong>Chri-</strong></span> 
     </span>
    </p>
   </div>
   <div class='ocr_carea' id='block_1_107' title="bbox 1810 4968 3395 5040">
    <p class='ocr_par' dir='ltr' id='par_1_107' title="bbox 1810 4968 3395 5040">
     <span class='ocr_line' id='line_1_107' title="bbox 1810 4968 3395 5040; baseline -0.001 -15"><span class='ocrx_word' id='word_1_824' title='bbox 1810 4979 1973 5031; x_wconf 82' lang='lat' dir='ltr'><strong>stum,</strong></span> <span class='ocrx_word' id='word_1_825' title='bbox 2020 4970 2293 5023; x_wconf 87' lang='lat' dir='ltr'><strong>dicentem</strong></span> <span class='ocrx_word' id='word_1_826' title='bbox 2348 4969 2400 5021; x_wconf 92' lang='lat' dir='ltr'><strong>in</strong></span> <span class='ocrx_word' id='word_1_827' title='bbox 2445 4978 2635 5022; x_wconf 86' lang='lat' dir='ltr'><strong>sancto</strong></span> <span class='ocrx_word' id='word_1_828' title='bbox 2682 4968 3015 5040; x_wconf 78' lang='lat' dir='ltr'><strong>Evangelio:</strong></span> <span class='ocrx_word' id='word_1_829' title='bbox 3053 4989 3069 5020; x_wconf 74' lang='grc' dir='ltr'>ι</span> <span class='ocrx_word' id='word_1_830' title='bbox 3108 4969 3160 5022; x_wconf 93' lang='lat' dir='ltr'><strong>Si</strong></span> <span class='ocrx_word' id='word_1_831' title='bbox 3199 4969 3395 5023; x_wconf 77' lang='lat' dir='ltr'><strong>afferas</strong></span> 
     </span>
    </p>
   </div>
   <div class='ocr_carea' id='block_1_108' title="bbox 1812 5059 3394 5127">
    <p class='ocr_par' dir='ltr' id='par_1_108' title="bbox 1812 5059 3394 5127">
     <span class='ocr_line' id='line_1_108' title="bbox 1812 5059 3394 5127; baseline -0.001 -13"><span class='ocrx_word' id='word_1_832' title='bbox 1812 5076 2011 5114; x_wconf 87' lang='lat' dir='ltr'><strong>munus</strong></span> <span class='ocrx_word' id='word_1_833' title='bbox 2035 5070 2184 5113; x_wconf 90' lang='lat' dir='ltr'><strong>tuum</strong></span> <span class='ocrx_word' id='word_1_834' title='bbox 2213 5060 2279 5111; x_wconf 88' lang='lat' dir='ltr'><strong>ad</strong></span> <span class='ocrx_word' id='word_1_835' title='bbox 2298 5060 2490 5119; x_wconf 87' lang='lat' dir='ltr'><strong>altare,</strong></span> <span class='ocrx_word' id='word_1_836' title='bbox 2513 5066 2563 5110; x_wconf 80' lang='lat' dir='ltr'><strong>et</strong></span> <span class='ocrx_word' id='word_1_837' title='bbox 2586 5060 2891 5112; x_wconf 82' lang='lat' dir='ltr'><strong>recorderis</strong></span> <span class='ocrx_word' id='word_1_838' title='bbox 2916 5059 3056 5127; x_wconf 86' lang='lat' dir='ltr'><strong>quod</strong></span> <span class='ocrx_word' id='word_1_839' title='bbox 3084 5060 3250 5113; x_wconf 80' lang='lat' dir='ltr'><strong>frater</strong></span> <span class='ocrx_word' id='word_1_840' title='bbox 3271 5070 3394 5112; x_wconf 82' lang='lat' dir='ltr'><strong>tuus</strong></span> 
     </span>
    </p>
   </div>
   <div class='ocr_carea' id='block_1_109' title="bbox 1812 5151 3393 5220">
    <p class='ocr_par' dir='ltr' id='par_1_109' title="bbox 1812 5151 3393 5220">
     <span class='ocr_line' id='line_1_109' title="bbox 1812 5151 3393 5220; baseline 0 -15"><span class='ocrx_word' id='word_1_841' title='bbox 1812 5153 1973 5207; x_wconf 86' lang='lat' dir='ltr'><strong>habet</strong></span> <span class='ocrx_word' id='word_1_842' title='bbox 1992 5152 2201 5220; x_wconf 83' lang='lat' dir='ltr'><strong>aliquid</strong></span> <span class='ocrx_word' id='word_1_843' title='bbox 2242 5152 2505 5205; x_wconf 85' lang='lat' dir='ltr'><strong>adversus</strong></span> <span class='ocrx_word' id='word_1_844' title='bbox 2533 5163 2604 5214; x_wconf 87' lang='lat' dir='ltr'><strong>te,</strong></span> <span class='ocrx_word' id='word_1_845' title='bbox 2627 5151 2843 5204; x_wconf 87' lang='lat' dir='ltr'><strong>dimitte</strong></span> <span class='ocrx_word' id='word_1_846' title='bbox 2869 5168 3066 5204; x_wconf 86' lang='lat' dir='ltr'><strong>munus</strong></span> <span class='ocrx_word' id='word_1_847' title='bbox 3088 5162 3239 5205; x_wconf 88' lang='lat' dir='ltr'><strong>tuum</strong></span> <span class='ocrx_word' id='word_1_848' title='bbox 3265 5161 3393 5205; x_wconf 87' lang='lat' dir='ltr'><strong>ante</strong></span> 
     </span>
    </p>
   </div>
   <div class='ocr_carea' id='block_1_110' title="bbox 1810 5244 3393 5314">
    <p class='ocr_par' dir='ltr' id='par_1_110' title="bbox 1810 5244 3393 5314">
     <span class='ocr_line' id='line_1_110' title="bbox 1810 5244 3393 5314; baseline -0.002 -13"><span class='ocrx_word' id='word_1_849' title='bbox 1810 5248 2003 5310; x_wconf 88' lang='lat' dir='ltr'><strong>altare,</strong></span> <span class='ocrx_word' id='word_1_850' title='bbox 2031 5256 2085 5301; x_wconf 89' lang='lat' dir='ltr'><strong>et</strong></span> <span class='ocrx_word' id='word_1_851' title='bbox 2117 5246 2252 5301; x_wconf 88' lang='lat' dir='ltr'><strong>vade</strong></span> <span class='ocrx_word' id='word_1_852' title='bbox 2279 5246 2513 5314; x_wconf 88' lang='lat' dir='ltr'><strong>primum</strong></span> <span class='ocrx_word' id='word_1_853' title='bbox 2542 5254 2590 5297; x_wconf 91' lang='lat' dir='ltr'><strong>te</strong></span> <span class='ocrx_word' id='word_1_854' title='bbox 2624 5244 2982 5298; x_wconf 72' lang='lat' dir='ltr'><strong>reconciliare</strong></span> <span class='ocrx_word' id='word_1_855' title='bbox 3005 5244 3158 5298; x_wconf 88' lang='lat' dir='ltr'><strong>fratri</strong></span> <span class='ocrx_word' id='word_1_856' title='bbox 3185 5254 3299 5305; x_wconf 87' lang='lat' dir='ltr'><strong>tuo,</strong></span> <span class='ocrx_word' id='word_1_857' title='bbox 3337 5255 3393 5298; x_wconf 83' lang='lat' dir='ltr'><strong>et</strong></span> 
     </span>
    </p>
   </div>
   <div class='ocr_carea' id='block_1_111' title="bbox 1813 5336 3392 5400">
    <p class='ocr_par' dir='ltr' id='par_1_111' title="bbox 1813 5336 3392 5400">
     <span class='ocr_line' id='line_1_111' title="bbox 1813 5336 3392 5400; baseline -0.003 -5"><span class='ocrx_word' id='word_1_858' title='bbox 1813 5351 1945 5395; x_wconf 90' lang='lat' dir='ltr'><strong>tunc</strong></span> <span class='ocrx_word' id='word_1_859' title='bbox 1973 5341 2200 5393; x_wconf 86' lang='lat' dir='ltr'><strong>veniens</strong></span> <span class='ocrx_word' id='word_1_860' title='bbox 2230 5337 2363 5392; x_wconf 82' lang='lat' dir='ltr'><strong>oll‘cr</strong></span> <span class='ocrx_word' id='word_1_861' title='bbox 2385 5352 2584 5389; x_wconf 89' lang='lat' dir='ltr'><strong>munus</strong></span> <span class='ocrx_word' id='word_1_862' title='bbox 2620 5344 2794 5389; x_wconf 90' lang='lat' dir='ltr'><strong>tuum.</strong></span> <span class='ocrx_word' id='word_1_863' title='bbox 2838 5355 2855 5388; x_wconf 79' lang='grc' dir='ltr'><strong><em>ι</em></strong></span> <span class='ocrx_word' id='word_1_864' title='bbox 2887 5336 2950 5391; x_wconf 85' lang='lat' dir='ltr'><strong>Et</strong></span> <span class='ocrx_word' id='word_1_865' title='bbox 2996 5352 3206 5400; x_wconf 88' lang='lat' dir='ltr'><strong>rursus,</strong></span> <span class='ocrx_word' id='word_1_866' title='bbox 3236 5338 3392 5391; x_wconf 86' lang='lat' dir='ltr'><strong>Petro</strong></span> 
     </span>
    </p>
   </div>
   <div class='ocr_carea' id='block_1_112' title="bbox 1811 5428 3388 5504">
    <p class='ocr_par' dir='ltr' id='par_1_112' title="bbox 1811 5428 3388 5504">
     <span class='ocr_line' id='line_1_112' title="bbox 1811 5428 3388 5504; baseline -0.003 -19"><span class='ocrx_word' id='word_1_867' title='bbox 1811 5432 2046 5504; x_wconf 76' lang='lat' dir='ltr'><strong>principi</strong></span> <span class='ocrx_word' id='word_1_868' title='bbox 2111 5430 2522 5499; x_wconf 80' lang='lat' dir='ltr'><strong>apostolorum,</strong></span> <span class='ocrx_word' id='word_1_869' title='bbox 2575 5444 2700 5483; x_wconf 91' lang='lat' dir='ltr'><strong>cum</strong></span> <span class='ocrx_word' id='word_1_870' title='bbox 2749 5436 2993 5497; x_wconf 85' lang='lat' dir='ltr'><strong>rogasset</strong></span> <span class='ocrx_word' id='word_1_871' title='bbox 3037 5428 3325 5482; x_wconf 90' lang='lat' dir='ltr'><strong>Dominum</strong></span> <span class='ocrx_word' id='word_1_872' title='bbox 3378 5448 3388 5481; x_wconf 90' lang='lat'>:</span> 
     </span>
    </p>
   </div>
   <div class='ocr_carea' id='block_1_113' title="bbox 1816 5520 3393 5591">
    <p class='ocr_par' dir='ltr' id='par_1_113' title="bbox 1816 5520 3393 5591">
     <span class='ocr_line' id='line_1_113' title="bbox 1816 5520 3393 5591; baseline -0.001 -14"><span class='ocrx_word' id='word_1_873' title='bbox 1816 5544 1832 5577; x_wconf 81' lang='grc'>‹</span> <span class='ocrx_word' id='word_1_874' title='bbox 1860 5526 2105 5591; x_wconf 87' lang='lat' dir='ltr'><strong>Quoties,</strong></span> <span class='ocrx_word' id='word_1_875' title='bbox 2125 5524 2167 5575; x_wconf 87' lang='lat' dir='ltr'><strong>si</strong></span> <span class='ocrx_word' id='word_1_876' title='bbox 2196 5521 2500 5590; x_wconf 85' lang='lat' dir='ltr'><strong>peccaverit</strong></span> <span class='ocrx_word' id='word_1_877' title='bbox 2522 5520 2573 5573; x_wconf 91' lang='lat' dir='ltr'><strong>in</strong></span> <span class='ocrx_word' id='word_1_878' title='bbox 2612 5535 2696 5574; x_wconf 89' lang='lat' dir='ltr'><strong>me</strong></span> <span class='ocrx_word' id='word_1_879' title='bbox 2733 5520 2895 5573; x_wconf 83' lang='lat' dir='ltr'><strong>lrater</strong></span> <span class='ocrx_word' id='word_1_880' title='bbox 2919 5536 3096 5583; x_wconf 89' lang='lat' dir='ltr'><strong>meus,</strong></span> <span class='ocrx_word' id='word_1_881' title='bbox 3127 5521 3393 5576; x_wconf 83' lang='lat' dir='ltr'><strong>dimittam</strong></span> 
     </span>
    </p>
   </div>
   <div class='ocr_carea' id='block_1_114' title="bbox 1811 5610 3394 5685">
    <p class='ocr_par' dir='ltr' id='par_1_114' title="bbox 1811 5610 3394 5685">
     <span class='ocr_line' id='line_1_114' title="bbox 1811 5610 3394 5685; baseline -0.004 -12"><span class='ocrx_word' id='word_1_882' title='bbox 1811 5620 1895 5673; x_wconf 79' lang='lat' dir='ltr'><strong>ei“?</strong></span> <span class='ocrx_word' id='word_1_883' title='bbox 1920 5616 2170 5684; x_wconf 78' lang='lat' dir='ltr'><strong>Septies?</strong></span> <span class='ocrx_word' id='word_1_884' title='bbox 2193 5635 2208 5663; x_wconf 76' lang='grc' dir='ltr'><strong><em>ι</em></strong></span> <span class='ocrx_word' id='word_1_885' title='bbox 2235 5612 2535 5685; x_wconf 73' lang='lat' dir='ltr'><strong>Respondit</strong></span> <span class='ocrx_word' id='word_1_886' title='bbox 2554 5610 2814 5664; x_wconf 90' lang='lat' dir='ltr'><strong>Dominus</strong></span> <span class='ocrx_word' id='word_1_887' title='bbox 2842 5628 2853 5662; x_wconf 91' lang='lat'>:</span> <span class='ocrx_word' id='word_1_888' title='bbox 2884 5610 3164 5665; x_wconf 72' lang='lat' dir='ltr'><strong>«Nondico</strong></span> <span class='ocrx_word' id='word_1_889' title='bbox 3190 5611 3286 5665; x_wconf 91' lang='lat' dir='ltr'><strong>tibi</strong></span> <span class='ocrx_word' id='word_1_890' title='bbox 3308 5628 3394 5666; x_wconf 84' lang='lat' dir='ltr'><strong>sc-</strong></span> 
     </span>
    </p>
   </div>
   <div class='ocr_carea' id='block_1_115' title="bbox 1812 5707 3395 5783">
    <p class='ocr_par' dir='ltr' id='par_1_115' title="bbox 1812 5707 3395 5783">
     <span class='ocr_line' id='line_1_115' title="bbox 1812 5707 3395 5783; baseline -0.001 -21"><span class='ocrx_word' id='word_1_891' title='bbox 1812 5714 1969 5783; x_wconf 78' lang='lat' dir='ltr'><strong>pties,</strong></span> <span class='ocrx_word' id='word_1_892' title='bbox 2000 5711 2092 5765; x_wconf 91' lang='lat' dir='ltr'><strong>sed</strong></span> <span class='ocrx_word' id='word_1_893' title='bbox 2129 5709 2435 5779; x_wconf 77' lang='lat' dir='ltr'><strong>septuagies</strong></span> <span class='ocrx_word' id='word_1_894' title='bbox 2468 5707 2687 5775; x_wconf 78' lang='lat' dir='ltr'><strong>septies.</strong></span> <span class='ocrx_word' id='word_1_895' title='bbox 2718 5724 2735 5757; x_wconf 72' lang='grc' dir='ltr'><strong><em>ι</em></strong></span> <span class='ocrx_word' id='word_1_896' title='bbox 2773 5707 2864 5761; x_wconf 87' lang='lat' dir='ltr'><strong>llle</strong></span> <span class='ocrx_word' id='word_1_897' title='bbox 2900 5720 3079 5763; x_wconf 85' lang='lat' dir='ltr'><strong>autem</strong></span> <span class='ocrx_word' id='word_1_898' title='bbox 3132 5710 3296 5764; x_wconf 87' lang='lat' dir='ltr'><strong>miser</strong></span> <span class='ocrx_word' id='word_1_899' title='bbox 3330 5726 3395 5762; x_wconf 87' lang='lat' dir='ltr'><strong>ne</strong></span> 
     </span>
    </p>
   </div>
   <div class='ocr_carea' id='block_1_116' title="bbox 1811 5797 3390 5869">
    <p class='ocr_par' dir='ltr' id='par_1_116' title="bbox 1811 5797 3390 5869">
     <span class='ocr_line' id='line_1_116' title="bbox 1811 5797 3390 5869; baseline -0.001 -14"><span class='ocrx_word' id='word_1_900' title='bbox 1811 5804 1976 5855; x_wconf 68' lang='lat' dir='ltr'><strong>sctucl</strong></span> <span class='ocrx_word' id='word_1_901' title='bbox 2006 5800 2223 5869; x_wconf 88' lang='lat' dir='ltr'><strong>quidem</strong></span> <span class='ocrx_word' id='word_1_902' title='bbox 2265 5798 2435 5852; x_wconf 84' lang='lat' dir='ltr'><strong>voluit</strong></span> <span class='ocrx_word' id='word_1_903' title='bbox 2470 5797 2783 5853; x_wconf 85' lang='lat' dir='ltr'><strong>condonare</strong></span> <span class='ocrx_word' id='word_1_904' title='bbox 2817 5798 2965 5853; x_wconf 88' lang='lat' dir='ltr'><strong>fratri</strong></span> <span class='ocrx_word' id='word_1_905' title='bbox 2994 5816 3113 5865; x_wconf 90' lang='lat' dir='ltr'><strong>suo,</strong></span> <span class='ocrx_word' id='word_1_906' title='bbox 3172 5811 3225 5854; x_wconf 90' lang='lat' dir='ltr'><strong>et</strong></span> <span class='ocrx_word' id='word_1_907' title='bbox 3276 5816 3390 5854; x_wconf 85' lang='lat' dir='ltr'><strong>ma-</strong></span> 
     </span>
    </p>
   </div>
   <div class='ocr_carea' id='block_1_117' title="bbox 1810 5890 3389 5964">
    <p class='ocr_par' dir='ltr' id='par_1_117' title="bbox 1810 5890 3389 5964">
     <span class='ocr_line' id='line_1_117' title="bbox 1810 5890 3389 5964; baseline -0.003 -16"><span class='ocrx_word' id='word_1_908' title='bbox 1810 5895 1953 5948; x_wconf 76' lang='lat' dir='ltr'><strong>xime</strong></span> <span class='ocrx_word' id='word_1_909' title='bbox 1977 5892 2183 5963; x_wconf 77' lang='lat' dir='ltr'><strong>petenti</strong></span> <span class='ocrx_word' id='word_1_910' title='bbox 2211 5891 2422 5949; x_wconf 81' lang='lat' dir='ltr'><strong>veniam</strong></span> <span class='ocrx_word' id='word_1_911' title='bbox 2450 5900 2502 5945; x_wconf 87' lang='lat' dir='ltr'><strong>et</strong></span> <span class='ocrx_word' id='word_1_912' title='bbox 2535 5891 2762 5961; x_wconf 86' lang='lat' dir='ltr'><strong>roganti.</strong></span> <span class='ocrx_word' id='word_1_913' title='bbox 2797 5890 2859 5945; x_wconf 88' lang='lat' dir='ltr'><strong>Et</strong></span> <span class='ocrx_word' id='word_1_914' title='bbox 2882 5890 3146 5948; x_wconf 82' lang='lat' dir='ltr'><strong>Dominus</strong></span> <span class='ocrx_word' id='word_1_915' title='bbox 3172 5893 3389 5964; x_wconf 77' lang='lat' dir='ltr'><strong>quidtm</strong></span> 
     </span>
    </p>
   </div>
  </div>
