4162 6474
668 1040 673 1047 ’
761 1061 1027 1119 utrosque
1046 1049 1256 1104 medius
1287 1048 1595 1108 fuit.veluti
1632 1050 1903 1118 quoddam
1943 1048 2218 1102 vinculum
2256 1064 2350 1103 eo-

767 381 870 446 187
2248 379 2523 443 PSELLI
3934 390 4039 456 183

760 502 1134 563 purgaverunt
1158 534 1173 559 ,
1220 501 1275 547 et
1302 498 1499 562 praeter
1526 507 1696 548 unum
1723 502 1819 549 aut
1848 492 2007 561 duos,
2038 490 2232 561 reliqui
2273 491 2341 545 ad

2449 487 2678 559 θάτερον
2707 489 3009 546 ἐπένευσαν
3049 493 3158 548 τῶν
3186 496 3391 569 μερῶν,
3413 498 3639 564 καὶτοῖς
3672 500 3772 570 μὲν
3797 503 3829 572 ἡ
3867 504 4057 572 γλῶτο

760 584 1083 655 atterntram
1114 583 1575 651 declinaverunt;
1608 583 1729 638 aliis
1756 583 1973 651 quidem
2010 580 2199 637 densis
2229 580 2341 651 epi-

2453 597 2520 633 τα
2546 582 2860 652 ποταμηδδν
2893 583 3178 655 ἔρρευσεν,
3210 588 3270 654 ἐξ
3319 593 3766 664 ἐπιχειρημάτων
3803 597 4059 664 πυκνῶν,

759 676 1165 731 cherematibus
1213 675 1397 746 lingua
1440 674 1597 731 fluxit
1626 675 1801 730 instar
1846 674 2035 729 fluvii:
2076 673 2211 729 alios
2253 688 2341 727 au-

2453 672 2581 735 τοὺς
2612 672 2669 726 δὲ
2716 674 2951 745 ἐκήρυξε
3004 676 3114 729 τῶν
3171 683 3461 750 νοημάτων
3509 683 3579 736 τὰ
3616 684 3941 757 ὑψηλότερα,
3974 689 4060 752 ὡς

762 783 871 828 tem
901 773 1251 828 celebrarunt
1287 773 1541 843 praeclara
1574 772 1775 827 mentis
1805 787 1968 827 sensa
1998 780 2052 826 ct
2091 770 2341 841 cogitata,

2454 759 2846 828 εἶναιτούτους
2873 765 2971 835 μὲν
3002 767 3199 839 μικροῦ
3228 771 3339 823 δεῖν
3364 772 3695 841 ἀγλώττους,
3718 778 3961 842 ἐκείνους
3990 779 4061 832 δὲ

761 865 897 918 adeo
934 873 992 918 ut
1024 864 1076 917 hi
1108 864 1327 933 quidem
1345 873 1526 918 essent.
1559 863 1952 932 propemodum
1972 862 2239 932 elingues,
2274 861 2341 915 illi

2460 854 2706 924 ἐρήμους
2746 857 3018 926 νοήσεως.
3083 862 3288 926 ἐκεῖνος
3330 864 3494 932 μέσον
3527 866 3731 936 ἀμφοῖν
3786 870 4059 939 γεγονὼς,

762 966 945 1011 autem
978 976 1008 1011 a
1038 957 1361 1025 perfectiore
1389 956 1593 1011 deserti
1629 955 1982 1027 intelligentia
2011 973 2024 1022 ;
2083 956 2172 1010 ille
2209 956 2341 1010 inter

2455 946 2752 1015 σύνδεσμος
2796 944 2909 1003 οἷον
2947 951 3055 1004 τῶν
3089 954 3227 1019 τέως
3276 953 3640 1028 διεστηκότων
3670 962 3910 1029 ἐγένετο·
3953 967 4062 1019 καὶ

2452 1040 2550 1110 τήν
2578 1057 2634 1092 τε
2661 1040 2906 1107 γλῶτταν
2935 1043 3142 1114 ἐξάψας
3182 1046 3279 1100 τοῦ
3322 1048 3437 1114 νοῦ,
3468 1051 3560 1103 τὸν
3588 1069 3647 1105 τε
3670 1054 3792 1107 νοῦν
3822 1058 4062 1125 ἐπιστή-

2455 1147 2553 1194 σας
2582 1134 2694 1192 τοῖς
2738 1132 2938 1200 λόγοις,
2976 1137 3070 1188 καὶ
3129 1138 3392 1210 ῥητορικῇ
3447 1140 3546 1210 μὲν
3575 1145 3682 1212 τὴν
3731 1145 4063 1214 φιλοσοφίαν

2455 1218 2798 1289 προϐιϐάσας
2862 1222 2944 1284 εἰς
3000 1225 3459 1298 πρακτικωτέραν
3492 1230 3585 1282 καὶ
3632 1232 4061 1305 ἐμφανεστέραν

2451 1312 2756 1381 agmen”
2774 1316 2839 1385 τῇ
2862 1314 2916 1366 δέ
2942 1331 3004 1383 γε
3028 1316 3319 1388 φιλωοὲίὲ-
3338 1321 3438 1388 τὴν
3456 1322 3652 1393 τέχνην
3676 1323 3921 1392 ὑψώσαςν
3945 1331 4054 1381 καὶ

2452 1405 2695 1475 κεράσας
2720 1406 2890 1476 ἄμφω
2908 1407 3046 1478 πρὸς
3073 1408 3280 1483 ἄλληλα
3316 1414 3430 1476 τοῖς
3450 1416 3583 1485 παρ’
3615 1418 3825 1471 ἑαυτῶν
3853 1421 4061 1474 κάλλε-

2454 1514 2557 1564 σιν,
2592 1496 2866 1566 ἕμφωνον,
2906 1500 2973 1552 ἵν’
3006 1498 3181 1565 οὕτως
3210 1504 3371 1568 εῖπω,
3411 1505 3507 1559 τὸν
3565 1508 3711 1573 νοῦν,
3737 1512 3828 1563 καὶ
3857 1512 4059 1564 ἔννουν

2449 1589 2548 1659 τὴν
2579 1590 2825 1657 γλῶτταν
2856 1592 3170 1663 εἰργάσατο.
3227 1595 3572 1665 Ἐφιλοσόφει
3610 1598 3741 1665 γοῦν
3776 1608 3914 1670 μετὰ
3946 1604 4057 1673 τῆς

2450 1680 2647 1749 ἠθικῆς
2686 1680 3065 1754 πιθανότητος,
3101 1685 3194 1738 καὶ
3226 1687 3557 1758 ἐρρητόρευε
3597 1692 3731 1758 μετὰ
3757 1693 3857 1758 τῆς
3896 1695 4059 1762 φιλο-

2454 1772 2619 1841 σόφου
2648 1772 2970 1845 βαθύτητος.
3020 1777 3131 1831 Καὶ
3159 1773 3228 1849 ἦν
3251 1780 3455 1849 ἀμφοῖν
3485 1782 3597 1833 τοῖν
3637 1785 3813 1846 γενοῖν
3845 1785 4059 1853 ὁμοὲως

2452 1867 2806 1936 εὐάρμοστος,
2841 1870 2934 1921 καὶ
2962 1870 3069 1922 οὐδ’
3114 1873 3141 1924 ὁ
3172 1873 3461 1943 φιλόσοφος
3495 1873 3592 1944 τὴν
3650 1876 3939 1947 πολιτικὴν
3980 1880 4053 1930 ὲ-

2453 1957 2602 2026 μξσει
2634 1959 2913 2025 ὑπόθεσιν,
2944 1961 3084 2032 δρῶν
3116 1964 3507 2036 χρωννυμένην
3544 1968 3661 2029 ταῖς
3689 1967 3796 2019 ἀπῦ
3822 1970 3922 2037 τῆς
3959 1986 4058 2036 φι-

2449 2048 2703 2119 λοσοφίας
2735 2051 2951 2122 βαφαῖς,
2983 2054 3095 2108 οὔθ’
3129 2056 3156 2108 ὁ
3189 2058 3381 2127 ῥήτωρ
3420 2058 3556 2128 πρὸς
3590 2059 3688 2129 τὴν
3730 2061 4059 2132 ἐπιστήμην

2451 2142 2749 2214 ἀπήχθετο,
2780 2147 2898 2209 ταῖς
2922 2150 3196 2216 τεχειικαῖς
3234 2149 3480 2219 μεθόὸοις
3509 2150 3977 2223 ἐναϐρυνόμενος.

760 1142 998 1212 rum,qui
1020 1151 1148 1197 tunc
1164 1149 1319 1196 erant
1345 1141 1689 1213 disjuncti,et
1711 1141 2128 1213 mentilinguam
2149 1141 2348 1211 adjun-

760 1249 913 1304 gcns,
933 1243 985 1287 et
1005 1233 1183 1288 verbis
1211 1243 1448 1288 mentem
1475 1234 1774 1299 adhibens;
1809 1248 1864 1289 et
1892 1234 1994 1288 arti
2015 1234 2237 1304 quidem
2266 1234 2348 1289 di-

760 1324 914 1379 cendi
932 1324 1192 1395 adjiciens
1211 1326 1608 1404 philosolihiam
1626 1326 1693 1380 ad
1707 1326 2066 1381 eﬂicaciorem
2083 1326 2350 1396 etaperti-

760 1418 1661 1487 oremoperationem:philosophia
1684 1427 2041 1474 autemartem
2056 1418 2344 1483 extollens,

758 1516 815 1562 et
837 1510 997 1563 ambo
1018 1519 1158 1562 inter
1180 1524 1238 1563 se
1256 1519 1678 1579 contemperans
1698 1526 1794 1565 sua
1808 1511 2236 1581 pulchritudine,
2252 1526 2347 1565 vo-

759 1599 931 1653 ealem
952 1601 1032 1663 (ut
1052 1601 1131 1655 sic
1148 1600 1614 1667 dicam)mcntem,
1636 1604 1940 1674 etlinguam
1959 1603 2141 1658 eﬂ‘ecit
2163 1611 2345 1657 mente

756 1692 1065 1761 prmditam.
1130 1692 1620 1763 Philosophahatur
1645 1696 1825 1766 itaque
1852 1711 1974 1750 cum
2004 1696 2191 1751 morali
2222 1712 2347 1766 pro-

757 1783 1040 1839 babilitate
1070 1794 1123 1838 et
1157 1786 1488 1855 fungebatur
1522 1803 1754 1841 nmnere
1784 1787 2038 1852 oratoris,
2071 1804 2195 1844 cum
2220 1788 2345 1857 phi—

758 1876 1016 1945 losophia-
1049 1876 1456 1946 profunditate;
1516 1888 1570 1933 et
1604 1890 1721 1933 erat
1759 1879 2014 1947 utrisque
2049 1879 2342 1948 generibus

757 1983 825 2022 ex
877 1984 1033 2038 arquo
1079 1971 1558 2035 accommodatus;
1607 1986 1786 2040 neque
1813 1969 2172 2040 philosophus
2216 1968 2342 2024 odio

759 2065 997 2120 habehat
1023 2072 1406 2133 argumentum
1440 2063 1625 2127 civile,
1677 2063 1871 2117 videns
1900 2062 1953 2116 id
1980 2078 2101 2116 esse
2127 2062 2339 2116 colora-

757 2168 871 2212 tum
910 2159 1168 2212 tincturis
1198 2156 1577 2226 philosophiae,
1603 2171 1782 2225 neque
1810 2164 1994 2210 orator
2024 2170 2163 2226 ar-gre
2199 2152 2342 2209 ferc-

758 2248 850 2303 bat
876 2248 1184 2310 scientiam,
1221 2247 1453 2301 artiﬁcio
1476 2246 1692 2300 dicendi
1723 2245 1825 2299 sibi
1858 2245 2101 2315 placens.

831 2339 967 2395 llinc
994 2340 1157 2393 veluti
1189 2339 1435 2408 quedam
1473 2339 1682 2409 lampas
1734 2352 1963 2391 accensa
1999 2345 2052 2392 et
2084 2337 2137 2392 in
2169 2339 2338 2392 altum

756 2431 965 2488 sublata
1006 2430 1319 2503 eByzantio
1351 2431 1464 2487 visa
1513 2441 1619 2496 est,
1669 2431 1835 2486 veluti
1877 2431 2122 2502 quaedam
2152 2432 2238 2489 fax
2283 2433 2341 2487 in

755 2540 883 2579 aere
913 2525 1169 2579 omnibus
1195 2524 1542 2590 civitatibus;
1575 2531 1631 2578 et
1658 2535 1777 2579 erat
1814 2539 2006 2579 revera
2039 2525 2212 2593 locus,
2245 2541 2341 2582 ve-

754 2617 852 2671 luti
891 2617 1126 2671 mundus
1156 2616 1375 2687 quidam
1411 2616 1650 2671 caelestis
1683 2616 2038 2687 resplendens
2066 2618 2214 2673 omni
2246 2634 2340 2690 ge-

755 2724 888 2764 nere
943 2708 1241 2773 doctrinte,
1284 2717 1339 2761 et
1382 2724 1478 2778 per
1528 2724 1695 2761 unum
1755 2709 1846 2777 qui
1889 2707 2062 2763 facem
2113 2709 2337 2776 ferebat,

755 2801 952 2872 partim
986 2801 1206 2870 quidem
1244 2800 1525 2855 illustrans
1560 2799 1876 2854 universum
1917 2800 2107 2856 orbem
2158 2810 2336 2869 terrae,

756 2893 953 2962 partim
985 2902 1166 2946 autem
1203 2903 1402 2962 prrcter
1435 2892 1613 2946 lucem
1653 2891 1928 2962 pr0priam
1977 2892 2168 2947 alienis
2200 2909 2339 2963 quo-

754 3002 863 3057 que
892 3000 1188 3041 coruscans
1213 2985 1551 3057 fulgoribus;
1589 2995 1645 3038 et
1669 2984 1813 3054 quod
1835 2994 1916 3039 cst
1942 2984 2337 3050 admirabilius,

756 3089 814 3134 et
858 3090 1082 3149 prepter
1108 3079 1257 3149 quod
1292 3079 1440 3133 illum
1473 3078 1741 3148 quispiam
1768 3076 1938 3148 magis
1969 3077 2134 3133 fuerit
2167 3079 2340 3133 admi-

756 3179 929 3234 ratus,
961 3187 1084 3226 cmn
1118 3178 1264 3226 esset
1306 3185 1505 3242 genere
1538 3170 1739 3231 clarus,
1766 3179 1820 3224 et
1852 3184 1919 3223 ex
1959 3169 2154 3225 illustri
2186 3171 2342 3225 fami-
2369 3199 2415 3258 ε

2381 1839 2419 1892 Β

2521 2313 2807 2369 Ἐντεῦθεν
2847 2315 3038 2387 ὥσπερ
3073 2334 3156 2381 τις
3181 2318 3406 2388 λαμπὰς
3449 2319 3558 2373 ἀπὸ
3590 2321 3686 2389 τῆς
3722 2320 4062 2385 Βυζαντίδος

2448 2408 2682 2476 ἀφθεῖσά
2719 2426 2779 2462 τε
2829 2410 2922 2463 καὶ
2956 2409 3210 2479 ἀρθεῖσα.
3243 2410 3409 2463 οίονεί
3446 2429 3529 2473 τις
3571 2413 3778 2482 πυρσὸς
3808 2414 4058 2484 διαέριος

2446 2502 2568 2565 ταῖς
2612 2501 2852 2565 άπάσαις
2907 2500 3052 2565 ἔδοξε
3109 2501 3319 2556 πόλεσι.
3366 2503 3478 2557 Καὶ
3523 2497 3593 2573 ἦν
3638 2504 3716 2567 ὡς
3770 2505 3999 2575 ἀληθῶς
4031 2509 4061 2560 ὁ

2449 2593 2625 2664 χῶρος
2656 2588 2768 2647 οἷόν
2804 2610 2887 2657 τις
2940 2594 3143 2663 κόσμος
3189 2594 3460 2666 οὐράνιος,
3499 2599 3635 2649 πάσι
3691 2597 3868 2668 λργων
3910 2618 4061 2653 κατ-

2450 2686 2905 2756 αστραπτόμενος
2942 2687 3143 2753 γένεσι,
3172 2699 3267 2740 και
3291 2688 3359 2741 δι’
3387 2688 3503 2751 ἑνὸς
3526 2689 3810 2760 δᾳδούχου,
3838 2691 3906 2745 τὰ
3950 2694 4059 2762 μὲν

2447 2774 2545 2844 τὴν
2588 2774 2885 2845 σύμπασαν
2948 2776 3277 2847 οἰκουμένην
3338 2782 3831 2849 καταπυρσειίσας,
3884 2784 3955 2849 τςὶ
3993 2783 4059 2836 δὲ

2448 2863 2586 2933 πρὸς
2644 2865 2725 2937 τῷ
2768 2864 2954 2936 οίκείῳ
2987 2846 3167 2934 φωτί,
3217 2866 3314 2920 καὶ
3350 2869 3472 2932 ταῖς
3524 2846 3831 2939 ἀλλοτρίαις
3911 2846 4058 2925 κατε

2448 2957 2779 3026 ἀστράπτων
2811 2960 3204 3029 μαρμαρυγαῖς
3231 2975 3247 2991 ο
3271 2960 3360 3013 καὶ
3393 2961 3452 3014 τό
3470 2978 3533 3029 γε
3569 2960 4059 3035 θαυμασιώτερον,

2448 3049 2541 3102 καὶ
2591 3048 2716 3129 ara
2755 3049 2956 3119 μᾶλλον
2989 3052 3055 3105 ἄν
3092 3069 3178 3115 τις
3205 3052 3412 3106 ἐκεῖνον
3449 3051 3802 3124 θαυμάσειεν,
3836 3056 3920 3108 ὅτι
3954 3061 4059 3111 καὶ

2446 3141 2640 3210 γένους
2668 3140 2728 3195 εὖ
2758 3143 2921 3212 ἔχων,
2965 3145 3060 3197 καὶ
3089 3144 3157 3197 τὰ
3188 3146 3288 3216 τῆς
3311 3145 3562 3207 εὐκλείας
3593 3149 3807 3203 οἴκοθεν
3838 3168 4055 3220 κεκτη-

755 3263 825 3317 lia
857 3274 1039 3327 natus,
1074 3273 1129 3317 et
1157 3263 1462 3318 abundaret
1502 3261 1727 3325 divitiis,
1763 3270 1817 3316 et
1847 3263 1933 3327 iis,
1964 3279 2086 3332 qua:
2124 3262 2344 3334 segnio-

757 3372 872 3411 rem
902 3356 1186 3411 effecerint
1212 3356 1524 3425 quempiam
1561 3356 1626 3411 ad
1647 3356 1985 3425 disciplinas.
2021 3355 2171 3409 Multi
2199 3354 2345 3410 enim

756 3448 858 3503 sibi
889 3459 1203 3519 pr0ponunt
1230 3448 1533 3504 doctrinam
1576 3458 1631 3503 et
1654 3448 2049 3519 eloquentiam.
2083 3457 2341 3518 tanquam

755 3556 920 3610 opum
965 3540 1326 3611 parandarum
1376 3540 1694 3606 materiam,
1736 3557 1846 3596 non
1883 3551 1941 3597 ut
1981 3551 2346 3611 assequamur

2455 3234 2634 3305 μένος,
2677 3233 2834 3303 βαθεῖ
2871 3250 2930 3287 τε
2980 3235 3193 3304 πλούτῳ
3243 3236 3452 3305 κομῶν,
3517 3242 3610 3291 καὶ
3675 3236 3786 3294 οἷον
3841 3242 3906 3294 ἄν
3964 3260 4059 3306 τις

2451 3325 2588 3399 πρὸς
2629 3326 2912 3380 παίδευσιν
2935 3327 3321 3397 ἀποκνήσειεν.
3372 3330 3436 3382 Οί
3462 3332 3571 3402 γὰρ
3600 3332 3840 3387 πλεῖστοι
3873 3336 4061 3406 ἀφορ-

2452 3416 2559 3487 μὴν
2610 3417 2704 3470 τοῦ
2754 3418 3029 3483 πλουτεῖν,
3086 3417 3277 3491 ῶσπερ
3319 3420 3596 3490 τὸνλόγον
3648 3425 3912 3492 τιθέασιν,
3946 3428 4060 3498 οὐχ

2449 3509 2516 3562 ἵν’
2550 3503 2952 3582 ὲπὴδο).οι’τῶν
2990 3515 3325 3585 κρειττόνων
3360 3516 3591 3585 γένοιντ’
3628 3518 3715 3580 ἂν,
3747 3521 3865 3574 ἀλλ’
3889 3522 4057 3586 ὅπως

2445 3603 2558 3665 τοῖς
2613 3603 2864 3672 ματαίοις
2919 3607 3427 3677 ἐπεντρυφήσωσιν,
3482 3609 3612 3679 περὶ
3653 3610 3842 3665 τοῦτον
3874 3629 4059 3667 σπου-

2444 3694 2721 3759 δάζοντες,
2777 3699 3153 3768 παρασκευαῖς
3200 3700 3406 3764 ἐκεῖνος
3434 3703 3555 3765 ταῖς
3588 3703 3739 3773 παρά
3784 3705 3885 3773 τῆς
3912 3705 4063 3768 ἔξω·

2447 3787 2539 3840 θεν
2606 3788 2778 3859 τύχης
2830 3790 2969 3861 πρὸς
3030 3791 3353 3862 φιλοσοφίαν
3410 3794 3695 3865 ἐκέχρητο.
3754 3797 4058 3851 Ἐντεῦθεν

2444 3875 2567 3931 οὔτε
2594 3881 2722 3943 τοὺς
2746 3879 3085 3953 άργοτέρους
3098 3881 3206 3935 τῶν
3235 3882 3737 3952 φιλοσοφησάντων,
3767 3884 3887 3940 οὔτε
3916 3891 4062 3953 τοὺς

2444 3971 2868 4041 περιττοτέρως
2908 3971 3016 4025 τῶν
3050 3972 3300 4044 ρητόρων
3350 3973 3523 4044 ζηλοῖ.
3596 3977 3661 4028 0!
3697 3978 3794 4047 μὲν
3826 3980 3939 4049 γὰρ
3974 3978 4057 4033 ῶ-

2446 4078 2588 4133 σπερ
2624 4061 2843 4131 ἀπλέτῳ
2888 4063 3030 4129 φωτὶ
3077 4066 3195 4126 ταῖς
3225 4065 3333 4119 ἀπὸ
3366 4065 3469 4135 τῆς
3507 4067 3827 4137 φιλοσοφίας
3855 4094 3867 4103 -
3902 4089 4050 4125 κατ.

2451 4152 2860 4224 αστραφθέντες
2881 4154 3117 4220 ἀκτῖσιν,
3151 4156 3352 4211 αὐτίκα
3381 4158 3684 4228 ἒπέμυσαν,
3708 4162 3798 4213 καὶ
3822 4163 3885 4214 οὐ
3913 4181 4064 4233 προδ

2443 4245 2707 4301 τδίδασαν
2740 4248 2819 4309 είς
2852 4248 3052 4317 πρᾶξιν
3072 4249 3171 4318 τὴν
3201 4250 3425 4321 ἀρετὴν,
3453 4252 3563 4306 οὐδ’
3590 4254 3899 4324 ἐχρήσαντο
3928 4264 4059 4321 τοῖς

2442 4335 2680 4406 δόγμασι
2734 4337 3207 4409 μεγαλοπρεπῶς,
3262 4341 3382 4393 οὐδὲ
3450 4343 3718 4414 ἡγεμόνες
3781 4347 4059 4414 γεγόνασι

2443 4427 2674 4491 πόλεων,
2707 4429 2828 4481 οὐδὲ
2867 4431 3145 4499 φέροντες,
3196 4431 3231 4486 ἃ
3268 4434 3680 4506 μεμαθήκασιν,
3715 4438 3793 4501 εἰς
3834 4439 4057 4507 μέσους

2371 4543 2418 4602 D
2443 4519 2570 4580 τοὺς
2596 4518 2831 4582 πολλοὺς
2857 4520 3295 4590 προτεθείκασιν,
3328 4525 3463 4578 ἀλλά
3493 4527 3740 4597 μακροὺς
3777 4527 3881 4597 μὲν
3952 4531 4055 4596 ἐξ-

2447 4608 2690 4678 έθρεψαν
2729 4610 3023 4679 πώγωνας,
3068 4613 3259 4685 ῶσπερ
3287 4614 3516 4686 ἄκαρπα
3572 4618 3727 4690 θέρη,
3781 4622 3873 4673 καί
3913 4640 4060 4677 σκυ-

2443 4699 2653 4772 θρωποὶ
2690 4703 2801 4765 τοῖς
2844 4701 3162 4773 προσώποις
3195 4705 3509 4774 γεγόνασιν.

760 3646 845 3695 ea,
879 3648 998 3701 quze
1018 3641 1146 3687 sunt
1175 3632 1399 3687 meliora
1428 3676 1443 3699 ,
1472 3633 1568 3689 sed
1596 3632 1643 3689 ei
1674 3633 1980 3699 studentes,
2010 3641 2068 3688 ut
2092 3650 2150 3689 se
2181 3633 2343 3692 rebus

757 3725 914 3780 vanis
944 3725 1220 3794 voluptate
1258 3726 1545 3795 expleant;
1580 3725 1669 3781 ille
1708 3727 1952 3781 externis
1989 3724 2221 3782 fortuna:
2251 3729 2345 3782 ad-

756 3817 1034 3873 miniculis
1080 3834 1211 3873 usus
1254 3829 1337 3874 est
1377 3820 1447 3874 ad
1489 3819 1916 3890 philosophiam.
1954 3819 2090 3874 llinc
2136 3818 2341 3874 factum

755 3920 840 3966 est
889 3922 1074 3967 utnec
1114 3926 1209 3967 eos
1240 3912 1592 3967 aemularetur
1619 3911 1996 3981 phiIOSOphos,
2045 3912 2138 3982 qui
2183 3919 2343 3967 erant

756 4002 919 4058 nimis
956 4003 1138 4069 otiosi,
1164 4018 1266 4058 nec
1282 4013 1547 4070 oratores,
1590 4005 1683 4073 qui
1717 4004 1881 4057 nimis
1912 4004 2295 4059 redundabant
2324 4023 2336 4059 :

755 4110 881 4149 nant
921 4094 992 4148 illi
1020 4094 1240 4165 quidem
1274 4095 1440 4150 veluti
1472 4095 1744 4150 immenso
1779 4094 1989 4150 lumine
2016 4095 2338 4151 circumfusi

755 4185 927 4240 radiis
985 4185 1343 4255 philosophus
1405 4185 1591 4240 statim
1647 4186 1967 4241 clauserunt
2011 4186 2224 4251 oculos,
2287 4196 2340 4243 et

753 4279 1011 4332 virtutem
1037 4293 1375 4346 nequaquam
1408 4276 1753 4331 deduxerunt
1786 4276 1853 4331 ad
1891 4277 2189 4341 actionem,
2234 4292 2342 4332 nec

756 4369 1044 4441 magnifice
1073 4369 1158 4425 usi
1208 4378 1334 4424 sunt
1360 4368 1727 4440 dogmatibus,
1762 4383 1941 4438 neque
1975 4368 2146 4424 duces
2191 4369 2342 4424 fuere

755 4461 1058 4539 civitatum,
1096 4475 1274 4530 neque
1318 4475 1440 4529 quae
1482 4458 1790 4513 didicerunt
1833 4468 2241 4529 proposuerunt
2284 4458 2338 4514 in

696 4612 699 4615 ,
754 4553 936 4608 medio
976 4552 1212 4623 pepulo;
1252 4551 1347 4606 sed
1393 4550 1693 4621 promissas
1730 4550 1953 4620 quidem
1994 4550 2190 4606 barbas
2229 4551 2340 4605 ale-

755 4646 909 4710 bant,
946 4655 1205 4714 tanquam
1247 4658 1453 4699 messes
1498 4643 1750 4709 inutiles,
1794 4653 1852 4697 et
1894 4643 2126 4697 multum
2157 4642 2339 4699 tristes

754 4747 933 4805 erant,
957 4746 1012 4793 et
1033 4735 1228 4791 severi.

828 4839 1036 4894 Deinde
1066 4839 1155 4892 alii
1186 4838 1407 4911 quidem
1450 4852 1575 4893 cum
1615 4852 1723 4894 non
1756 4852 1894 4908 opus
1920 4848 2067 4894 esset
2104 4854 2200 4909 per
2254 4838 2336 4894 fo-

755 4948 876 4987 rum
908 4941 1216 4997 currentes,
1246 4931 1631 5002 intemperanti
1658 4930 1738 4985 usi
1761 4940 1889 4985 sunt
1913 4931 2133 4986 dicendi
2169 4931 2333 4987 liber-

754 5036 904 5091 tate;
937 5027 1028 5081 alii
1073 5034 1257 5081 autem
1293 5025 1437 5080 dolia
1475 5024 1726 5095 quaedam
1765 5022 2104 5088 habitarunt,
2154 5039 2214 5079 se
2256 5024 2337 5079 eis

752 5118 1291 5175 circumscribentes.
1325 5118 1429 5173 Alii
1464 5129 1647 5173 autem
1688 5117 1743 5170 in
1773 5115 2073 5172 dialecticis
2103 5116 2337 5172 interro-

752 5214 1058 5287 gationibus
1081 5215 1248 5270 vitam
1287 5230 1442 5270 suam
1472 5223 1937 5284 consumpserunt
1969 5232 1981 5267 :
2022 5213 2114 5267 alii
2147 5222 2334 5269 autem

749 5308 1128 5379 quaesiverunt
1161 5309 1231 5364 de
1276 5307 1615 5362 naturalibus
1653 5306 2037 5378 positionibus,
2071 5307 2333 5377 quasdam

751 5411 976 5466 inutiles
1009 5409 1470 5466 contradictiones
1497 5416 1552 5464 et
1583 5408 1708 5463 lites
1735 5408 1786 5462 in
1812 5408 1979 5464 vitam
2002 5407 2292 5464 afferentes
2316 5424 2330 5475 ;

749 5504 934 5558 ethoc
964 5502 1144 5571 ipsum
1183 5502 1369 5557 evenit
1398 5500 1652 5572 plurimis
1685 5515 1752 5555 ex
1793 5500 2145 5565 oratoribus;
2198 5516 2329 5570 pru-

754 5595 974 5649 dentem
1006 5602 1180 5648 artem
1222 5593 1471 5648 fecerunt
1513 5590 1855 5647 occasionem
1899 5589 2248 5660 insipientia,
2278 5599 2332 5645 et

754 5700 879 5740 cum
915 5693 1195 5753 oporteret
1224 5699 1320 5739 eos
1352 5683 1553 5756 eligere
1584 5692 1640 5738 et
1669 5681 1920 5737 meditari
1949 5698 2072 5752 quae
2095 5682 2330 5737 civitati-

753 5777 858 5832 bus
884 5785 1013 5832 sunt
1044 5776 1430 5841 conducibilia,
1473 5775 1568 5841 illi,
1604 5776 1799 5847 partim
1836 5774 2054 5844 quidem
2093 5775 2191 5844 ipsi
2228 5774 2330 5829 fm-

753 5862 965 5937 gentes,
1004 5869 1198 5939 partim
1226 5879 1409 5927 autem
1436 5879 1647 5926 utentes
1681 5879 1934 5941 tanquam
1969 5869 2130 5927 ιριιιιε
2167 5886 2328 5941 repo~

2512 4851 2645 4911 Εἶτα
2682 4853 2749 4925 δὴ
2781 4856 2830 4909 οι
2864 4856 2965 4925 μὲν
3008 4855 3163 4909 οὐδὲν
3208 4856 3329 4910 δέον
3361 4857 3451 4910 διὰ
3496 4857 3597 4928 τῆς
3628 4859 3838 4931 ἀγορᾶς
3885 4861 4058 4917 θέον-

2438 4964 2548 5013 τες,
2584 4946 2809 5019 ἀκράτῳ
2854 4951 2922 5019 τῇ
2958 4949 3245 5021 παρρησίᾳ.
3278 4950 3603 5021 ἐχρήσαντο·
3638 4956 3688 5007 οἱ
3753 4954 3812 5008 δὲ
3839 4956 4058 5022 πίθους

2436 5041 2589 5106 τινας
2648 5041 3075 5112 κατῳκήκασιν,
3152 5043 3595 5114 περιγράψαντες
3647 5046 3901 5116 ἐαμτούς.
3973 5052 4051 5104 ΟΞ

2434 5132 2492 5187 δὲ
2522 5133 2651 5205 περὶ
2681 5133 3025 5198 διαλεκτικὰς
3078 5136 3373 5209 ἐρωτήσεις
3416 5137 3508 5192 τὸν
3544 5139 3750 5192 ἑαυτῶν
3784 5139 3902 5209 βίον
3931 5161 4050 5197 κα.-

2437 5224 2847 5296 τατετρίφασιν.
2911 5225 3095 5280 Ἀλλοι
3157 5226 3214 5280 δὲ
3273 5228 3402 5299 περὶ
3452 5229 3697 5299 φυσικῶν
3754 5232 4056 5303 ἐζήτησαν

2436 5315 2771 5383 ὑποθέσεων,
2813 5317 3111 5388 ἀνωφελεῖς
3164 5336 3320 5384 τινας
3370 5322 3681 5392 ἀντιλογίας
3713 5325 3806 5377 καὶ
3847 5324 4055 5395 ἐριδας

2435 5408 2514 5480 τῷ
2570 5408 2672 5481 βίῳ
2720 5411 3222 5481 κατακομίσαντες·
3278 5414 3374 5467 καὶ
3422 5414 3532 5468 τῶν
3578 5417 3824 5487 ῥητόρων
3870 5418 3933 5471 δὲ
3994 5424 4053 5473 οἱ

2439 5500 2659 5565 πλείους
2701 5501 2870 5556 ταυτὸ
2910 5501 3068 5556 τοῦτο
3102 5503 3458 5571 πεπόνθασιν,
3486 5505 3585 5576 τὴν
3655 5506 3908 5577 ἔμφρονα
3949 5511 4058 5563 τὲ-

2433 5606 2593 5662 χνην,
2632 5592 2946 5664 ἀφροσύνης
2976 5594 3234 5665 ἀφορμὴν
3269 5597 3625 5666 ποιησάμενοι
3653 5612 3667 5626 ⁸
3687 5598 3779 5650 καὶ
3805 5598 3927 5651 δέον
3973 5603 4058 5653 τὰ

2438 5685 2825 5739 λυσιτελοῦντα
2864 5688 2981 5749 ταῖς
3015 5686 3201 5741 πόλεσι
3232 5690 3611 5760 προαιρεῖσθαι
3646 5689 3739 5744 καὶ
3776 5689 4057 5761 μελετᾷ-ι,

2438 5780 2486 5831 οί
2516 5779 2570 5832 δὲ
2597 5777 2661 5832 τὰ
2681 5779 2776 5849 μὲν
2794 5779 2947 5832 αὑτοὶ
2976 5780 3318 5845 πλάττοντες,
3339 5781 3405 5834 τὰ
3426 5782 3479 5835 δὲ
3516 5777 3626 5836 οἷον
3648 5782 4056 5850 ἀποκειμένοις

2436 5871 2767 5943 χρησάμενοι
2820 5871 3103 5943 πρ.ἱγί.ο.ςι.σι
3149 5870 3338 5945 καινήν
3388 5892 3506 5931 τινα
3547 5874 3748 5946 σκηνὴν
3816 5874 3893 5945 τῷ
3929 5880 4055 5944 βίῳ
