4162 6474
158 430 236 493 189
1194 419 1445 480 ENCOM
1457 416 1600 476 IUM
1646 413 2239 475 METAI’IIRASTE.
3272 416 3371 481 190

156 540 593 611 ἐπετραγῴδήσαν.
653 540 794 591 Ἀλλ’
831 540 1033 598 ἐκεῖνος
1062 536 1159 604 οὐχ
1181 533 1373 595 οὕτως,
1398 529 1595 583 πολλοῦ
1625 543 1687 593 γε
1719 524 1766 581 Δ
1793 539 1799 573 ε

1722 524 1766 581 Α
1793 522 2476 592 sitis,novamquamdam
2521 539 2738 579 scenam
2804 525 3060 596 tragicam
3103 528 3155 580 in
3205 531 3365 583 vitam

156 636 227 689 καὶ
248 634 336 685 δείε
364 632 498 684 ἀλλὰ
532 632 668 699 μήτε
699 632 798 700 τὴν
827 628 1026 695 ἐσθῆτα
1070 624 1430 695 μεταλλάξας.
1464 622 1601 690 μήτε
1640 636 1692 671 τι
1796 617 1799 668 λ

1796 616 2251 678 introduxerunt;
2302 618 2394 669 sed
2426 617 2516 668 ille
2556 633 2661 671 non
2693 617 2803 681 sic;
2850 620 3005 688 longe
3052 620 3271 689 quidem
3303 624 3368 673 ab

156 727 225 777 τοῦ
258 721 692 793 μεγαλοπρεποῦς
739 720 1025 786 καθυφεὶς,
1088 718 1227 785 μήτε
1285 716 1345 766 τὸ
1383 715 1538 780 γένος
1576 712 1693 763 ἀτι-
1795 731 1799 754 ι

1795 723 1860 760 eo
1884 706 2054 759 abluit
2082 723 2095 758 :
2121 707 2212 760 sed
2240 723 2413 775 neque
2447 717 2652 760 vestem
2682 712 2918 767 mutans.
2961 726 3136 779 neque
3164 713 3367 779 aliquid

163 816 306 883 μόρας
331 815 447 873 ταῖς
479 809 871 877 καινοτομίαις,
912 809 1046 877 μήτε
1090 805 1323 867 πλάσας,
1358 803 1390 869 ἢ
1425 800 1697 871 μεταπλὰ-
1796 815 1806 849 ι

1796 799 2081 851 remittens
2110 798 2178 851 de
2209 799 2633 866 magniﬁcentia,
2674 814 2773 852 nec
2816 802 3123 867 huiusmodi
3156 806 3368 856 nmita-

160 925 234 967 σας
271 904 544 964 ὑποθέσεις
574 900 878 961 πολιτικὰς,
911 900 1049 967 μήτε
1080 896 1357 965 τηνὰλλως
1409 908 1695 959 σοφιστευ-
1798 895 1803 937 l

1798 885 1938 937 tibus
1967 901 2137 953 genus
2173 901 2330 939 suum
2366 887 2631 940 dedecore
2675 886 2935 951 amciens,
2970 905 3146 957 neque
3181 894 3368 946 civiles

159 1002 372 1065 σαμενος,
419 997 487 1062 τῇ
538 992 769 1061 μὲνὰπὸ
791 990 994 1042 τούτων
1017 990 1203 1055 γένους
1242 986 1544 1055 φιλοτιμίᾳ,
1595 984 1696 1055 ὕλῃ
1797 999 1802 1024 ι

1797 992 1986 1030 causas
2019 976 2227 1047 ﬁngens
2257 988 2312 1033 et
2343 982 2639 1049 reﬁngens;
2674 994 2853 1049 neque
2877 980 3111 1035 inaniter
3138 985 3367 1053 fungens

160 1090 265 1153 πρὸς
290 1086 341 1136 τὸ
397 1080 455 1136 εὖ
520 1086 694 1135 ποιεῖν
738 1080 1193 1148 πολυαρκεστάτῃ
1264 1078 1551 1146 ἐχρίσατο,
1597 1074 1695 1143 τὴν
1798 1088 1803 1124 1

1798 1087 2023 1125 munere
2059 1073 2312 1135 rhetoris,
2349 1072 2566 1141 generis
2611 1073 2828 1140 quidem
2880 1072 3078 1126 decore
3124 1078 3371 1129 utebatur

158 1178 200 1227 δὲ
221 1176 310 1226 ἀπὸ
332 1173 434 1225 τῶν
480 1170 821 1241 μαθημάτων
854 1169 1057 1237 ἀρετὴν
1090 1169 1344 1237 ἀφορμὴν
1385 1164 1546 1227 εὐθὺς
1575 1165 1696 1232 ἔσχε
1796 1188 1801 1211 l

1796 1166 2019 1218 omnino
2048 1165 2112 1218 ad
2164 1164 2611 1218 benel‘aciendum
2640 1182 2652 1216 :
2690 1165 2943 1218 virtutem
2978 1175 3179 1228 autem.
3212 1184 3368 1234 quam

162 1264 599 1335 μεγαλοπρεπείας
644 1281 695 1314 τε
720 1264 814 1315 καὶ
839 1262 1239 1329 λαμπρότητος.
1286 1256 1698 1322 Βασιλεῦσιγὰρ
1798 1272 1805 1308 ε

1798 1257 1897 1309 sibi
1930 1266 2212 1325 paraverat
2235 1272 2264 1309 e
2286 1256 2589 1325 disciplinis
2627 1256 2819 1308 habuit
2850 1259 3096 1323 protinus
3127 1263 3370 1313 occasiu-

1798 1366 1923 1402 nent
1976 1349 2281 1416 splendoris
2330 1360 2384 1401 et
2432 1350 2844 1417 magniﬁcentia:
2880 1369 2891 1401 :
2930 1366 3052 1403 nam
3103 1367 3223 1403 cum
3271 1355 3371 1404 im-

1798 1440 2140 1509 peratoribus
2180 1440 2444 1494 evasisset
2492 1442 2758 1505 amabilis,
2806 1444 2923 1509 ejus
2961 1442 3082 1495 ﬁdei
3125 1446 3369 1496 commit-

1800 1542 2004 1595 tuntur,
2042 1549 2161 1600 qum
2200 1542 2327 1585 sunt
2354 1533 2598 1585 onmium
2636 1535 2868 1586 maxime
2915 1534 3283 1595 honorabilia,
3319 1551 3372 1588 ut

1798 1624 1887 1693 qui
1908 1640 2071 1693 prope
2091 1625 2323 1677 tribunal
2347 1625 2562 1692 quidem
2583 1635 2753 1678 staret
2772 1636 2991 1694 propter
3011 1628 3328 1695 sapientiam
3359 1669 3370 1680 .

1799 1715 2107 1784 reipublicae
2138 1727 2319 1768 autem
2350 1716 2893 1779 administrationem,
2923 1727 3140 1786 prOpter
3175 1719 3371 1786 ingenii

1803 1808 2098 1867 solertiam.
2121 1819 2174 1859 et
2202 1821 2380 1860 rerum
2417 1823 2601 1860 curam
2633 1812 2928 1877 acceperit.

216 1908 311 1960 Καὶ
354 1904 545 1973 πρῶτα
607 1903 706 1972 μὲν
757 1902 875 1963 ταῖς
920 1898 1346 1969 μυστικωτέραις
1412 1896 1702 1964 ἐφεστήκει
1734 1879 1775 1933 Β

1734 1879 1775 1933 Β
1876 1897 1943 1952 Et
1992 1900 2225 1967 primum
2270 1900 2488 1967 quidem
2541 1900 2755 1969 prml‘uit
2809 1906 2969 1957 rebus
3002 1906 3254 1966 arcanis,
3321 1915 3375 1957 ct

164 2002 249 2053 τῶν
278 2000 544 2070 πράξεων,
593 1998 827 2057 καὶτοῖς
864 1994 1192 2063 ἀπορρήτοις
1225 1990 1553 2060 βουλεύμασι
1591 2005 1701 2038 κοι-
1801 2010 1807 2044 ε

1801 2002 2135 2046 secretorum
2167 1994 2516 2046 consiliorum
2556 1994 2658 2046 fuit
2708 1997 3000 2064 particeps,
3046 2014 3167 2051 cum
3205 1999 3374 2065 impr-

168 2091 683 2161 νωνὸςπαρειστήκει
719 2088 831 2150 τοῖς
861 2084 1302 2153 συμϐουλεύουσι.
1354 2084 1505 2134 Ἐπει
1556 2080 1610 2132 δὲ
1669 2081 1699 2147 ή
1802 2100 1811 2137 ι

1802 2086 2112 2146 ratortbus;
2144 2084 2281 2137 adeo
2307 2094 2367 2136 ut
2420 2084 2725 2151 imperatori
2777 2090 3106 2142 renuntiaret
3140 2106 3223 2147 ea.
3257 2106 3373 2156 qua:

164 2185 241 2239 τοῦ
271 2185 453 2255 τρότου
497 2184 681 2242 πίστις
729 2182 786 2232 ὲν
824 2177 1029 2240 τούτοις
1059 2176 1247 2229 τοῦτον
1282 2174 1536 2244 ἐκήρυξε,
1568 2170 1702 2242 μετὰ
1804 2196 1807 2226 ;

1804 2176 2101 2230 alferebant
2122 2176 2316 2238 exteri,
2352 2184 2407 2228 et
2445 2192 2631 2229 rursus
2666 2178 2867 2230 exteris
2897 2194 2981 2242 ea,
3007 2196 3126 2244 mue
3149 2182 3372 2247 juln-bat

159 1365 418 1428 ἐπέραστος
444 1356 704 1425 γεγονὼς,
732 1356 798 1407 τὰ
823 1353 1124 1422 τιμιώτατα
1148 1352 1253 1403 τῶν
1280 1349 1415 1401 ὃλων
1443 1346 1683 1399 πιστεύε-

164 1471 246 1513 ται,
298 1451 355 1502 τὺ
410 1451 510 1519 μὲν
550 1450 714 1515 ὲγγῦς
766 1448 986 1499 ἑστάναι
1040 1444 1133 1496 τοῦ
1168 1443 1431 1513 βήματος,
1485 1442 1571 1493 διὰ
1603 1439 1698 1508 τὴν

162 1546 340 1597 σύνεσιν
364 1558 375 1571 ·
419 1543 519 1609 τὴν
549 1541 605 1592 δὲ
632 1541 729 1608 τῆς
770 1538 1040 1599 πολιτείας
1075 1536 1360 1603 διοίκησιν,
1393 1535 1480 1585 διά
1520 1550 1576 1584 τε
1601 1533 1699 1600 τὴν

163 1637 236 1705 τῆς
262 1636 461 1695 ’δύσεως
488 1632 919 1699 ἐπιτηδειότητα,
960 1631 1056 1682 καὶ
1084 1631 1180 1698 τήν
1208 1627 1316 1681 τῶν
1362 1624 1697 1701 πραγμάτων

163 1725 447 1796 προσλαϐὼν
487 1724 825 1787 ἐπιμέλειαν.

164 2280 250 2332 τῶν
268 2277 468 2331 ἀδύτων
502 2276 595 2329 καὶ
622 2273 721 2335 τὰς
747 2272 1017 2342 κοσμικὰς
1048 2268 1334 2338 φροντίδας
1362 2266 1696 2334 συνείληφεν·

164 2376 223 2434 ὡς
251 2371 397 2423 αὐτὸν
449 2365 777 2435 γεγενῆσθαι
837 2361 1156 2430 εἰσαγγελέα
1202 2376 1260 2412 τε
1298 2359 1374 2428 τῷ
1413 2357 1699 2427 κρατοῦντι

164 2465 353 2530 ἔξωθεν,
399 2463 497 2517 καὶ
551 2458 847 2527 ὲξαγγελέα
910 2455 1017 2509 τῶν
1070 2454 1162 2507 τοῦ
1215 2452 1543 2524 κρατοῦντος
1594 2453 1705 2513 τοῖς

166 2557 351 2620 ἔξωθεν·
395 2564 488 2607 και
544 2548 613 2622 ἦν
645 2552 845 2603 ὡσανεὶ
901 2548 1095 2616 δεσμὸς
1137 2547 1236 2615 τῆς
1270 2545 1587 2613 διοικήσεως
1640 2544 1703 2594 ἀ-

168 2650 347 2719 κριϐής.
383 2648 490 2700 Τοῦ
532 2647 630 2714 μὲν
667 2639 759 2696 οῦν
785 2640 1007 2711 ἡλιακοῦ
1053 2640 1251 2692 κύκλου
1286 2638 1346 2690 τὸ
1399 2637 1495 2705 μὲν
1552 2637 1704 2687 ἐστιν

168 2739 383 2805 ἑτέρωθι,
425 2737 488 2787 τὺ
518 2735 575 2787 δὲ
630 2734 765 2800 προς
800 2732 966 2800 ἡμᾶς’
1026 2733 1229 2789 ἐκεῖνος
1260 2728 1314 2779 δὲ
1344 2730 1371 2780 ὁ
1399 2726 1557 2788 αὐτὸς
1590 2726 1707 2786 ὅλος

164 2825 219 2896 ἦν
252 2831 334 2880 καὶ
379 2826 455 2896 τῷ
500 2824 709 2894 βασιλεί
736 2823 967 2882 καὶτοῖς
1000 2821 1336 2889 πράγμασιν.
1384 2820 1580 2888 Ὠσπερ
1612 2818 1707 2869 καὶ

168 2922 344 2974 ἀνωθεν
377 2923 404 2972 ὁ
435 2918 595 2985 λόγος
645 2914 834 2967 τοῦτον
878 2913 1188 2981 ἐγνώρισεν,
1234 2911 1587 2972 παντοδαπῶς
1634 2906 1711 2962 εἷ-

168 3031 215 3080 χε
239 3014 324 3081 τῆς
351 3011 590 3080 φύσεως,
630 3008 699 3059 τὰ
741 3007 839 3076 μὲν
869 3003 1389 3074 προϐουλεύσασθαι,
1416 3003 1484 3054 τὰ
1506 3002 1561 3054 δὲ
1603 3002 1710 3054 τῶν

169 3104 522 3175 βουλευμάτων
578 3101 673 3153 καὶ
723 3097 1202 3166 κατεργάσασθαι,
1279 3094 1592 3165 Βαρΰάρους
1651 3111 1712 3147 τε

1805 2267 2134 2335 imperator;
2164 2274 2217 2318 et
2240 2276 2355 2319 erat
2393 2265 2556 2319 veluti
2597 2269 2869 2334 quoddam
2911 2281 3222 2324 accuratum
3261 2273 3373 2322 vin-

1806 2358 1988 2411 culum
2022 2358 2528 2411 administrationis.
2572 2360 2747 2426 Atque
2796 2360 2945 2414 orbis
2982 2362 3198 2428 qtndem
3233 2366 3375 2415 sula-

1808 2450 1882 2502 ris
1912 2464 2035 2518 pars
2064 2450 2308 2518 quaedam
2346 2458 2427 2503 est
2449 2450 2596 2512 alibi,
2638 2467 2762 2519 pars
2806 2468 2934 2505 vero
2967 2464 3051 2507 est
3076 2456 3214 2521 apud
3246 2471 3373 2509 nos;

1808 2542 1894 2595 ille
1938 2557 2062 2595 vero
2094 2542 2209 2609 ipse
2254 2550 2397 2595 totus
2444 2552 2560 2595 erat
2610 2544 2750 2611 apud
2802 2546 3206 2611 imperatorem.
3238 2550 3374 2599 etin

1809 2633 1940 2701 ipsis
1971 2634 2221 2703 negotiis.
2267 2632 2550 2699 Quomodo
2601 2637 2744 2688 enim
2774 2639 3025 2705 superius
3060 2639 3379 2705 signiliratit

1808 2723 2002 2788 oratio,
2034 2726 2317 2789 versatile,
2367 2736 2423 2779 et
2451 2727 2517 2779 ad
2569 2728 2751 2781 omnia
2792 2730 3257 2782 accommodatum
3294 2732 3381 2782 im-

1810 2816 1927 2869 buit
1968 2815 2280 2885 ingenium;
2326 2815 2463 2870 adeo
2511 2827 2568 2871 ut
2616 2827 2671 2871 et
2720 2819 2870 2885 prius
2906 2822 3275 2881 consultaret,
3330 2832 3382 2874 et

1810 2918 2201 2976 exsequeretur
2230 2924 2313 2972 ea,
2346 2924 2464 2978 qua:
2486 2909 2781 2964 consultata
2820 2911 3055 2969 fuerunt.
3087 2923 3136 2965 et
3172 2912 3367 2965 Barba-

1813 3016 1902 3053 ros
1929 3001 2112 3068 procul
2143 3002 2483 3069 propulsaret
2531 3017 2560 3055 a
2597 3002 2794 3055 ﬁnibus
2834 3004 3225 3066 ltomauorum,
3252 3006 3383 3057 alius

1813 3103 1992 3147 autem
2024 3106 2324 3163 superaret,
2361 3105 2454 3147 aut
2498 3096 2666 3162 copiis
2715 3106 2809 3149 aut
2850 3097 3076 3157 artibus,
3108 3108 3161 3150 et
3198 3108 3387 3165 gentes

168 3202 330 3268 πέρρω
356 3200 453 3264 τῆς
498 3192 791 3262 Ῥωμαίων
818 3187 1138 3242 ἀπώσασθαι
1189 3191 1311 3257 γῆς,
1350 3188 1472 3249 τοὺς
1524 3186 1581 3239 δὲ
1616 3186 1710 3239 καὶ
1738 3221 1779 3280 C

1740 3221 1779 3280 c
1814 3185 1868 3238 in
1921 3201 2073 3239 suam
2120 3187 2388 3255 redigeret
2436 3196 2792 3255 potestatem,
2840 3188 3284 3255 temporibusque
3334 3200 3383 3241 νε

168 3286 640 3357 καταγωνίσασθαι,
676 3284 708 3351 ἦ
745 3280 1143 3350 στρατεύμασιν
1201 3278 1233 3348 ἦ
1294 3278 1661 3348 τεχνάσμασιν
1695 3294 1708 3307 ·

169 3384 273 3451 ἔθνη
293 3399 346 3433 τε
376 3377 614 3441 ὑποποιῆ
625 3392 736 3433 σαι.
764 3377 857 3426 καὶ
884 3374 1070 3441 στῆναι
1096 3370 1264 3435 δεξιὸς
1290 3371 1422 3441 πρὸς
1451 3372 1573 3430 τοὺς
1590 3388 1711 3423 και-

171 3475 272 3541 ροὺς
307 3476 395 3524 και
424 3471 492 3522 τὰ
521 3471 843 3537 πράγματα,
872 3464 950 3533 τῷ
988 3462 1418 3533 μεταϐεϐλῆσθαι
1450 3463 1537 3513 ὅτε
1575 3462 1713 3524 δέον,

168 3562 228 3627 τίς)
259 3557 650 3627 καινοτομῆσαι
684 3559 771 3610 ὅτε
806 3554 1103 3623 συμφέρον,
1147 3553 1224 3621 τῷ
1270 3554 1368 3620 τὴν
1416 3552 1582 3622 αὐτὴν
1619 3569 1714 3621 τη-

171 3653 305 3719 ρῆσαι
342 3652 507 3711 ἰδέαν,
540 3652 630 3702 ὅτε
653 3646 811 3699 τοῦτο
845 3644 1005 3697 καλὸν
1030 3644 1217 3707 δόξειε.
1250 3646 1360 3697 Καὶ
1393 3646 1483 3695 ἐπὶ
1510 3646 1715 3706 τούτοις

168 3745 262 3796 οὐδὲ
306 3744 526 3811 χάριτος
554 3742 786 3809 ἄμοιρος
816 3738 843 3788 ὁ
872 3737 1027 3807 ἀνὴρ,
1062 3738 1196 3790 ἀλλὰ
1236 3737 1543 3805 κατήρτυτο
1572 3735 1718 3804 αὐτῷ

168 3837 279 3904 πῴς
304 3839 483 3887 πᾶσαν
523 3831 769 3901 σπουδήν
820 3830 1230 3900 μετ’ἐμμελοῦς
1278 3830 1496 3891 παιδιᾶς
1548 3829 1640 3880 καὶ
1684 3829 1716 3896 ή

169 3927 351 3991 γλῶττα
384 3944 478 3977 και
529 3926 564 3994 ή
602 3922 830 3976 διάνοια.
890 3920 1336 3990 Μεγαλοπρεπῶς
1363 3920 1418 3971 δὲ
1461 3919 1596 3988 ἔχων
1628 3920 1719 3970 καὶ

168 4018 246 4083 τῆς
272 4018 483 4085 στολῆς,
531 4017 631 4068 καὶ
670 4012 765 4065 τοῦ
806 4014 1080 4081 σχήματος
1107 4010 1221 4081 ἅμα
1267 4012 1360 4062 καὶ
1402 4009 1496 4063 τοῦ
1571 4010 1719 4079 βαδί-

169 4124 377 4175 σματος,
426 4106 765 4175 ἁντήλλαττε
804 4106 862 4156 τι
909 4099 1037 4173 ἦοος
1104 4103 1237 4172 πρὸς
1289 4101 1348 4155 τδ
1378 4103 1717 4171 φαινόμενον.

168 4200 421 4267 Ἐπίχαρες
448 4215 509 4250 τε
537 4198 617 4248 ῶν
657 4195 751 4247 καὶ
789 4195 1135 4263 εὐπρόσιτος,
1170 4195 1262 4245 καὶ
1291 4194 1514 4246 αὐτόθεν
1546 4194 1719 4247 ἕλκων

180 4292 359 4354 πάντας
386 4290 466 4361 τῷ
503 4287 850 4357 μειδιάματι.
883 4281 1006 4354 Εἶχε
1034 4285 1088 4337 δὲ
1115 4285 1319 4354 καὶτῆς
1348 4286 1528 4355 χειρὸς
1562 4286 1719 4354 ἀφει-

166 4381 280 4444 δῶς,
338 4382 431 4434 δύο
492 4380 704 4447 ταύτην
786 4377 1203 4429 ὲπεκτεινόντων
1235 4418 1247 4437 ,
1313 4376 1542 4429 πλούτου
1630 4380 1723 4428 καὶ

168 4476 537 4542 προαιρέσεως.
597 4472 709 4523 Καὶ
756 4469 1038 4539 προέκειτο
1078 4485 1140 4537 γε
1182 4467 1330 4537 αὑτῷ
1363 4468 1719 4530 ὑπτιάζουσα,

1816 3277 1977 3331 rebus
2040 3277 2371 3331 dexterrime
2446 3279 2520 3332 uti
2574 3289 2795 3347 posset,
2867 3281 3011 3347 quod
3087 3291 3385 3334 mutaretur

1814 3369 2030 3437 quando
2056 3370 2358 3438 Oportebat,
2388 3371 2529 3438 quod
2558 3371 2840 3424 innovaret
2871 3383 3088 3439 quando
3129 3374 3384 3437 CXdeir-

1817 3459 1934 3524 bat,
1960 3460 2104 3529 quod
2128 3460 2370 3514 eamdem
2404 3472 2644 3514 servaret
2667 3462 2924 3529 speciem,
2950 3464 3165 3529 quando
3189 3464 3386 3516 bonum

1816 3551 2103 3604 videbatur
2135 3569 2147 3603 :
2185 3552 2279 3605 sed
2322 3567 2497 3621 neque
2524 3563 2638 3606 erat
2670 3555 2753 3605 vir
2781 3570 2975 3623 expers
3005 3556 3299 3624 gratiarum
3336 3567 3385 3608 et

1818 3643 2085 3711 leporum,
2116 3645 2208 3698 sed
2242 3645 2308 3698 ad
2333 3660 2551 3699 omnem
2588 3648 2826 3715 leporem
2881 3663 2944 3701 ac
2985 3652 3206 3717 gratiam
3257 3666 3385 3701 cou-

1820 3736 2068 3791 veniente
2094 3737 2335 3792 dortrina
2363 3749 2656 3808 temperata
2686 3750 2803 3793 erat
2828 3740 2879 3793 ei
2916 3740 3116 3808 lingua,
3147 3742 3387 3794 instituta

1818 3836 1872 3882 et
1902 3829 2131 3883 animus.
2158 3828 2291 3883 Cum
2323 3842 2502 3884 autem
2534 3841 2680 3884 esset
2705 3832 2755 3884 ei
2802 3832 3127 3901 magniﬁcus
3172 3843 3227 3885 et
3257 3836 3381 3885 ami-

1820 3930 1963 3980 ctus.
2000 3931 2055 3975 et
2103 3922 2323 3976 habitus
2368 3923 2526 3976 simul
2563 3939 2684 3976 cum
2710 3924 2948 3987 incessu,
2974 3940 3153 3978 mores
3177 3941 3387 3993 quoan

1821 4013 2066 4066 mutabat
2098 4013 2163 4067 ad
2192 4014 2267 4077 id,
2294 4016 2438 4083 quod
2466 4015 2770 4078 videbatur,
2808 4027 2867 4069 ut
2897 4016 2987 4084 qui
3017 4027 3164 4069 esset
3192 4019 3383 4087 gratio-

1820 4117 1913 4156 sus
1942 4111 1997 4155 et
2029 4102 2283 4167 aﬁabilis,
2315 4113 2370 4157 et
2400 4119 2465 4158 eo
2507 4105 2625 4172 ipso
2667 4118 2860 4158 omnes
2898 4106 3186 4159 subridens
3229 4107 3293 4159 ad
3336 4123 3387 4159 se

1820 4195 2134 4248 attraheret.
2169 4194 2436 4249 Praeterea
2481 4205 2663 4248 autem
2691 4210 2854 4248 manu
2910 4210 3123 4263 quoque
3172 4196 3388 4247 minime

1822 4295 1939 4339 erat
1989 4300 2215 4354 parcus,
2267 4294 2453 4355 utpote
2510 4286 2655 4354 quod
2704 4286 2827 4339 dua:
2880 4300 2966 4339 res
3016 4286 3389 4348 extenderent,

1823 4393 2019 4447 nempe
2048 4378 2251 4432 divitire
2286 4388 2341 4431 et
2371 4379 2643 4432 voluntas.
2672 4378 2916 4432 Habebat
2949 4389 3129 4433 autem
3157 4380 3230 4432 ita
3256 4395 3381 4447 quo-

1823 4486 1948 4539 que,
1989 4482 2047 4524 ut
2089 4471 2406 4539 oportebat,
2454 4473 2745 4525 nonnullas
2787 4483 2970 4541 partes
3011 4489 3073 4526 ex
3120 4474 3222 4536 iis,
3273 4490 3387 4541 qua,

168 4566 238 4614 καὶ
278 4565 519 4633 ἐξήντλει
575 4562 751 4632 ταύτῃ
777 4560 964 4629 ῶσπερ
1011 4561 1073 4611 ὲκ
1113 4557 1357 4626 ποταμοῦ
1396 4557 1631 4625 δαψιλῶς
1689 4558 1716 4608 ό
1752 4558 1794 4613 D

1752 4558 1794 4613 D
1824 4569 2157 4613 consuerunt
2191 4569 2429 4612 nostram
2467 4559 2623 4615 ﬁdem
2672 4565 3025 4616 constituere.
3074 4562 3165 4615 lia:
3206 4572 3389 4615 autem

168 4656 477 4725 μυλόμενος.
532 4651 666 4722 Εἶχε
711 4654 810 4721 μὲν
845 4648 936 4705 οῦν
995 4652 1135 4704 οὕτω
1172 4651 1344 4704 ταῦτα
1394 4651 1472 4720 τῷ
1505 4651 1722 4718 μεγάλῳ

166 4749 309 4814 τούτῳ
340 4747 516 4815 ἀνδρί.
582 4740 712 4812 Εἶχε
743 4743 798 4795 δὲ
844 4744 935 4794 καὶ
970 4742 1157 4811 ὥσπερ
1214 4741 1380 4810 ὲχρῆν
1412 4742 1552 4809 μέρη
1602 4740 1723 4791 τινὰ

168 4835 251 4887 τῶν
304 4838 399 4906 τὴν
468 4832 761 4904 ἡμετέραν
816 4832 997 4884 πίστιν
1062 4832 1377 4900 συγκροτεῖν
1435 4831 1720 4884 εἰωθότων.

166 4926 230 4978 Τὰ
252 4928 300 4979 δὲ
346 4923 431 4999 ἦν.
474 4924 699 4986 Ἄλλως
755 4922 806 4975 τί
882 4921 955 4991 μὴ
993 4922 1319 4990 τελεώτερον
1372 4921 1587 4991 χρῶμαι
1646 4920 1724 4989 τῷ

168 5019 297 5087 λόγῳ,
332 5020 467 5087 μηδὲ
499 5019 587 5079 εἰς
622 5013 922 5085 κορυφαίαν
972 5014 1145 5082 ἀρχὴν
1174 5012 1358 5077 ἀνάγω
1388 5012 1448 5064 τὸ
1472 5012 1724 5082 μέγιστον

169 5109 250 5161 τῶν
276 5110 481 5163 ἐκείνου
528 5106 857 5174 κεφάλαιονς
892 5098 1019 5175 Εἶμι
1051 5103 1180 5172 γοῦν
1209 5103 1345 5174 πρὸς
1368 5104 1466 5174 τὴν
1494 5103 1721 5175 πρώτην

169 5201 419 5266 ὑπόθεσιν,
470 5197 660 5272 βραχύ
696 5215 749 5249 τι
787 5196 878 5249 τὸν
910 5196 1065 5263 λόγον
1096 5198 1569 5267 προκαταστήσας.

219 5294 464 5363 Φιλότιμα
499 5293 611 5361 μὲν
646 5290 715 5341 τὰ
758 5288 910 5358 παρὰ
938 5289 1047 5341 τῶν
1096 5288 1390 5359 μαρτύρων
1444 5288 1563 5340 κατ’
1622 5288 1716 5357 ἐχ-

170 5384 282 5453 Θρῶν
302 5388 697 5453 ἀγωνίσματα,
735 5381 871 5451 πρὸς
899 5381 991 5445 οῦς
1018 5398 1075 5434 τε
1106 5381 1385 5450 ἐμφανῶς,
1442 5383 1535 5433 καὶ
1586 5381 1720 5450 πρὸς

171 5478 269 5536 τοὺς
295 5476 517 5544 ἀφανῶς
546 5472 896 5543 ἠγωνίσαντο
921 5488 935 5503 ο
974 5472 1065 5526 καὶ
1093 5472 1208 5535 πῶς
1240 5471 1345 5541 γὰρ
1376 5470 1434 5523 οὕ
1460 5489 1474 5537 ;
1505 5474 1720 5543 παρρη-

174 5562 255 5613 σεαι
282 5565 531 5635 λαμπραὶ
561 5564 661 5615 καὶ
689 5561 901 5632 γνῶμαι
948 5563 1226 5632 ἀήττητοι,
1275 5565 1333 5615 τό
1389 5581 1445 5615 τε
1498 5562 1715 5615 ἐκκεκό-

175 5654 274 5716 φθαι
302 5658 405 5709 τῶν
442 5656 721 5725 σχέσεων,
747 5654 840 5705 καὶ
869 5654 929 5705 τὸ
950 5655 1320 5724 καταμελῆσαι
1354 5655 1449 5721 τῆς
1485 5655 1715 5721 φύσεως,

173 5751 303 5814 τομαί
326 5765 378 5799 τε
428 5746 619 5816 μελῶν
660 5744 752 5796 καὶ
810 5744 1074 5796 ἀποϐολαί
1104 5762 1115 5773 ·
1170 5745 1357 5797 καὶτὸ
1414 5746 1718 5800 τελευταῖον

176 5836 292 5907 ζωῆς
318 5839 744 5910 περιφρόνησις.
780 5836 941 5891 Οὐδὲν
970 5836 1023 5889 δὲ
1062 5832 1220 5907 ἧττον
1240 5838 1330 5890 καὶ
1370 5838 1395 5889 ὁ
1425 5838 1711 5906 ἀσκητικδς

1825 4660 1978 4703 erant
2013 4651 2128 4719 (sed
2155 4666 2251 4703 cur
2281 4666 2389 4704 non
2422 4650 2717 4718 perfectius
2755 4663 2875 4706 utor
2926 4653 3190 4716 oratione,
3218 4670 3388 4719 neque

1826 4757 1942 4794 eam
1968 4742 2034 4795 ad
2069 4742 2297 4809 capitale
2333 4742 2532 4795 reduco
2568 4744 2893 4811 principium
2919 4746 3062 4812 quod
3099 4754 3184 4797 est
3222 4746 3362 4796 maxi

1827 4846 1971 4882 mum
2006 4840 2169 4899 caput
2210 4846 2391 4893 rerum
2438 4831 2654 4900 illius?)
2710 4831 2857 4886 Vade
2889 4848 3017 4903 ergo
3063 4833 3129 4886 ad
3160 4834 3389 4901 primum

1824 4930 2223 4991 argumentum,
2257 4922 2300 4976 si
2328 4932 2454 4977 ante
2469 4939 2703 4993 ea,quae
2733 4934 2861 4980 sunt
2886 4925 3114 4980 dicenda
3134 4926 3388 4979 nonnulla

1825 5014 2160 5082 praemisero.

1894 5291 2135 5346 Gloriosa
2167 5291 2381 5359 quidem
2443 5300 2570 5346 sunt
2618 5294 2938 5359 certamina,
2978 5310 3099 5363 qua:
3140 5309 3388 5365 suscepta

1829 5381 2049 5435 fuerunt
2107 5397 2136 5435 a
2168 5382 2498 5452 martyribus
2548 5382 2809 5438 adversus
2860 5384 3136 5450 inimicos,
3195 5392 3388 5455 partim

1832 5485 2038 5543 aperte,
2064 5474 2257 5543 partim
2310 5474 2557 5529 obscure.
2610 5474 2808 5539 Quidni
2851 5476 3040 5530 enim?
3075 5492 3195 5530 cum
3224 5480 3386 5531 fuerit

1828 5581 2013 5619 eorum
2064 5564 2320 5634 prmclara
2341 5566 2554 5625 ﬁducia.
2614 5576 2668 5619 et
2707 5582 2860 5620 mens
2917 5567 3385 5637 inexpugnabilis;

1824 5658 2048 5711 allectus
2105 5657 2403 5720 abdicasse,
2449 5656 2769 5725 neglexisse
2833 5667 3119 5721 naturam,
3175 5672 3386 5712 exsecta

1828 5750 2065 5802 lllt'lltbl'a
2096 5758 2149 5801 et
2177 5749 2393 5811 amissa,
2440 5763 2504 5801 ac
2544 5758 2817 5816 postremo
2847 5750 2967 5802 vitae
3005 5759 3381 5819 contemptus.

1826 5843 1914 5896 ιιλε
1947 5851 2123 5895 autem
2172 5842 2518 5896 nihilominus
2566 5840 2773 5896 refulsit
2809 5842 2913 5895 vita
2951 5858 3164 5914 quoque
3200 5860 3397 5899 mona-i
