4162 6474
757 421 847 488 191
2253 427 2523 492 PSELLI

3920 425 4029 491 192

668 558 672 562 -
751 536 906 590 stica:
939 532 1509 592 exercitationis.Nam
1530 536 1620 593 hic
1635 551 1854 609 quoque
1879 545 1967 592 est
1992 534 2174 591 carnis
2202 550 2339 592 con-

2457 539 2559 604 Βίος
2597 540 2935 612 κατέλαμπε.
2954 540 3180 610 Δαπάνη
3214 540 3321 613 γὰρ
3347 540 3626 596 κάνταῦθα
3656 543 3896 612 σαρκῶν,
3930 546 4037 596 καὶ

751 625 1011 695 sumptio;
1044 639 1150 681 nec
1203 642 1263 683 se
1289 627 1499 683 deliciis
1537 626 1764 691 dedere,
1813 626 1869 681 in
1927 627 2013 692 iis,
2053 626 2106 681 in
2136 626 2337 696 quibus

751 731 862 771 non
892 725 1127 786 oportet,
1161 727 1217 773 et
1241 735 1272 772 a
1322 716 1529 774 mundo
1568 719 1842 787 separari;
1878 719 1947 774 ad
2000 719 2171 773 Deum
2211 733 2336 773 cum

750 811 881 877 ipsis
913 810 1130 865 evolare
1176 809 1497 878 corporibus
1519 852 1533 876 ,
1580 821 1635 867 et
1674 812 1879 867 innatis
1914 812 2171 867 resistere
2206 812 2340 867 alle-

751 904 1046 964 ctionibus.
1108 902 1273 957 etiis
1334 919 1458 972 ιιιιιε
1519 921 1547 958 a
1602 904 1761 959 malis
1788 905 2074 976 spiritibus
2108 904 2340 961 allluunt

754 995 1123 1048 extrinsecus.
1181 992 1277 1047 Est
1327 1008 1458 1065 ergo
1490 996 1779 1051 amborum
1814 998 2072 1068 prmclara
2104 996 2246 1064 vita;
2285 1006 2340 1052 et

757 1088 883 1142 nlim
909 1088 1128 1157 quidem
1182 1089 1379 1156 fuerat,
1411 1100 1466 1145 et
1494 1091 1600 1146 erit
1632 1107 1856 1159 rursus;
1891 1093 1984 1147 sed
2035 1108 2155 1157 non
2192 1092 2337 1147 clare

757 1181 974 1235 interim
1011 1181 1186 1236 fuerat
1220 1184 1438 1253 cognita
1468 1200 1658 1239 eorum
1694 1185 1781 1240 hic
1811 1187 2217 1250 remuneratio;
2243 1185 2338 1240 sed

759 1272 939 1325 arcani
975 1271 1196 1339 quidem
1232 1274 1380 1337 libri,
1414 1290 1552 1343 quos
1586 1276 1769 1330 multis
1797 1276 1851 1329 in
1898 1276 2081 1331 futura
2112 1277 2166 1330 in
2200 1277 2340 1331 inte-

759 1378 910 1435 grum
931 1366 1279 1420 restitutione
1304 1366 1482 1437 legent
1512 1368 1712 1440 angeli,
1730 1378 1983 1425 accurate
2001 1370 2339 1425 monimenta

757 1457 1046 1511 continent
1106 1474 1297 1513 eorum
1363 1463 1607 1533 martyrii
1645 1472 1701 1517 et
1747 1464 2179 1519 exercitationis.
2236 1462 2341 1530 Qui

759 1557 939 1600 autem
971 1557 1100 1601 ante
1132 1550 1279 1604 hunc
1312 1550 1531 1604 beatum
1569 1552 1745 1606 virum
1780 1568 1866 1606 res
1906 1563 2088 1623 gestas
2126 1553 2341 1606 illorum

760 1638 1121 1707 scripserunt,
1154 1656 1263 1695 non
1300 1652 1431 1696 sunt
1470 1643 1703 1696 assecuti
1739 1643 1953 1697 illorum
1987 1645 2347 1714 magniﬁcen»

762 1729 1033 1794 tiam;scd
1061 1733 1259 1801 partim
1288 1734 1510 1801 quidem
1542 1736 1610 1790 de
1632 1736 1713 1790 eis
1745 1746 1873 1790 sunt
1893 1737 2125 1803 mentiti,
2147 1740 2342 1809 partim

761 1832 944 1877 autem
979 1841 1100 1878 cum
1138 1840 1244 1878 non
1281 1835 1501 1894 possent
1534 1828 1699 1882 rebus
1753 1843 1943 1883 eorum
2003 1832 2343 1901 responden-

2444 632 2625 705 τρυφὴ
2655 633 2716 686 τὸ
2743 634 2818 706 μὴ
2842 636 3072 705 τρυφᾷν⁸
3105 635 3164 687 ἐν
3201 629 3283 699 οἷς
3340 636 3404 688 οὐ
3457 635 3577 689 δέον
3622 638 3837 707 τρυφᾷν
3859 653 3873 667 ο
3937 640 4041 690 καὶ

2445 721 2507 775 τὸ
2571 724 2921 794 ἀπερῤἧχθαι
2961 725 3191 794 κόσμου,
3247 727 3342 778 καὶ
3399 725 3536 797 πρὸς
3572 726 3707 779 Θεὸν
3752 727 3891 780 κατά
3923 725 4041 779 τῶν

2447 812 2718 881 σωμάτων
2751 813 2931 867 αὐτῶν
2968 815 3295 885 ἀναπτῆναι,
3331 816 3427 870 καὶ
3462 818 3653 885 στῆναι
3695 818 3834 886 πρός
3852 833 3912 870 τε
3962 818 4041 870 τὰ

2445 904 2663 975 ἔμφυτα
2712 905 2885 975 πάθη,
2930 907 3027 959 καὶ
3064 908 3201 976 πρὸς
3250 909 3319 964 τά
3365 911 3696 982 ἐπιρρέοντα
3736 912 3885 980 παρά
3923 912 4044 965 τῶν

2447 998 2703 1069 πονηρῶν
2754 1000 3083 1069 πνευμάτων
3151 1001 3370 1065 ἔξωθεν.
3427 1004 3686 1075 Λαμπροὶ
3741 1005 4044 1076 τοιγαροῦν

2446 1089 2615 1160 ἄμφω
2638 1091 2688 1143 oi
2717 1090 2843 1161 βίοι,
2878 1094 2972 1146 καὶ
3015 1092 3187 1147 πάλαι
3231 1095 3333 1164 μὲν
3372 1097 3567 1167 ἤστην,
3621 1096 3776 1151 ἐστον
3827 1100 3881 1153 δὲ
3935 1099 4043 1153 καὶ

2447 1184 2624 1246 αὖθις.
2663 1186 2806 1239 Ἀλλ’
2837 1188 2898 1241 οὐ
2933 1187 3166 1260 λαμπρὰ
3186 1189 3325 1254 τέως
3378 1190 3677 1264 ἐγνώριστο
3733 1196 3767 1263 ἡ
3824 1194 4041 1247 τούτων

2447 1277 2683 1333 ἐνταῦθα
2743 1280 3044 1343 ἀντίδοσις·
3109 1284 3223 1339 ἀλλ’
3259 1287 3314 1338 al
3370 1287 3465 1355 μὲν
3500 1288 3803 1357 ἀπόρρητοι
3836 1287 4039 1356 βίϐλοι,

2447 1369 2511 1434 ἃς
2540 1370 2603 1442 δὴ
2623 1375 2737 1436 τοῖς
2761 1372 2973 1438 πολλοῖς
3019 1375 3077 1427 ὲν
3113 1380 3181 1446 τῇ
3213 1378 3659 1433 ἀποκαταστάσει
3711 1382 3760 1432 οἱ
3806 1380 4040 1448 ἄγγελοι

2450 1464 2879 1534 ἀναγνώσονται,
2907 1468 3110 1540 ἀκριϐῆ
3142 1470 3211 1524 τά
3238 1472 3341 1539 τῆς
3373 1472 3676 1543 μαρτυρίας
3709 1473 3886 1526 αὐτῶν
3935 1475 4041 1527 καὶ

2456 1557 2754 1629 ἀσκήσεως
2786 1560 3006 1630 ἔχουσιν
3028 1562 3421 1633 ὑπομνήματα.
3454 1565 3515 1616 Οί
3566 1563 3622 1616 δὲ
3653 1564 3761 1634 πρὸ
3786 1564 3878 1617 τοῦ
3901 1564 4045 1617 Θαυ-

2455 1650 2657 1719 μασίου
2688 1651 2842 1708 τοῦδε
2895 1653 3095 1724 ἀνδρὸς
3127 1655 3366 1709 ἐνταῦθα
3395 1655 3495 1720 τὰς
3528 1657 3753 1711 ἐκείνων
3805 1657 4045 1727 πράξεις

2451 1741 2921 1813 ἀναγραψάμενοι,
2947 1745 3216 1813 οὐμενοῦν
3251 1746 3354 1816 τῆς
3386 1749 3862 1820 μεγαλοπρεπείας
3888 1752 4045 1803 ὲκεί-

2454 1851 2559 1887 νων
2583 1835 2868 1903 ἐφίκοντο·
2902 1838 3042 1890 ἀλλὰ
3071 1838 3137 1892 τὰ
3168 1838 3266 1908 μὲν
3300 1840 3480 1893 αὐτῶν
3508 1842 3939 1911 κατεψεύσαντο,
3972 1844 4047 1896 τὰ

765 1924 872 1969 tam
907 1916 1105 1971 atl‘crre
1136 1919 1468 1982 orationem,
1505 1920 1707 1975 bonum
1745 1921 1852 1975 illis
1878 1918 2345 1993 conscripserunt,

2457 1926 2507 1978 δὲ
2545 1926 2619 1997 μὴ
2652 1927 2974 1998 δυνηθέντες
3021 1931 3332 2002 κατάλληλα
3368 1932 3557 1999 Θείναι,
3600 1933 3845 2004 ἄκομψον
3885 1935 4047 1988 ἐκεῖ-

763 2008 910 2077 quod
942 2024 1044 2062 nec
1094 2018 1214 2062 erat
1274 2010 1381 2063 ulla
1433 2010 1702 2081 elegantia
1735 2021 2009 2076 ornatum,
2045 2029 2145 2067 nec
2193 2014 2351 2071 laude

764 2101 1232 2170 prosequendum,
1280 2113 1343 2157 ut
1390 2104 1482 2172 qui
1526 2119 1627 2159 nec
1679 2104 1961 2174 pulchram
2017 2106 2354 2175 subiecerint

766 2194 1114 2259 sententiam,
1164 2210 1265 2249 nec
1312 2211 1431 2250 eam
1467 2197 1649 2251 verbis
1696 2198 1948 2253 ornarint
1995 2199 2350 2268 decentibus,

769 2299 945 2353 neque
968 2295 1219 2339 accurate
1258 2287 1652 2356 descripserint
1695 2289 1957 2342 smvitiam
2006 2306 2067 2345 ac
2097 2293 2353 2348 atrocita-

772 2387 878 2431 tem
924 2393 1111 2432 eorum
1143 2420 1158 2445 ,
1217 2380 1311 2448 qui
1364 2381 1684 2450 punierunt,
1736 2397 1914 2452 neque
1942 2394 2241 2456 martyrum
2296 2386 2353 2441 in

768 2469 963 2524 dandis
986 2472 1264 2541 responsis
1292 2472 1639 2542 prudentiam
1672 2492 1685 2526 :
1726 2474 2024 2543 quinetiam
2055 2478 2353 2534 monacho-

774 2578 892 2614 rum
940 2564 1319 2617 adulteraruut
1375 2564 1863 2625 exercitationem.
1924 2568 2244 2638 simpliciter
2296 2581 2355 2626 et

773 2655 923 2722 quasi
962 2664 1185 2720 temere,
1206 2664 1260 2710 et
1288 2665 1347 2709 ut
1373 2657 1591 2721 accidit,
1618 2658 1943 2723 referentes,
1972 2676 2094 2729 quae
2113 2663 2355 2719 studiose

775 2747 844 2799 ab
880 2746 985 2801 illis
1011 2746 1153 2803 facta
1181 2756 1328 2801 sunt.

846 2838 984 2893 Hinc
1015 2838 1215 2894 factum
1239 2849 1321 2894 est
1350 2849 1408 2895 ut
1430 2842 1679 2896 nonnulli
1711 2859 1777 2898 ne
1807 2846 1888 2899 vel
1918 2846 2098 2917 legere
2129 2847 2352 2917 quidem

775 2931 1104 2984 sustinerent
1141 2946 1225 2997 ca,
1254 2947 1375 3000 qua:
1419 2944 1546 2987 sunt
1590 2935 1894 2989 litterarum
1938 2937 2191 2992 mandata
2238 2954 2355 2995 mo-

778 3022 1069 3084 mnueutis,
1118 3023 1238 3076 aliis
1266 3034 1446 3077 autem
1482 3040 1563 3089 ea,
1599 3041 1719 3094 qua:
1745 3026 2086 3090 dicebantur,
2142 3031 2354 3099 praebe—

779 3125 897 3169 rent
922 3116 1131 3169 ridendi
1162 3117 1473 3181 materiam;
1495 3126 1548 3172 et
1571 3119 1983 3187 compositionis
2005 3121 2348 3191 inelegantia,

778 3217 833 3262 et
897 3208 1181 3262 sententia:
1232 3209 1463 3262 absurda
1531 3219 1585 3263 ct
1650 3211 1795 3264 nulla
1851 3218 2243 3281 consequentia
2288 3230 2352 3268 ex

777 3298 923 3351 dicto
948 3299 1069 3353 vilis
1120 3308 1175 3353 et
1227 3300 1458 3369 ahjccta,
1528 3312 1684 3355 erant
1745 3302 1850 3369 iis,
1902 3305 1992 3372 qui
2034 3306 2350 3372 audiebant,

781 3392 1046 3455 insuavia,
1082 3402 1136 3446 et
1159 3393 1285 3446 odio
1318 3394 1676 3459 habebantur,
1709 3396 1889 3465 potius
1912 3414 2071 3465 quam
2104 3398 2358 3453 admitte-

779 3483 978 3536 bantur
1000 3523 1013 3546 ,
1043 3492 1096 3537 et
1124 3493 1345 3554 propter
1372 3500 1488 3549 eos,
1536 3486 1627 3555 qui
1672 3488 2117 3556 conscripserant
2142 3529 2155 3552 ,
2201 3490 2356 3544 nobis

780 3576 1014 3632 ludibrio
1046 3578 1384 3632 habebantur
1427 3579 1762 3633 admirabilia
1803 3581 2016 3635 Christi
2070 3598 2355 3638 servorum

780 3672 1076 3727 certamina
1131 3688 1193 3726 ac
1248 3682 1468 3741 troptca.
1531 3674 1597 3727 Et
1652 3689 1843 3727 omnes
1894 3674 2115 3742 quidem
2172 3687 2359 3745 aperte

781 3765 982 3834 scripta
1043 3765 1449 3819 insectabantur
1514 3767 1874 3821 maledictis:
1927 3782 2112 3821 eorum
2176 3779 2357 3823 autem

783 3860 900 3914 loco
952 3859 1148 3914 alIcrre
1196 3860 1438 3923 meliora,
1472 3860 1591 3914 aliis
1646 3861 1864 3930 quidem
1916 3871 2141 3931 propter
2193 3863 2356 3917 animi

783 3953 1110 4016 socordiam,
1146 3953 1264 4005 aliis
1294 3963 1475 4006 autem
1506 3963 1564 4006 ut
1608 3952 1752 4021 quod
1781 3962 1866 4008 est
1900 3969 2038 4023 Opus
2079 3954 2360 4023 perfectis-

783 4045 980 4098 simum
1020 4053 1074 4098 et
1135 4044 1350 4098 maximi
1401 4045 1588 4108 studii,
1618 4055 1672 4098 et
1701 4045 1786 4098 cui
1834 4060 1937 4099 nec
1979 4055 2089 4099 tota
2139 4047 2358 4115 quidem

780 4136 881 4189 viri
920 4135 1024 4189 vita
1047 4135 1343 4197 sull'eccrit.
1382 4151 1560 4206 neque
1592 4136 1733 4189 vires
1769 4136 1997 4191 aderant
2024 4139 2356 4204 volentibus,

784 4242 886 4282 nec
921 4228 1005 4288 iis,
1042 4228 1132 4298 qui
1160 4237 1432 4297 poterant,
1467 4229 1750 4293 voluntas;
1784 4230 1877 4283 sed
1912 4245 2021 4283 non
2066 4231 2228 4284 etiam
2265 4231 2361 4286 ad-

783 4322 1047 4376 mirabilis
1075 4321 1311 4392 Symeon
1340 4324 1531 4376 eodem
1565 4324 1745 4386 modo,
1775 4338 1882 4391 quo
1906 4322 1960 4385 ii,
1982 4322 2356 4378 l‘nitall‘ectns:

783 4414 877 4470 sed
903 4430 1025 4468 cum
1049 4415 1130 4470 eis
1163 4414 1463 4484 procedens
1494 4413 1559 4468 ad
1605 4413 1930 4484 scriptorum
1962 4430 2133 4483 usque
2176 4430 2359 4485 reprc-

782 4506 1128 4573 hcnsionem,
1184 4508 1381 4562 deinde
1431 4507 1700 4577 processit
1731 4507 1990 4571 ulterius,
2032 4516 2087 4561 et
2116 4507 2360 4577 juvenile

2455 2034 2566 2080 vet;
2639 2018 2699 2071 τὸ
2745 2020 2971 2088 ἀγαθὸν,
3041 2022 3138 2075 καλ⁹
3190 2023 3513 2095 ἀφιλότιμον
3565 2027 4047 2097 συγγεγράφασιν,

2454 2106 2579 2161 οὔτε
2610 2108 2783 2182 καλὴν
2817 2110 3141 2181 ὑποθέμενοι
3172 2113 3400 2179 ἔννοιαν,
3435 2115 3559 2169 οὔτε
3590 2116 3696 2187 μὴν
3732 2118 4049 2187 εὐπρεπέσι

2456 2208 2987 2277 κατακοσμήσαντες
3043 2208 3274 2274 λέξεσιν,
3325 2211 3439 2265 οὐδ’
3484 2212 3731 2283 ἀκριϐῶς
3789 2213 4052 2283 ὑπογρά-

2454 2297 2677 2367 ψαντες,
2705 2297 2829 2353 οὔτε
2869 2301 2969 2369 τὴν
3015 2301 3122 2354 τῶν
3168 2301 3514 2357 κολασάντων
3576 2304 3875 2375 βαρύτητα,
3911 2306 4051 2358 οὔτε

2455 2392 2553 2463 τὴν
2582 2393 2694 2445 τῶν
2730 2393 3025 2464 μαρτύρων
3058 2396 3193 2464 πρὸς
3220 2395 3315 2459 τὰς
3344 2397 3663 2466 ἀποκρίσεις
3703 2399 4047 2470 πυκνότητα.

2468 2486 2629 2539 ⁹Αλλά
2652 2486 2747 2540 καὶ
2777 2489 2888 2545 τοῖς
2921 2490 3188 2558 ἀσκηταῖς
3219 2489 3318 2559 τὴν
3363 2490 3598 2561 ἄσκησιν
3644 2491 4047 2561 ὲκιϐὀηλωσαν,

2462 2578 2676 2647 ἀφελῶς
2702 2582 2908 2642 αὐτοῖς,
2943 2580 3040 2633 καὶ
3070 2579 3261 2652 ὤσπερ
3285 2584 3348 2635 ἐκ
3364 2581 3458 2635 τοῦ
3510 2584 3917 2655 παρατυχόντος
3981 2585 4052 2636 τὰ

2457 2672 2870 2743 ἐσπουδασμένα
2903 2672 3215 2740 διεξιόντες.

2532 2847 2810 2902 Ἔνθεντοι
2872 2849 2921 2901 οἱ
2961 2849 3060 2918 μὲν
3091 2847 3213 2901 οὐδὲ
3243 2846 3406 2918 ψιλὴν
3446 2847 3788 2919 ἐκαρτέρουν
3809 2848 4055 2919 τὴντῶν

2458 2940 3061 3012 ὑπομνηματισθέντων
3094 2941 3422 3010 ἀνάγνωσιν,
3449 2943 3561 3005 τοῖς
3587 2941 3643 2995 δὲ
3675 2944 3767 2994 καὶ
3800 2942 4051 3008 γέλωτος

2456 3034 2681 3106 ἀφορμὴ
2712 3033 2779 3087 τὰ
2798 3033 3068 3102 λεγόμενα
3098 3034 3427 3103 ἐγνωρίζετο
3452 3052 3465 3064 ·
3490 3034 3583 3087 καὶ
3613 3035 3673 3088 τὸ
3709 3039 3813 3102 τῆς
3839 3034 4053 3104 συνθή-

2458 3143 2561 3196 κης
2612 3126 2669 3179 δὲ
2734 3125 2987 3191 ἀκαλλὲς,
3057 3126 3151 3179 καὶ
3210 3124 3271 3179 τὸ
3337 3124 3700 3180 ἀνακόλουθον
3763 3126 3863 3194 τῆς
3955 3128 3973 3179 ἑ

2458 3217 2627 3282 νοίας,
2716 3217 2809 3270 καὶ
2879 3217 2940 3270 τὸ
3011 3218 3110 3287 τῆς
3203 3216 3401 3282 λέξεως
3471 3218 3707 3282 εὐτελὲς,
3795 3219 4055 3288 ἀγλευκῆ

2456 3312 2569 3372 τοῖς
2594 3310 2883 3362 ἀκούουσιν
2900 3304 2987 3379 ἦν,
3004 3309 3099 3363 καὶ
3117 3308 3495 3379 ἀπηχθάνοντο
3517 3311 3767 3381 μᾶλλονῆ
3796 3314 4059 3382 προσίενο

2458 3420 2536 3467 το,
2553 3404 2647 3456 καὶ
2677 3404 2737 3456 τὸ
2769 3404 2859 3456 ἐπὶ
2881 3405 2991 3465 τοῖς
3010 3390 3891 3472 ἀναγραψαμένοιςδιεκωμῳδεῖτο
3910 3408 3943 3474 ἡ
3957 3408 4058 3473 μῖν

2459 3496 2529 3550 τὰ
2570 3496 2856 3565 θαυμάσια
2881 3497 2989 3550 τῶν
3020 3496 3113 3550 τοῦ
3144 3495 3382 3563 Χριστοῦ
3417 3496 3762 3566 θεραπόντων
3828 3498 4059 3563 ἀγωνί-

2462 3586 2645 3656 σματά
2660 3604 2718 3639 τε
2746 3585 2837 3639 καὶ
2858 3585 3114 3651 τρόπαια.
3150 3584 3258 3637 Καὶ
3288 3584 3599 3652 ξύμπαντες
3635 3584 3735 3653 μὲν
3789 3583 4057 3637 6:519:59-

2466 3678 2661 3747 ροῦντο
2718 3677 2904 3746 σαφῶς
2928 3681 3039 3739 τοῖς
3095 3678 3547 3747 συγγράμμασιν,
3614 3677 4060 3743 ἁντειτενεγκεῖν

2462 3770 2516 3822 δὲ
2596 3769 2801 3822 τούτων
2866 3770 2931 3822 τα
3008 3769 3317 3839 κρείττονα,
3412 3769 3459 3818 cl

3955 3140 4053 3179 εν-

3547 3769 3646 3834 μὲν
3733 3767 3798 3819 δε
3881 3770 4057 3820 ἐκνον

2460 3863 2657 3934 ψυχῆς,
2734 3864 2781 3915 οξ
2860 3862 2916 3914 δὲ
2981 3861 3056 3923 ὡς
3118 3860 3448 3913 τελεώτατον
3533 3859 3879 3929 σπούδασμα,
3952 3865 4061 3913 και

2461 3948 2503 4022 ᾧ
2565 3956 2699 4025 μηδὲ
2759 3953 2873 4024 βίος
2920 3954 2985 4006 ἂν
3043 3952 3161 4016 ὅλος
3212 3953 3405 4020 ἀνδρὸς
3464 3951 3840 4019 ἐξαρκέσειεν,
3920 3952 4061 4006 οὗτε

2465 4044 2807 4115 βουλομένοις
2853 4043 3084 4111 δύναμίς
3125 4059 3209 4105 τις
3239 4041 3469 4113 προσῆν,
3527 4042 3650 4094 οὗτε
3718 4042 4062 4111 δυναμένοις

2465 4136 2738 4206 βούλησις.
2781 4135 2922 4187 Ἀλλ’
2956 4135 3075 4204 οὐχὶ
3098 4134 3191 4187 καὶ
3216 4136 3243 4187 ὁ
3292 4132 3593 4203 Θαυμάσιος
3633 4133 3855 4203 Συμεὼν
3911 4152 4061 4187 ταυ-

2462 4228 2551 4281 τὸν
2582 4227 2868 4281 ἐπεπόνθει
2895 4227 3103 4288 τούτοις
3129 4241 3142 4256 ·
3201 4225 3338 4279 ἀλλᾶ
3376 4226 3539 4295 μέχρι
3581 4225 3675 4278 τοῦ
3716 4226 4055 4295 μέμψασθαι

2462 4323 2576 4384 τοῖς
2640 4322 3049 4391 γεγραμμένοις
3098 4317 3420 4389 συμπροϊὼν
3463 4319 3670 4381 αὐτοῖς,
3723 4320 3917 4373 ἔπειτα
3949 4338 4061 4374 πε-

2467 4416 2700 4486 ραιτέρω
2736 4414 3062 4483 προϐέϐηκε,
3089 4415 3180 4466 καὶ
3204 4414 3399 4484 θαρρεῖ
3421 4430 3473 4466 τι
3511 4415 3740 4482 πρᾶγμα
3770 4416 4062 4479 νεανικὶν,

2467 4505 2666 4575 μᾶλλον
2729 4504 2785 4557 δῖε
2837 4503 3038 4574 εὐτυχῆ
3087 4503 3307 4574 πρᾶξιν,
3370 4503 3437 4573 ἣν
3494 4504 3665 4565 οὐδεὶς
3695 4503 3802 4555 τῶν
3825 4506 4063 4558 πάντων

781 4600 1094 4671 aggreditur
1145 4599 1377 4662 facinus,
1432 4600 1512 4652 vel
1572 4598 1781 4652 folii-em
1835 4601 2013 4669 potius
2064 4601 2351 4664 actionem,

2471 4594 2819 4666 εὐτετύχηκε,
2854 4594 2921 4648 δι’
2964 4589 3031 4665 ἧς
3082 4594 3288 4657 ἐκεῖνός
3331 4610 3391 4646 τε
3435 4595 3895 4665 περιφανέστερος
3938 4599 4063 4651 τῶν

780 4704 943 4759 quam
982 4687 1165 4743 nullus
1199 4689 1441 4743 omnium
1466 4688 1630 4758 gessit
1658 4687 1909 4752 feliciter,
1954 4706 2051 4760 per
2078 4707 2236 4761 quam
2270 4693 2359 4748 ille

782 4780 957 4835 evasit
987 4780 1186 4835 clarior
1221 4780 1507 4847 omnibus,
1541 4779 1631 4850 qui
1685 4792 1812 4835 sunt
1853 4781 2056 4851 ubique
2096 4784 2356 4851 eruditis;

781 4879 837 4926 et
860 4871 971 4926 Deo
1009 4872 1353 4926 consecravit
1382 4887 1467 4935 ca,
1492 4887 1612 4941 qua:
1648 4880 1775 4925 sunt
1826 4872 2069 4927 omnium
2108 4875 2342 4942 pulcher-

782 4964 919 5019 rima
945 4981 960 5018 :
985 4974 1394 5035 martyrumque
1423 4965 1721 5019 certamina
1751 4977 1805 5019 et
1837 4979 2054 5031 cursus,
2087 4975 2142 5020 et
2171 4982 2361 5022 mona-

781 5055 1010 5110 chorum
1048 5054 1431 5110 abstinentiam
1474 5062 1637 5124 atque
1683 5054 2002 5124 patientiam
2038 5056 2252 5111 ornavit
2296 5072 2359 5112 ac

783 5149 1100 5214 declaravit,
1129 5158 1185 5202 et
1216 5149 1485 5213 eamdem,
1519 5164 1681 5218 quam
1714 5148 1787 5201 illi
1818 5148 2083 5205 adhibens
2113 5150 2358 5207 benevo-

783 5241 1025 5306 lentiam,
1068 5245 1267 5312 gratias
1297 5240 1533 5295 vicissim
1566 5240 1775 5311 accepit
1816 5241 1884 5296 ab
1917 5242 2193 5298 omnibus.

852 5332 991 5399 Quid
1030 5334 1175 5387 enim
1207 5332 1328 5402 quis
1372 5349 1495 5387 cum
1525 5333 1612 5388 tali
1639 5333 1935 5388 contulerit
1976 5334 2356 5405 Opera?Quas

780 5423 1097 5480 Graecorum
1126 5424 1498 5493 antiquitates,
1528 5435 1622 5477 aut
1646 5432 1803 5478 terra:
1834 5424 2085 5480 universa
2111 5425 2357 5483 dimensa

783 5515 993 5585 spatia?
1022 5513 1236 5581 Quanta
1274 5514 1473 5578 Persis.
1522 5517 1737 5587 illisque
1769 5519 2141 5587 superioribus
2189 5518 2356 5592 Baby-

781 5607 943 5662 loniis
995 5606 1252 5678 praeclare
1310 5610 1507 5679 gesta?
1553 5615 1755 5680 quanta
1814 5620 2001 5679 postea
2052 5612 2357 5669 Alexandro

787 5701 1137 5756 Macedonum
1167 5702 1465 5758 fortissimo
1488 5714 1702 5774 perat-ta
1735 5704 2072 5759 certamina?
2112 5704 2247 5759 Nam
2273 5706 2357 5761 his

782 5810 1002 5866 quoque
1046 5796 1331 5853 ambitioso
1360 5798 1505 5851 cultu
1554 5808 1854 5867 ornatuque.
1912 5797 2197 5868 magniﬁco
2229 5815 2351 5852 cum

784 5889 1073 5944 verborum
1107 5889 1288 5962 lepore
1306 5890 1550 5961 pra-luxit
1585 5891 1905 5962 scriptorum
1955 5889 2235 5945 industria.
2275 5891 2352 5946 Eo

2467 4689 2753 4757 ἀπανταχῆ
2790 4687 3097 4756 ἐλλογίμων
3128 4687 3366 4755 ἐγένετο,
3395 4688 3487 4740 καὶ
3530 4686 3609 4757 τῷ
3655 4704 3714 4740 τε
3772 4688 3894 4756 θεῴ
3984 4694 4065 4745 τὰ

2465 4780 2729 4834 κάλλιστα
2773 4779 2881 4832 τῶν
2943 4780 3114 4832 ὅντων
3190 4776 3574 4846 ἁφωσιώσατο,
3619 4779 3713 4831 καὶ
3764 4781 3892 4841 τοὶς
3940 4782 4065 4833 τῶν

2465 4872 2760 4944 μαρτύρων
2788 4872 3007 4942 ἀγῶνας
3027 4871 3122 4924 καὶ
3161 4869 3413 4942 δρόμους,
3436 4871 3534 4935 τάς
3567 4888 3624 4924 τε
3650 4872 3756 4924 τῶν
3788 4873 4065 4941 ἀσκητῶν

2462 4967 2789 5037 ἐγκρατείας
2837 4965 2929 5019 καὶ
2985 4963 3280 5035 καρτερίας
3314 4964 3574 5018 ὲκὰλλυνὲ
3633 4981 3691 5018 τε
3742 4966 3833 5018 καὶ
3909 4984 4062 5020 κατ-

2466 5060 2766 5131 εκόσμησε,
2793 5060 2885 5112 καὶ
2912 5059 3010 5130 τὴν
3048 5058 3218 5128 αὐτὴν
3269 5057 3495 5121 ἐκείνοις
3524 5056 3914 5130 προσενεγκὼν
3951 5060 4063 5114 εὖ-

2461 5150 2741 5219 νοιαν,τὰς
2774 5151 2925 5223 παρὰ
2957 5150 3172 5204 πάντων
3194 5149 3485 5220 ἀντείληφε
3505 5149 3752 5222 χάριτας.

2532 5336 2640 5389 Και
2674 5351 2724 5386 τι
2753 5332 2863 5404 γὰρ
2885 5332 2949 5386 ἄν
2979 5349 3059 5397 τις
3091 5331 3170 5403 τῷ
3199 5333 3426 5402 τοιούτῳ
3458 5331 3758 5404 παραϐάλοι
3797 5334 4059 5389 σπουδα-

2463 5444 2667 5499 αματι;
2703 5426 2863 5478 ποίαν
2898 5424 3280 5497 ἀρχαιολογίαν
3338 5424 3678 5496 Ἑλληνικὴν,
3711 5426 3744 5497 ἦ
3788 5430 4058 5497 καταμέ-

2459 5536 2652 5591 τρησιν
2678 5518 2775 5590 τῆς
2795 5519 3088 5588 συμπάσης
3117 5519 3218 5588 γῆ;
3250 5536 3263 5583 ;
3298 5518 3391 5570 καὶ
3417 5517 3590 5571 ὁπῦσα
3628 5518 3890 5587 Πέρσαις,
3921 5523 4039 5576 καὶ

2464 5614 2567 5684 πρὸ
2601 5613 2825 5666 ἐκείνων
2863 5611 3226 5674 Βαϐυλωνίοις
3271 5609 3646 5681 κατώρθωται,
3677 5613 3775 5664 ὅσα
3796 5628 3854 5665 τε
3892 5618 4050 5681 μετᾶ

2459 5703 2632 5758 ταῦτα
2719 5699 3056 5771 Ἀλεξάνδρῳ
3108 5698 3183 5770 τῷ
3247 5698 3574 5753 Μακεδόνων
3630 5699 4058 5771 ἁνδρικώτεῳν

2459 5793 2845 5865 διηγώνισταις
2884 5793 3036 5862 Ἔχει
3102 5796 3197 5859 μὲν
3242 5792 3331 5844 καὶ
3398 5792 3566 5847 ταῦτα
3624 5795 3879 5864 φελὲτιμα
3951 5799 4056 5850 καὶ

2462 5888 2717 5943 κάλλιστα
2769 5888 2878 5948 τοῖς
2936 5885 3069 5955 μετὰ
3134 5887 3480 5957 xuii-19341;
3538 5888 3875 5941 ἑκτεθτιιεόπι

3942 5906 4050 5950 τας
