4162 6474
794 408 894 473 195

789 613 993 675 minus,
1024 609 1136 663 scio
1163 607 1382 676 quidem
1419 621 1540 659 esse
1579 605 1746 657 multa
1780 601 1995 656 dicendi
2017 615 2215 672 genera
2256 599 2376 668 pul-

786 705 1037 767 chriora;
1073 699 1480 770 perfectiorum,
1522 697 1762 765 inquam.
1802 704 2102 756 oratorum,
2133 700 2188 745 et
2236 706 2373 760 quo-

787 814 904 850 rum
937 795 1216 863 exemplar
1247 808 1352 846 non
1385 799 1468 843 est
1493 789 1647 859 \ulgo
1673 788 2012 858 propositum
2039 785 2106 838 ad
2151 784 2374 838 imitan-

785 889 937 946 dum.
999 893 1225 956 propter
1281 881 1642 935 excellentem
1708 895 1901 932 sonum
1957 887 2012 931 et
2080 890 2369 930 numerum

786 978 1089 1033 orationis:
1125 973 1558 1044 praestantiora“
1584 980 1764 1024 autem
1797 967 2014 1023 dicendi
2047 967 2278 1021 formam
2305 965 2373 1021 iis

786 1071 1027 1140 scriptis,
1057 1083 1175 1138 qua:
1221 1079 1556 1134 componere
1587 1071 1874 1140 statuerat,
1922 1059 2110 1116 nescio
2133 1075 2201 1114 an
2231 1060 2372 1129 quis-

774 1180 950 1232 ‘uuam
992 1177 1058 1215 ex
1105 1160 1364 1213 omnibus
1415 1172 1653 1226 unquam
1715 1153 2076 1223 adaptaverit.
2114 1150 2222 1205 Sed
2267 1150 2371 1206 etsi

785 1258 907 1326 quis
942 1271 1006 1308 ex
1042 1255 1170 1316 illis,
1205 1253 1297 1321 qui
1329 1263 1383 1305 et
1417 1251 1654 1304 dictione
1681 1246 1958 1302 excellunt
1991 1256 2045 1300 et
2075 1244 2368 1310 sententia,

784 1349 1058 1420 ejusmodi
1085 1355 1405 1417 argumenta
1428 1344 1782 1412 suscepisset,
1815 1339 2207 1395 accuratiorem
2254 1339 2372 1408 qui—

783 1446 907 1498 dem
946 1454 1000 1496 et
1021 1439 1441 1495 elaboratiorem
1477 1437 1752 1492 cti'ecisset
1779 1435 2105 1499 orationem,
2135 1433 2230 1489 sed
2258 1449 2368 1488 non

787 1536 968 1588 itidem
993 1535 1114 1587 dico
1145 1533 1485 1586 auditoribus
1517 1539 1926 1600 congruentem,
1964 1538 2016 1582 et
2043 1527 2369 1582 convenien-

785 1639 913 1680 tem.
958 1627 1090 1680 Nam
1123 1637 1176 1681 et
1201 1625 1460 1696 procemia
1495 1624 1614 1692 ejus
1642 1622 1952 1676 orationum
1985 1620 2166 1675 statim
2197 1619 2365 1674 attin-

785 1730 919 1784 μιιιιι
947 1721 1277 1788 subjectum,
1321 1726 1390 1772 .et
1449 1731 1639 1784 parum
1689 1715 1988 1784 procedens
2015 1712 2255 1768 ostendit
2284 1712 2367 1766 siti

784 1811 970 1878 scripti
1023 1825 1282 1879 scopum;
1333 1818 1386 1862 et
1420 1808 1473 1861 in
1516 1806 1796 1860 nonnullis
1829 1805 2193 1868 orationibus,
2243 1819 2365 1857 cum

2275 393 2538 454 PSELLI

861 521 973 592 Ego
1019 516 1186 577 enim,
1226 523 1286 568 nt
1315 513 1451 566 nihil
1505 511 1707 575 dicam,
1734 510 1920 565 celans
1963 507 2104 579 quod
2139 505 2210 561 sit
2245 521 2374 560 vero
2403 510 2455 569 Λ

2565 501 2708 572 Ἐγὼ
2735 503 2840 575 γάρ
2868 503 2954 557 ἵνα
2985 505 3154 575 μηδὲν
3183 506 3267 576 φῶ
3306 506 3399 561 τοῦ
3432 508 3666 579 ἀληθοῦς
3693 511 3912 567 ἔλαττον
3941 518 4065 571 ἑπι-

2481 599 2850 668 κρυψάμενος,
2880 601 3249 670 χαρακτήρων
3338 603 3435 671 μὲν
3466 603 3636 672 λόγων
3691 607 3918 671 πολλοὺς
3945 605 4068 662 οἶδα

2479 691 2788 754 καλλίονας,
2824 691 2968 759 λέγω
2999 691 3062 761 δὴ
3087 693 3195 744 τῶν
3239 694 3584 764 τελεωτέρων
3640 699 3907 769 ρητόρων,
3969 703 4070 754 καὶ

2477 784 2526 838 οἳ
2567 785 2705 855 μηδὲ
2738 784 2875 856 πρὸς
2908 787 3265 857 παράδειγμα
3293 790 3403 851 τοῖς
3457 789 3672 854 πολλοῖς
3729 794 3936 858 ἑστᾶσι,
3985 795 4070 864 τῷ

2485 877 2852 950 ὑπερηχοῦντι
2898 878 2991 931 τοῦ
3054 880 3208 932 τόνου
3252 882 3346 934 καὶ
3389 881 3483 934 τοῦ
3533 883 3764 953 ῥυθμοῦ,
3826 887 4061 954 ἀκριϐε-

2458 972 2674 1043 ,στέραν
2696 971 2752 1025 δὲ
2783 972 2949 1036 ἰδέαν,
2973 967 3056 1036 οἷς
3083 973 3256 1027 εἵλετο
3290 974 3576 1029 συνθέσθαι
3603 980 4065 1049 συγγράμμασιν,

2476 1066 2575 1119 ούκ
2603 1061 2720 1118 οἶδα
2750 1066 2885 1129 εῐτις
2930 1065 3042 1119 τῶν
3077 1065 3297 1120 πάντων
3335 1068 3700 1138 συνήρμοσεν.
3772 1071 3936 1126 Ἀλλὰ
3969 1078 4070 1125 καί

2475 1159 2609 1221 είτις
2637 1158 2703 1213 ἂν
2737 1158 2846 1212 τῶν
2872 1159 3147 1230 περιττῶν
3171 1159 3394 1213 ἐκείνων
3442 1161 3543 1230 τήν
3596 1178 3656 1215 τε
3715 1164 3913 1233 φράσιν
3967 1166 4070 1217 καὶ

2470 1253 2570 1321 τὴν
2619 1251 2938 1322 ἐνθύμησιν,
2991 1251 3272 1320 προείλετο
3320 1252 3418 1323 τὴν
3476 1253 3736 1324 τοιαύτην
3781 1255 4068 1320 ὑπόθεσιν,

2471 1345 2895 1417 περιεργότερον
2927 1343 3026 1415 μὲν
3049 1343 3114 1397 ἂν
3141 1344 3271 1408 ἴσως
3293 1345 3430 1416 αὐτῇ
3449 1346 3541 1400 τὸν
3562 1345 3716 1414 λόγον
3743 1349 4068 1417 εἰργάσατο,

2470 1437 2531 1493 οὔ
2569 1456 2714 1508 φημι
2761 1438 2818 1491 δὲ
2855 1438 3140 1507 σύμπασιν
3181 1439 3478 1508 ἀκροαταῖς
3506 1440 3839 1509 κατάλληλον
3876 1455 3935 1493 τε
3967 1444 4072 1493 καὶ

2469 1527 2894 1600 ἀρκοδιωτερον.
2929 1528 3008 1582 Τά
3034 1546 3093 1581 τε
3128 1530 3237 1599 γὰρ
3266 1529 3530 1599 προοίμια
3575 1530 3684 1584 τῶν
3712 1531 3883 1598 λόγων
3909 1531 4073 1600 αὐτῷ

2471 1623 2752 1690 ἁπτόμενα
2788 1621 2948 1683 εὐθὺς
2970 1620 3062 1674 τοῦ
3111 1622 3497 1692 ὑποκειμένου,
3531 1623 3627 1675 καὶ
3651 1622 3822 1694 βραχύ
3849 1641 3899 1674 τι
3929 1640 4074 1691 προ-

2469 1716 2564 1768 ῖὼν
2590 1715 2677 1767 τὸν
2706 1713 2799 1766 τοῦ
2829 1715 3088 1783 συγγράμ
3111 1731 3284 1784 ματος
3343 1715 3633 1782 ἀναφαίνει
3688 1715 3905 1778 σκοπὸν,
3966 1715 4074 1766 καὶ

2469 1808 2564 1876 τὴν
2593 1808 2772 1860 πᾶσαν
2806 1808 2891 1858 ἐπ’
2920 1807 3082 1869 ἐνίοις
3110 1807 3219 1859 τῶν
3248 1796 3422 1874 λόγων
3469 1808 3728 1861 ὑπόθεσιν
3747 1808 4072 1875 κεφαλαιωη

786 1910 956 1953 totum
985 1908 1368 1971 argumentum
1397 1899 1700 1967 accepisset
1721 1895 1774 1949 in
1793 1911 2084 1957 summam,
2116 1895 2168 1950 id
2184 1896 2364 1950 statim

2477 1901 2732 1970 σάμενος,
2789 1899 2954 1962 εὐθὺς
3011 1901 3156 1953 κατά
3210 1900 3378 1971 μέρος
3436 1901 3647 1970 τέμνει,
3687 1900 3822 1970 πρός
3862 1918 3920 1952 τε
3993 1903 4074 1951 τὰ.

787 1995 838 2046 in
873 2004 1052 2062 partes
1086 1994 1278 2046 dividit
1309 2011 1320 2045 :
1355 2008 1413 2046 se
1444 2002 1624 2045 autem
1652 1990 2037 2044 accommodat
2089 1989 2361 2058 personis,

787 2095 839 2139 et
867 2087 1215 2152 temporibus.
1255 2085 1320 2138 Et
1360 2094 1445 2139 est
1499 2084 1716 2152 quidem
1756 2082 2009 2136 omnibus
2045 2081 2188 2136 idem
2219 2082 2368 2135 color

786 2181 1072 2243 orationis,
1111 2189 1164 2233 et
1192 2195 1297 2231 una
1336 2178 1568 2247 qualitas
1599 2176 1857 2230 dictionis
1892 2193 1904 2227 :
1933 2189 2146 2228 morum
2187 2186 2367 2228 autem

787 2270 935 2322 varia
961 2280 1043 2323 est
1076 2271 1320 2333 mutatio,
1349 2281 1424 2331 et.
1463 2279 1517 2323 ut
1553 2268 2368 2339 dixeritquispiam,at’tiﬁciosa

789 2377 894 2413 non
939 2373 1158 2430 prepter
1184 2371 1356 2416 artem
1393 2378 1478 2416 res
1512 2373 1749 2427 mutans,
1785 2364 1878 2416 sed
1903 2364 2046 2432 quod
2075 2363 2369 2432 unicuique

791 2456 864 2506 rei
903 2463 956 2507 et
992 2468 1237 2522 personae
1267 2453 1528 2508 incidenti
1567 2457 1949 2519 conveniebat,
1981 2455 2367 2524 interpretans.

788 2543 1066 2613 Tanquam
1118 2553 1301 2598 autem
1346 2545 1412 2596 ad
1455 2543 1748 2615 archetypa
1785 2545 2116 2614 exemplaria
2169 2545 2237 2598 ad
2285 2559 2372 2598 res

787 2637 1127 2704 antiquiores
1164 2637 1406 2699 intuens,
1433 2652 1530 2690 nec
1564 2637 1632 2690 ab
1665 2638 1768 2690 illis
1802 2637 2101 2702 recedit,ne
2127 2637 2374 2691 videatur

788 2729 991 2796 aliquid
1033 2729 1179 2782 aliud
1224 2728 1425 2790 facere,
1459 2742 1514 2781 et
1541 2729 1606 2781 ad
1645 2731 1920 2798 exemplar
1955 2744 2167 2798 quoque
2201 2739 2372 2782 totam

791 2829 1120 2874 transmutat
1167 2819 1384 2873 dicendi
1441 2820 1700 2883 formam,
1733 2836 1842 2874 non
1867 2821 2139 2875 diversam
2167 2819 2374 2875 faciens

791 2913 1111 2976 materiam,
1178 2913 1274 2966 sed
1318 2912 1461 2981 quod
1494 2911 1545 2965 in
1576 2913 1793 2966 dicendi
1836 2929 2034 2982 genere
2092 2924 2372 2982 peccatum

790 3014 928 3066 erat,
982 3004 1263 3073 corrigens
1300 3020 1312 3055 :
1351 3019 1530 3072 neque
1601 3004 1905 3058 sententias
1941 3004 2228 3069 innovatis,
2277 3006 2371 3058 sed

790 3105 1115 3148 convertens
1152 3094 1377 3164 ﬁguram
1409 3094 1666 3148 dictionis
1701 3112 1710 3146 :
1743 3103 1797 3147 et
1841 3093 1889 3146 ei
1930 3093 2176 3148 incidens
2197 3096 2374 3147 oratio

793 3192 849 3242 in
896 3189 1268 3242 diversitatem
1326 3187 1700 3240 narrationum
1749 3196 1802 3240 et
1833 3186 2150 3241 varietatem
2216 3203 2374 3258 argu-

796 3291 1125 3345 mentorum,
1177 3296 1282 3333 non
1338 3279 1695 3333 confunditur
1752 3295 1930 3348 neque
1987 3281 2370 3348 perturbatur;

794 3372 887 3424 sed
942 3382 1197 3439 tanquam
1235 3372 1477 3438 Optimus
1537 3373 1896 3441 gubernator,
1945 3388 2068 3425 cum
2127 3373 2175 3426 ei
2221 3373 2375 3427 navis

793 3464 1089 3533 agitaretur
1141 3465 1415 3530 ﬂuctibus,
1458 3466 1636 3519 stabat
1665 3467 1885 3535 quietus
1930 3465 2144 3520 clavum
2179 3476 2372 3521 tenens

795 3556 1257 3610 artiliciosissime.

870 3647 1037 3702 POI'I'O
1084 3661 1264 3702 autem
1321 3649 1374 3702 in
1435 3650 1718 3704 nonnullis
1769 3666 1984 3719 quoque
2034 3653 2373 3706 orationibus

794 3740 1048 3794 describit
1072 3743 1298 3809 patriam
1321 3756 1534 3808 eorum,
1563 3743 1654 3810 qui
1687 3742 1999 3806 laudantur,
2028 3744 2096 3798 ab
2119 3744 2371 3798 universa

796 3843 936 3885 terra
962 3849 1241 3901 separans,
1262 3842 1316 3887 et
1339 3834 1617 3888 deducens
1643 3834 1708 3886 ad
1741 3850 1901 3888 unam
1929 3837 2374 3904 partem;deinde

797 3925 1036 3992 loquitur
1069 3928 1231 3979 etiam
1270 3925 1520 3980 nonnihil
1556 3927 1624 3980 de
1657 3927 1992 3991 ﬂuminibus,
2021 3936 2074 3982 et
2096 3927 2162 3982 de
2183 3943 2372 3982 eorum

793 4018 1074 4089 principiis
1106 4019 1322 4073 disserit
1352 4021 1691 4085 naturaliter,
1737 4021 1912 4090 deque
1960 4023 2373 4090 opportunitate

793 4109 1096 4173 civitatum,
1127 4120 1179 4164 et
1209 4112 1686 4181 detemperatiOne
1712 4113 1875 4178 aeris,
1899 4114 2040 4167 etde
2068 4122 2372 4183 temporum

796 4203 1210 4269 conuenientia;
1245 4205 1455 4259 etiamsi
1494 4206 1548 4270 ii,
1605 4207 1696 4275 qui
1741 4216 1870 4260 sunt
1918 4221 2107 4260 revera
2144 4209 2373 4260 auribus

796 4292 956 4359 paulo
987 4294 1352 4358 surdioribus,
1375 4312 1458 4360 ea,
1478 4313 1596 4366 qua:
1617 4299 1894 4361 dicuntur,
1915 4315 2022 4351 non
2039 4300 2370 4353 exaudiunt:

795 4386 1146 4440 multifariam
1181 4403 1395 4457 quoque
1434 4399 1630 4443 tractat
1681 4401 1865 4459 partes
1910 4390 2191 4455 orationis,
2239 4392 2374 4446 alias

794 4481 1014 4546 quidem
1075 4482 1264 4550 majori
1338 4485 1717 4549 contentione,
1754 4485 1886 4538 alias
1933 4500 2061 4539 vero
2118 4485 2291 4539 lenius
2321 4497 2375 4539 et

2467 1992 2733 2062 πρόσωπα
2755 1991 2848 2044 καὶ
2882 1991 3008 2054 τοὺς
3039 1989 3264 2061 καιροὺς
3321 1991 3765 2062 μεθαρμόζεται.
3824 1993 3937 2046 Καὶ
4001 1994 4072 2044 τὸ

2473 2084 2570 2154 μὲν
2602 2084 2797 2154 χρῶμα
2823 2083 2917 2136 τοῦ
2966 2084 3204 2151 λόγουτὸ
3251 2082 3384 2136 αύτδ
3435 2084 3598 2148 πᾶσι,
3647 2084 3796 2153 καὶὴ
3835 2085 4072 2150 ποιότης

2474 2176 2571 2244 μία
2623 2177 2724 2245 τῆς
2765 2176 3129 2246 φράσεωςοή
3184 2174 3240 2228 δέ
3296 2191 3359 2242 γε
3418 2173 3514 2227 τοῦ
3574 2173 3739 2244 ἤθους
3787 2174 4075 2245 μεταϐολὴ

2473 2265 2721 2334 ποικίλη,
2753 2266 2844 2317 καὶ
2879 2265 2954 2327 ὡς
2994 2265 3062 2318 ἂν
3106 2265 3238 2336 εῑπῃ
3268 2282 3372 2329 τις,
3405 2268 3647 2334 τεχνικὴ,
3699 2266 3758 2316 οὐ
3811 2265 3898 2317 δια
3964 2266 4076 2332 τὴν

2470 2359 2664 2428 τέχνην
2695 2359 2761 2411 τά
2799 2359 3102 2427 πράγματα
3138 2357 3570 2428 μεταϐάλλουσα,
3596 2356 3730 2410 ἀλλὰ
3760 2356 3819 2408 τὸ
3845 2358 4074 2424 ἑκάστῳ

2471 2449 2579 2501 τῶν
2647 2452 3120 2518 παραπιπτόντων
3161 2449 3500 2518 πραγμάτων
3532 2464 3590 2501 τε
3635 2449 3726 2500 καὶ
3752 2447 4075 2517 προσώπων

2473 2542 2676 2594 οἰκεῖον
2709 2542 3186 2612 ύφερμηνεύουσα.
3253 2543 3342 2604 Ὠς
3381 2542 3517 2611 πρὸς
3561 2541 3846 2611 ἀρχέτυπα
3872 2542 3924 2593 δὲ
3993 2542 4073 2593 τὰ

2486 2635 2823 2704 ἀρχαιότερα
2864 2635 2973 2688 τῶν
3031 2635 3373 2704 πραγμάτων
3423 2634 3766 2698 ένατενίςων,
3836 2635 4074 2687 ἐκείνων

2474 2743 2528 2777 τε
2555 2727 2655 2777 οὐκ
2685 2726 3001 2792 άτίσταται,
3049 2726 3133 2777 ἱνα
3165 2725 3240 2795 μὴ
3267 2725 3401 2794 δόξῃ
3427 2723 3554 2777 ἄλλο
3606 2740 3657 2776 τι
3705 2724 3896 2786 ποιῶν,

2476 2815 2626 2887 παρὰ
2670 2816 2731 2868 τὸ
2771 2816 3148 2886 παράδειγμα,
3197 2818 3291 2868 καὶ
3323 2819 3422 2887 τὴν
3459 2814 3584 2885 ὃλην
3637 2815 3780 2868 ίδέαν
3823 2833 4075 2886 μετατυ-

2482 2913 2594 2973 ποῖ,
2627 2910 2728 2962 οὐκ
2753 2910 3094 2963 ἐναλλάττων
3122 2909 3221 2980 τὴν
3261 2907 3415 2979 ὓλην,
3458 2909 3594 2961 ἀλλά
3617 2907 3678 2960 τὸ
3732 2911 4073 2978 ἡμαρτημέο

2476 3020 2564 3056 νον
2603 3002 2710 3055 τῶν
2742 3002 2900 3054 εἱδῶν
2928 3002 3309 3072 διορθούμενος
3332 3017 3346 3031 °
3407 3001 3530 3054 οὐδὲ
3561 3001 3898 3068 καινοτομῶν
3967 3006 4075 3065 τὰς

2478 3092 2712 3156 ἑννοίας,
2775 3093 2912 3146 ἀλλά
2969 3093 3029 3145 τὸ
3093 3094 3192 3163 τῆς
3241 3093 3450 3159 λέξεως
3502 3091 3686 3162 σχῆμα
3728 3093 4075 3161 μετατιθεὶς.

2477 3187 2814 3256 ἀνωμαλίαις
2853 3204 2910 3239 τε
2991 3185 3350 3254 περιπίπτων
3416 3184 3768 3254 διηγημάτων
3815 3186 3842 3236 ό
3905 3185 4078 3252 λόγος

2481 3280 2652 3349 αὐτῷ,
2693 3280 2789 3332 καὶ
2851 3280 3219 3350 μεταλλαγαϊς
3269 3276 3603 3339 ὑποθέσεων,
3657 3275 3717 3328 ού
3781 3282 4073 3346 συγχείται

2475 3373 2598 3425 οὐδὲ
2632 3373 3002 3441 ταράττεται·
3039 3372 3154 3424 ἀλλ’
3197 3369 3386 3438 ὥσπερ
3448 3369 3668 3437 ἄριστος
3721 3369 4070 3439 κυϐερνήτῃ-

2476 3465 2942 3536 περικλυζομένης
2998 3464 3146 3532 αύτῴ
3199 3464 3292 3531 τῆς
3337 3462 3467 3522 νεὼς
3519 3459 3763 3529 ἀτρέμας
3795 3461 4077 3530 εξττήκξ,

2474 3557 2550 3626 τῷ
2580 3557 2727 3608 οἴακι
2773 3552 3149 3623 τεχνικώτατα
3197 3553 3496 3623 χρώμενος,

3969 2729 4076 2777 καὶ

2549 3654 2706 3707 Ἐστι
2761 3654 2817 3707 δὲ
2873 3648 2933 3707 οὗ
2980 3651 3090 3706 τῶν
3118 3651 3290 3719 λόγων
3319 3659 3408 3706 καὶ
3440 3656 3769 3724 γεωγραφεῖ
3812 3655 3908 3716 τάς
3963 3656 4080 3704 τῶι

2474 3747 2890 3818 ἐπαινουμένων
2926 3746 3214 3816 πατρίδας,
3247 3745 3351 3816 τῆς
3404 3749 3702 3816 συμπάσης
3761 3749 4084 3814 ἀποτεμνό-

2479 3859 2637 3911 μενος
2661 3844 2784 3910 γῆς,
2820 3841 2913 3892 καὶ
2947 3840 3165 3906 ἀνάγων
3199 3840 3279 3902 είς
3307 3839 3364 3891 ἓν
3399 3840 3506 3890 τῶν
3550 3857 3658 3909 τμη
3673 3840 3878 3910 μάτων.
3932 3835 4080 3890 Εἶτα

2474 3935 2530 3986 δὲ
2560 3935 2656 3986 κα)⁸
2685 3935 2812 4003 περὶ
2837 3933 3101 4002 ποταμῶν
3143 3950 3196 3986 τι
3251 3932 3570 4000 φθέγγεται,
3616 3937 3708 3988 καὶ
3753 3933 4086 4000 φυσιολογεῖ

2474 4026 2772 4087 αύτῶντὰς
2820 4025 3140 4095 ἀρχάς,καὶ
3170 4026 3299 4094 περὶ
3356 4027 3636 4095 εὐκαιρίας
3692 4025 3919 4089 πόλεων,
3979 4029 4085 4076 καὶ

2476 4117 2722 4187 κράσεως
2780 4119 2976 4186 ἀέρων,
3018 4117 3112 4169 καὶ
3145 4117 3303 4186 ὡρῶν
3343 4119 3626 4188 ἁρμονίας,
3669 4118 3715 4168 εί
3754 4119 3843 4167 καὶ
3882 4118 3929 4166 εί
3973 4123 4084 4183 τὴν

2475 4213 2644 4280 ἀκοὴν
2709 4211 2785 4276 τῶ
2863 4211 2975 4264 ὄντι
3034 4211 3305 4280 δυσήκοοι,
3373 4211 3578 4262 τούτων
3625 4210 3933 4276 λεγομένων
3971 4212 4084 4262 οὐκ

2857 4305 3118 4356 Ἂπτεται
3174 4304 3228 4356 δὲ
3297 4302 3389 4356 καὶ
3463 4302 3752 4363 πολυειδῶς
3793 4301 3901 4351 τῶν
3973 4303 4082 4353 τοῦ

2474 4394 2632 4463 λόγου
2694 4395 2896 4465 μερῶν,
2946 4397 3015 4447 τά
3081 4396 3180 4465 μὲν
3233 4395 3769 4466 ἀγωνιστικώτερον,
3842 4397 3912 4448 τα
4018 4399 4081 4448 ξε

2478 4486 2806 4557 πραότερον.
2863 4486 2972 4554 Τῆς
3023 4486 3077 4538 δὲ
3127 4486 3236 4538 τῶν
3318 4486 3622 4557 διηγήσεων
3687 4488 3910 4556 χάριτος
3988 4490 4085 4551 τίς

2475 4306 2667 4356 ὲπαῖου
2678 4322 2778 4356 σιν.

798 4573 1058 4626 sedatius.
1127 4573 1181 4625 ln
1220 4574 1389 4642 gratia
1452 4584 1633 4628 autem
1690 4577 2103 4643 narrationum,
2146 4578 2266 4646 quis
2310 4593 2371 4631 ex

2481 4576 2544 4630 ἂν
2607 4575 2752 4646 αύτῷ
2835 4576 2946 4628 τῶν
3016 4576 3235 4629 πάντων
3297 4576 3807 4646 ἀμφισῦητησειενς
3866 4578 3974 4645 τῆς
4024 4579 4086 4629 δὲ

797 4667 1053 4719 omnibus
1084 4683 1207 4719 cum
1244 4684 1308 4720 eo
1331 4669 1717 4722 comcnderit?
1765 4671 1896 4734 Quis
1928 4671 1980 4722 in
2024 4672 2376 4740 compositio-

797 4766 864 4804 ne
887 4756 909 4804 Υ
944 4755 1075 4816 Quis
1124 4756 1174 4808 in
1229 4771 1584 4810 numerorum
1626 4760 1944 4812 suavitate?
1980 4762 2113 4824 Quis
2148 4762 2200 4814 in
2245 4777 2374 4816 con-

797 4848 1062 4900 cinnitate
1096 4849 1146 4901 in
1182 4851 1440 4904 omnibus
1493 4855 1878 4922 congruente?
1904 4858 2077 4924 Atque
2106 4857 2226 4910 volo
2258 4858 2378 4926 qni-

800 4945 920 4997 dem
947 4945 1280 4999 contendere
1305 4947 1455 5014 quod
1495 4962 1603 5000 non
1630 4950 1699 5001 sit
1727 4950 1902 5017 ampla
1936 4959 1990 5003 et
2024 4952 2238 5020 grandis
2263 4953 2380 5021 ejus

801 5039 976 5088 Oialio
1008 5057 1017 5088 :
1056 5038 1276 5090 invenio
1330 5048 1532 5102 autem,
1598 5040 1715 5108 ejus
1748 5041 2091 5094 orationibus
2129 5058 2194 5095 ne
2242 5043 2381 5098 bane

800 5128 1020 5194 quidem
1070 5130 1260 5181 deesse
1299 5129 1523 5196 gratiam
1576 5147 1587 5182 :
1630 5130 1959 5192 sedialicubi
2013 5134 2230 5201 quidem
2291 5150 2381 5188 eas

801 5236 920 5273 esse
949 5222 1160 5289 amplas
1185 5231 1239 5274 et
1274 5223 1664 5279 redundantes.
1702 5223 1754 5276 in
1780 5223 2020 5292 pluribus
2060 5236 2236 5278 autem
2266 5242 2384 5295 gra-

804 5328 894 5366 \cs
930 5323 985 5365 et
1043 5323 1398 5382 temperatas.
1432 5313 1567 5367 Cum
1598 5316 1693 5368 bas
1738 5325 1920 5368 autem
1966 5316 2100 5370 duas
2132 5318 2242 5370 vias
2282 5319 2381 5372 sibi

804 5404 1205 5472 proposuisset,
1256 5406 1596 5475 nnartyricam
1629 5407 1987 5461 constantiam
2019 5419 2072 5461 et
2120 5411 2383 5462 monasti-

803 5512 922 5549 cam
994 5497 1045 5548 in
1099 5499 1488 5552 exercitatione
1541 5500 1900 5563 tolerantiam,
1959 5501 2129 5554 currit
2167 5501 2382 5569 quidem

806 5593 856 5641 in
923 5597 1152 5657 utroque
1205 5591 1379 5644 stadio
1433 5608 1540 5644 non
1575 5608 1698 5645 cum
1762 5593 1958 5661 pedum
2023 5593 2383 5661 pernicitate,

807 5683 901 5734 sed
934 5697 1057 5735 cum
1092 5683 1373 5738 celeritate
1421 5686 1708 5752 orationis,
1747 5688 1981 5740 maxime
2034 5696 2216 5741 autem
2268 5703 2384 5742 mo-

806 5779 1072 5832 nasticum
1134 5795 1460 5850 percurrens
1511 5783 1844 5837 curriculum
1875 5825 1888 5848 ,
1944 5785 2128 5839 evadit
2175 5799 2232 5838 se
2271 5784 2387 5853 ipso

807 5872 1064 5928 νυυιιδιῖυι
1104 5884 1153 5926 et
1177 5873 1398 5929 fortior:
1432 5890 1592 5931 aures
1613 5875 1833 5948 quidem
1864 5886 2009 5933 certe
2034 5874 2382 5948 pinguelaeit,

2482 4669 2778 4737 συνθήκης,
2853 4670 2952 4736 τῆς
3029 4669 3084 4720 δὲ
3143 4668 3253 4721 τῶν

2478 4763 2578 4830 τῆς
2636 4763 2692 4815 δὲ
2766 4762 2902 4830 πρὸς
2964 4761 3143 4815 πάντα

3345 4667 3570 4738 ῥυθμῶν
3655 4670 4033 4732 ἀναπαύσεως
4064 4687 4076 4726 :

3241 4763 3582 4831 καταλλήλου
3663 4763 4081 4832 ὲναρμοστίας;

2483 4857 2751 4925 Βούλομαι
2846 4856 2944 4925 μὲν
3024 4855 3140 4922 οὖν,
3233 4855 3314 4908 ὅτι
3389 4855 3464 4924 μὴ
3550 4854 3848 4924 στωμύλος,
3930 4856 4087 4926 ὑπὲρ

2481 4951 2690 5001 ἐνείνου
2762 4947 3207 5015 διαγωνίσασθαι.
3287 4947 3540 5018 Εὑρίσκω
3601 4948 3656 5000 δὲ
3704 4949 3829 5008 τοὺς
3868 4946 4084 5014 λόγους

2483 5042 2632 5111 αὐτῷ
2686 5042 2818 5111 μηδὲ
2870 5042 3075 5111 ταύτης
3128 5044 3228 5110 τῆς
3251 5042 3472 5111 χάριτος
3549 5041 3902 5103 ἀποδέοντας,
3955 5042 4089 5094 ἀλλ’

2484 5141 2616 5190 ὅπου
2657 5137 2755 5206 μὲν
2822 5136 2915 5188 καὶ
2962 5135 3023 5188 τὸ
3078 5136 3330 5207 περιττὸν
3380 5134 3625 5204 ἔχοντας,
3661 5135 3719 5186 ὲν
3753 5133 3810 5186 δέ
3852 5150 3918 5201 γε
3960 5137 4088 5197 τοῖς

2489 5230 2694 5281 πλείοσι
2771 5228 2832 5280 τὸ
2887 5228 3132 5298 κόσμιον.
3185 5228 3289 5280 Δύο
3346 5228 3400 5279 δὲ
3443 5228 3645 5290 ταύτας
3695 5226 3845 5288 ὁδοὺς
3915 5227 4088 5298 αὐτῷ

2487 5321 2736 5392 θέμενος,
2813 5319 3153 5392 μαρτυρικὴν
3231 5320 3504 5385 ἔνστασιν,
3591 5320 3687 5372 καὶ
3760 5320 4092 5389 ἀσκητικὴν

2488 5413 2804 5484 καρτερίαν,
2885 5413 3068 5482 τρέχει
3149 5412 3248 5481 μὲν
3307 5411 3393 5463 ἐπ’
3471 5413 3672 5480 ἀμφοῖν
3730 5411 3846 5462 τοῖν
3933 5427 4091 5464 στα·

2487 5506 2638 5570 δίοιν,
2691 5505 2750 5557 οὐ
2820 5505 2996 5558 ποδῶν
3054 5503 3323 5573 ὠκύτητι,
3375 5503 3512 5556 ἀλλά
3582 5502 3856 5572 λογισμῶν
3947 5504 4093 5568 ὀξύ-

2487 5615 2632 5665 τητι,
2697 5598 2925 5666 μαλίστα
2967 5597 3024 5650 δὲ
3055 5597 3147 5648 τόν
3190 5595 3487 5664 ἀσκητικὸν
3561 5595 3790 5648 διαθέων
3817 5594 4082 5656 δίαυλον,

2490 5691 2850 5760 εὐτονώτερος
2901 5687 3066 5741 αὐτοῦ
3116 5690 3210 5741 καὶ
3277 5686 3775 5756 ἁγωνιστικώτερος
3835 5689 4088 5754 γίνεται.

2489 5782 2702 5836 Πιαίνει
2733 5781 2863 5849 γοῦν
2895 5799 2982 5852 μοι
3014 5780 3338 5856 τὴνιάκοὴν,
3396 5779 3634 5847 ὁπηνίκα
3668 5783 3696 5833 ό
3725 5780 3881 5847 λόγος
3916 5783 4090 5853 αὐτῷ

2490 5877 2663 5933 ἄνεισι
2694 5875 2790 5949 μὲν
2824 5876 2946 5949 ὄρη,
2976 5874 3158 5929 ὕπεισι
3188 5874 3242 5928 δὲ
3303 5874 3542 5946 σπήλαια
3563 5890 3576 5904 ⁸
3615 5873 3720 5928 ύπό
3743 5889 3802 5927 τε
3842 5873 4020 5930 πίτυν
4057 5878 4086 5942 ἦ

2846 4856 2944 4925 μὲν
3024 4855 3140 4922 οὖν,
