4162 6474
772 412 873 473 199

769 617 876 670 ﬁne
907 615 1171 676 ostendit,
1210 613 1428 682 qualem
1465 613 1632 664 vitam
1657 609 1853 675 egerit.
1910 604 2028 658 Non
2059 604 2212 658 enim.
2233 617 2358 656 eum

769 707 938 762 veluti
978 705 1303 765 abscissum,
1342 711 1438 755 aut
1484 700 1718 754 divisum
1759 697 1930 752 fuisse
1961 694 2226 754 dicuntii.
2265 691 2358 761 qui

771 799 1026 854 viderunt
1063 817 1076 851 :
1115 795 1210 849 sed
1249 795 1536 847 videbatur
1572 791 1738 845 veluti
1793 805 1824 843 a
1857 789 2092 859 quodam
2141 787 2360 841 vinculo

769 893 1015 957 liberari,
1047 899 1103 945 et
1154 888 1308 942 hilari
1357 888 1509 940 vultu
1557 901 1616 938 se
1658 884 1954 938 extendere
1981 881 2048 935 ad
2097 881 2361 936 ducentes

769 983 1010 1054 angelos,
1048 987 1102 1035 et
1130 979 1364 1049 quodam
1396 977 1558 1030 modo
1583 991 1641 1030 se
1675 974 1849 1045 ipsum
1891 973 2108 1027 tradere
2145 973 2358 1027 illorum

774 1077 1050 1140 manibus,
1096 1081 1153 1128 ut
1178 1072 1284 1126 citi)
1319 1071 1613 1140 emigraret
1645 1086 1674 1124 e
1704 1081 1952 1137 corpore.

843 1253 909 1308 Et
941 1253 1019 1307 sic
1048 1251 1268 1322 quidem
1295 1261 1382 1306 est
1420 1259 1670 1304 mortuus
1703 1265 1716 1301 :
1749 1246 1976 1303 fuerunt
2019 1255 2202 1302 autem
2248 1256 2361 1302 sta-

775 1348 872 1401 tim
901 1347 1106 1407 omnia,
1151 1346 1303 1399 suavi
1338 1345 1504 1398 odore
1535 1343 1722 1412 plena;
1764 1351 1818 1396 et
1850 1357 1960 1395 non
2001 1351 2133 1396 tunc
2161 1340 2360 1407 solum,

775 1456 878 1494 nec
901 1443 955 1494 in
985 1440 1128 1494 diem
1154 1438 1392 1497 tertiam,
1427 1436 1521 1490 sed
1555 1435 1721 1491 etiam
1753 1435 1806 1488 in
1837 1435 2043 1489 multos
2062 1435 2178 1489 dies
2208 1442 2361 1504 post-

776 1553 861 1596 eri,
905 1537 1080 1586 donec
1134 1532 1238 1586 fuit
1285 1531 1436 1585 solus
1498 1531 1751 1584 conditus
1825 1529 1878 1582 in
1929 1529 2254 1599 sepulchro;
2309 1538 2364 1584 et

779 1631 990 1682 lueulus
1044 1638 1310 1696 perpetuo
1355 1627 1512 1680 talem
1543 1624 1831 1678 emisisset
1865 1622 2116 1690 odorem,
2168 1622 2273 1676 nisi
2306 1638 2363 1677 se

777 1723 944 1790 aliqui
981 1732 1086 1773 tum
1140 1721 1324 1786 inique
1356 1718 1676 1788 gessissent,
1712 1726 1770 1769 ut
1799 1715 1942 1770 aliud
1979 1715 2363 1785 corpusculum

783 1829 1006 1883 proliter
1055 1828 1178 1864 eum
1225 1811 1583 1880 deponerent.
1641 1809 1814 1862 Simul
1870 1821 2030 1877 atque
2083 1809 2229 1861 enim
2263 1809 2365 1861 hoc

2217 392 2478 454 PSELLI

767 536 1001 592 quorum
1043 535 1224 576 mores
1258 535 1320 574 ac
1365 519 1531 573 vitam
1571 514 1939 585 conscripsit?
1992 511 2124 566 Nam
2179 510 2261 563 vel
2299 511 2350 563 in

2470 507 2524 560 τὰ
2556 507 2662 578 ᾕοη
2699 507 2792 561 καὶ
2838 508 2963 570 τους
2997 507 3146 576 βίους
3201 505 3538 576 συνέγραψεν
3574 522 3587 570 ;

3935 392 4047 455 200

3632 503 3898 572 ’Ἐπέδειξε
3933 506 4046 574 γάρ

2465 597 2567 651 κάν
2621 597 2701 669 τῷ
2735 597 2896 660 τέλει,
2929 600 3112 660 ὁποῖος
3146 597 3296 667 αὐτῷ
3323 597 3352 648 ὁ
3387 596 3874 667 διεσπουδασμένος
3927 596 4048 665 βίος

2462 694 2760 764 ἐτύγχανεν
2795 694 2891 747 ῶν.
2952 692 3028 745 υὺ
3087 693 3194 763 γὰρ
3221 690 3411 760 ῶσπερ
3459 690 3760 762 τετμῆσθαι
3794 691 3957 742 αὑτὸν
3991 691 4046 740 οξ

2465 789 2873 860 συνεωρακότες
2936 789 3122 857 φασὶν,
3173 787 3294 839 οὐδὲ
3350 785 3664 857 διῃρῆσθαι,
3715 784 3829 839 ἀλλ’
3874 783 4046 855 ἐῴκει

2463 881 2654 953 ὥσπερ
2682 882 2827 946 τινὸς
2853 882 3060 952 δέσμης
3093 877 3570 950 ὲλευθερούμενος,
3595 880 3687 932 καὶ
3711 877 3878 950 ξλαρῷ
3902 877 4049 940 πρὸς

2462 969 2589 1032 τοὺς
2628 969 2859 1037 ἄγοντας
2904 969 3169 1038 ἀγγέλους
3205 969 3620 1038 ἀνατεινόμενος
3665 969 3911 1038 νεύματι,
3945 965 4050 1021 καί

2465 1077 2581 1124 πως
2610 1061 2882 1126 ἐπιδιδοὺς
2903 1062 3094 1114 ἑαυτὸν
3128 1063 3243 1123 ταῖς
3275 1060 3500 1113 ἐκείνων
3541 1061 3749 1132 χερσὶν,
3785 1061 3871 1114 ῐνα
3900 1061 4050 1130 ταχὺ

2464 1155 2731 1226 ἀνασταίη
2755 1155 2847 1208 τοῦ
2887 1154 3156 1226 σώματος.

2539 1248 2650 1300 Καὶ
2711 1248 2992 1319 ἐτεθνήκει
3043 1251 3145 1321 μὲν
3195 1253 3402 1318 οὕτως’
3447 1252 3676 1315 εὐωδίας
3730 1249 3786 1302 δὲ
3844 1246 4051 1302 αὐτίκα

2467 1340 2645 1394 πάντα
2697 1341 2940 1409 ἐγεγόνει
3002 1343 3200 1412 μεστὰ,
3236 1346 3332 1398 καὶ
3359 1347 3462 1399 οὐκ
3495 1343 3658 1406 εὐθὺς
3710 1341 3892 1412 μόνον,
3920 1338 4052 1392 οὐδὲ

2466 1434 2525 1496 ὲς
2551 1433 2747 1504 τρίτην
2780 1437 3015 1506 ἡμέραν,
3051 1436 3187 1491 ἀλλὰ
3221 1440 3315 1492 καὶ
3349 1440 3429 1503 εἰς
3457 1437 3754 1506 πολλοστὴν
3777 1434 3869 1488 ἀπ’
3898 1431 4056 1486 ὲκεί-

2465 1543 2586 1597 νηςο
2619 1526 2726 1590 Ξιιιινεῐ
2756 1528 2821 1598 δὴ
2855 1530 3015 1598 μόνος
3046 1529 3123 1600 τῷ
3161 1531 3317 1604 τάφῳ
3362 1531 3805 1601 ὲτεθησαύριστο.
3837 1528 3946 1580 Καὶ
3977 1518 4055 1595 ἦν

2469 1620 2533 1672 ἂν
2565 1620 2726 1690 μέχρι
2748 1621 2948 1685 παντὸς
2987 1623 3412 1694 ἀρωματίζουσα
3441 1627 3474 1695 ἡ
3511 1623 3686 1694 σορὸς,
3723 1623 3770 1674 εξ
3801 1621 3872 1689 μή
3901 1634 4056 1679 τινες

2469 1707 2722 1762 τοσοῦτον
2739 1713 3216 1782 παρηνομήκασιν,
3241 1713 3382 1767 ὥστε
3411 1715 3502 1767 καὶ
3532 1715 3717 1785 ἓτερον
3743 1711 3872 1781 παρ’
3898 1709 4058 1778 αὑτῷ

2469 1801 2791 1855 καταθεῖναι
2844 1805 3138 1872 σωμάτιον.
3182 1804 3348 1876 Ὁμοῦ
3385 1823 3442 1858 τε
3475 1806 3582 1875 γὰρ
3633 1806 3853 1859 κακεῖνο
3905 1818 4056 1869 συμο

783 1921 977 1973 magno
1015 1905 1085 1955 ilii
1116 1905 1234 1954 vim
1265 1902 1482 1962 accidit,
1509 1900 1670 1953 desiit
1702 1899 1823 1952 fons
1846 1899 1932 1952 ille
1952 1900 2135 1953 suavis
2155 1898 2358 1954 odoris.

2470 1891 2748 1944 πεπτώκει
2802 1894 2882 1965 τῷ
2915 1896 3139 1966 μεγάλῳ
3159 1897 3332 1966 ἀνδρὶ,
3358 1898 3503 1967 καὶὴ
3531 1899 3626 1966 τῆς
3661 1897 3883 1959 εὐωδίας
3917 1895 4059 1962 ἔστη

781 1999 958 2062 Atque
986 1998 1087 2049 hoc
1117 1995 1337 2062 quidem
1387 1991 1736 2052 miraculum,
1778 2007 1810 2044 ο
1837 1992 2080 2045 virorum
2116 1991 2362 2046 omnium

784 2097 990 2160 ttplitm‘
1023 2103 1076 2144 et
1105 2089 1499 2150 eruditissime,
1525 2088 1656 2141 satis
1693 2102 1964 2155 superque
1991 2088 2234 2142 ostendit
2268 2105 2366 2158 pu-

786 2185 1000 2234 rituleni
1029 2193 1197 2238 tuain.
1233 2193 1286 2233 et
1311 2188 1662 2232 sanctitatem
1696 2194 1858 2231 :nam
1891 2178 1993 2230 alia
2025 2193 2243 2246 quoque
2271 2179 2368 2232 tibi

786 2270 1063 2330 suiiiciunl
1095 2275 1159 2327 ad
1193 2273 1658 2327 accuratissimam
1692 2273 1908 2324 virtutis
1940 2273 2369 2326 consummatio-

786 2387 932 2422 nem.
973 2368 1052 2420 Tu
1083 2379 1262 2420 autem
1296 2369 1368 2419 sis
1404 2366 1533 2416 milii
1565 2364 1853 2432 propitius,
1890 2363 1935 2416 si
1971 2379 2078 2416 non
2127 2363 2367 2432 perfecte

786 2462 1010 2530 exposui
1046 2475 1260 2514 omnem
1295 2469 1438 2512 tuam
1484 2459 1762 2521 virtutem,
1812 2471 1988 2526 neque
2018 2471 2083 2510 ex
2115 2457 2370 2512 omnibus

790 2557 898 2607 tuis
933 2553 1086 2604 lienis
1138 2549 1229 2601 tibi
1274 2564 1406 2618 pure
1456 2549 1610 2601 attuli
1658 2547 2045 2612 laudationem,
2102 2563 2203 2601 nec
2237 2547 2375 2600 mihi

792 2643 1050 2696 irascaris
1091 2652 1313 2710 propter
1344 2656 1427 2700 ea,
1463 2655 1583 2708 quin
1627 2649 1751 2692 sunt
1793 2655 1821 2692 a
1874 2654 1960 2692 me
1989 2639 2376 2708 praetermissa,

793 2735 888 2788 sed
939 2748 1128 2785 eorum
1171 2747 1292 2800 qua:
1349 2731 1540 2799 scripsi
1575 2730 1912 2794 memineris,
1969 2732 2011 2783 si
2047 2745 2256 2796 eorum,
2285 2731 2377 2799 qui

797 2826 885 2882 hic
913 2835 1062 2887 sunt,
1092 2834 1177 2879 est
1205 2826 1313 2878 ulla
1362 2825 1624 2878 memoria
1665 2825 1859 2879 vestris
1884 2823 2190 2893 purissimis
2216 2833 2270 2878 et
2294 2823 2380 2877 di—

796 2917 1101 2971 vinissiniis
1133 2917 1349 2970 animis.

2470 1985 2642 2053 πηγή.
2667 1984 2837 2037 Τοῦτο
2872 1988 2972 2056 μὲν
2990 1987 3053 2058 δή
3090 2004 3170 2041 σοι
3203 1989 3263 2042 τὸ
3291 1988 3497 2060 θαῦμα,
3517 1990 3763 2043 κάλλιστε
3789 2008 3874 2060 μοι
3910 1993 4060 2045 παν-

2469 2093 2577 2130 των
2613 2078 2823 2148 ἀνδρῶν
2855 2084 2949 2133 καὶ
2982 2080 3403 2152 ἐλλογιμώτατε,
3439 2084 3515 2146 εἰς
3543 2084 3859 2152 περιουσίαν
3901 2085 4064 2136 ἐστὶν

2473 2170 2803 2234 ἀποδείξεως
2826 2173 2926 2243 τῆς
2952 2175 3047 2242 σῆς
3073 2175 3443 2246 καθαρότητος
3468 2177 3560 2229 καὶ
3586 2177 3870 2247 ἁγιότητυς
3893 2193 3906 2206 ο
3929 2178 4067 2230 ἐπεὶ

2476 2265 2571 2316 καὶ
2635 2265 2806 2319 τᾶλλα
2855 2267 3186 2336 ἀποχρῶντά
3226 2286 3309 2322 σοι
3354 2270 3491 2339 πρὸς
3544 2269 3642 2340 τὴν
3697 2270 3794 2340 τῆς
3847 2269 4068 2338 ἀρετῆς

2476 2356 2883 2428 ἀκριϐεστάτην
2911 2360 3207 2414 τελείωσιν.
3243 2364 3314 2416 Σὺ
3335 2363 3391 2416 δέ
3429 2381 3519 2434 μοι
3551 2364 3706 2426 ἵλεως
3733 2364 3870 2433 εἴης.
3894 2365 3945 2415 εἰ
3978 2365 4065 2432 μή

2481 2465 2565 2501 σοι
2616 2449 2914 2518 σύμπασαν
2968 2453 3423 2528 διῃκριϐωσαμην
3469 2458 3694 2528 ἀρετὴν,
3731 2461 3803 2528 μὴ
3852 2458 3951 2528 τὴν
3993 2459 4070 2511 ὲκ

2480 2542 2699 2595 πάντων
2729 2543 2837 2595 τῶν
2874 2543 2984 2597 σῶν
3019 2546 3198 2598 καλῶν
3230 2549 3610 2620 συνεμέτρησα
3641 2567 3722 2602 σοι
3761 2551 3858 2620 τὴν
3886 2549 4074 2618 εὐση-

2482 2635 2633 2703 μίαν,
2669 2636 2764 2688 καὶ
2796 2638 2871 2706 μή
2907 2655 2974 2706 με
2999 2632 3079 2702 οἷς
3105 2639 3416 2705 ὲλλέλοιπα,
3439 2642 3508 2695 δι’
3535 2642 3708 2714 ὀργῆς
3732 2643 3904 2712 ἔχοις,
3939 2644 4072 2696 ἀλλ’

2477 2721 2557 2789 οἷς
2585 2729 2966 2798 συγγέγραφα,
2986 2729 3075 2784 διὰ
3107 2735 3326 2802 μνήμης
3347 2735 3520 2799 ἄγοις,
3553 2736 3605 2788 εἴ
3622 2734 3705 2798 τίς
3730 2737 3843 2787 ἐστι
3867 2737 4075 2807 μνήμη

2477 2820 2586 2875 τῶν
2612 2821 2849 2876 ἐνταῦθα
2879 2826 3002 2887 ταῖς
3037 2825 3454 2897 καθαρωτέραις
3483 2827 3640 2898 ἡμῶν
3673 2828 3769 2883 καὶ
3798 2827 4076 2883 θεοειδέσι

2475 2915 2694 2986 ψυχαῖς.

2089 3220 2252 3270 MHNI
2280 3220 2605 3284 ΝΟΕΜΒΡΙῼ
2639 3218 2758 3270 Kir.

1296 3363 1572 3416 MNHMH
1616 3361 1743 3414 ΤΟΥ
1783 3361 1882 3413 EN
1918 3359 2161 3412 ΑΙἿΟΙΣ
2198 3359 2493 3412 ΠΑΤΡΟΣ
2533 3358 2747 3411 ΗΜΩΝ
2789 3355 3098 3412 ΣΥΜΕΩΝ
3133 3357 3579 3412 ΛΟΓΟΘΕΤΟΥ

2066 3469 2156 3524 ΤΟ
2169 3471 2213 3522 Υ
2246 3470 2346 3524 ME
2357 3471 2733 3523 ΤΑΦΡΑΣΤΟ
2746 3471 2805 3523 Υ.

1621 3609 2027 3665 ΑΚΟΛΟΥΘΙΑ
2068 3606 2501 3661 ΣΥΝΤΕΘΕΙΣᾹ
2542 3607 2686 3664 ΥΠΟ
2722 3607 2863 3679 ΤΟἴξ
2900 3608 3178 3663 ‘I‘EAAOI

1077 3731 1317 3802 Στιχηρὰ
1359 3732 1439 3794 είς
1465 3731 1546 3797 τὸ,
1575 3732 1751 3798 Κύριε
1779 3729 2095 3798 ἐκέκραξα.
2133 3724 2306 3800 Ἧχος
2342 3729 2576 3799 πλαγίου
2613 3729 2890 3800 δευτέρου.
2927 3729 3069 3800 Πρὸς
3099 3731 3179 3795 τὸ,
3217 3731 3413 3799 Ὅλην
3440 3731 3810 3802 ἀποθέμενοι.

1911 4056 2141 4102 MENSIS
2179 4054 2545 4101 NOVEMBRIS
2584 4056 2692 4100 DIE
2740 4055 2974 4100 XXVIII.

1135 4184 1682 4248 COMMEMORA
1705 4183 1846 4247 ΤῘΟ
1886 4184 1954 4245 S.
2010 4181 2322 4244 PATRIS
2362 4233 2365 4241 .

2470 4181 2523 4241 lS
2538 4180 2678 4240 TR]
2720 4180 2766 4241 S
2780 4178 3165 4241 I'MEONIS
3215 4179 3615 4244 LOGOTHE
3627 4183 3771 4252 ΤιΕ.

1890 4316 2041 4393 QUI
2099 4315 2222 4376 ET
2270 4313 2991 4375 METAPHRASTES.

1711 4465 2102 4528 OFFICIUM
2153 4467 2197 4524 A
2249 4463 2552 4526 PSELLO
2597 4464 3149 4528 COMPOSITL'M.

860 4594 1160 4673 Traparia
1208 4594 1270 4655 in
1318 4596 1666 4672 psalmum,
1725 4593 1982 4653 Domine
2036 4590 2302 4651 clamavi
2334 4589 2441 4667 (l).
2489 4593 2710 4653 Tenus
2755 4592 3065 4672 obliquus
3136 4593 3483 4656 secundus.
3529 4595 3604 4655 Ut
3644 4595 3828 4671 illud,
3867 4599 4053 4672 Ὅλην

2272 4692 2621 4762 ἀποθέμενοι.

894 4970 1098 5023 Munus
1146 4979 1298 5020 tuum
1354 4963 1879 5034 splendidissimum,
1933 4971 1988 5017 et
2048 4965 2364 5034 conSpieuar

2470 4975 2474 5029 ι
2576 4966 2614 5018 Γ
2618 4965 2746 5035 ἑρας
2779 4965 2841 5016 τὸ
2861 4963 3264 5031 λαμπρότατον,
3299 4963 3392 5017 σοῦ
3418 4966 3511 5019 καὶ
3550 4966 3912 5036 περίϐλεπτον
3954 4970 4106 5038 ὕψος

819 5062 1225 5119 celsitudinem,
1264 5057 1730 5126 magnificentiora
1775 5055 1884 5110 tuis
1936 5057 2365 5125 prestantissimi

2509 5056 3118 5127 μεγαλοπρεπέστερον,
3168 5057 3290 5118 ταῖς
3332 5057 3749 5127 μεγαλουργίαις
3819 5076 3922 5113 σου
3977 5063 4104 5114 ἀπ-

824 5152 989 5222 gestis
1018 5148 1268 5209 eﬂ'ecisti,
1302 5157 1356 5200 et
1386 5149 1478 5216 qui
1513 5157 1790 5217 parentem
1823 5146 2066 5218 reginam
2100 5149 2314 5210 urbem,
2352 5150 2363 5201 i

2504 5149 2780 5210 ετὲλεσας,
2815 5148 2911 5201 καὶ
2944 5149 3047 5218 τὴν
3077 5146 3406 5215 ἐνεγκοῦσάν
3437 5166 3495 5203 σε
3529 5149 3770 5218 βασιλίδα
3796 5152 3962 5206 πόλιν
3997 5161 4108 5208 καὶ

826 5241 927 5295 hoc
953 5255 1166 5309 quoque
1200 5241 1443 5293 omnium
1494 5241 1709 5294 urbium
1756 5240 2171 5294 dominatricem
2221 5250 2276 5295 et
2325 5242 2365 5294 vi

2505 5242 2562 5292 ἐν
2595 5236 2787 5308 ’τούτῳ
2852 5238 3263 5309 βασιλεύουσαν,
3315 5241 3506 5294 πασῶν
3551 5242 3660 5296 τῶν
3718 5243 3935 5297 πόλεων
3997 5250 4109 5300 καὶ

824 5334 1048 5387 ctricem
1079 5333 1382 5395 ostendisti,
1411 5348 1531 5401 quae
1558 5334 1879 5401 tempestive
1910 5344 1961 5387 te
1993 5334 2156 5387 veluti
2193 5333 2365 5388 ﬂoren

2508 5332 2919 5403 ὑπερκειμένην
2966 5333 3274 5396 ἀπέδειξας,
3327 5334 3448 5386 καθ’
3494 5334 3641 5405 ῶραν
3703 5333 4108 5406 ἐξανθήσασσὶν

825 5433 880 5478 ει
904 5425 1008 5476 vita
1034 5431 1088 5476 et
1111 5425 1377 5485 oratione,
1409 5433 1462 5475 et
1513 5422 1802 5476 virtutibus
1848 5424 2105 5477 omnibus
2135 5435 2365 5492 prmstan

2508 5443 2567 5478 σε
2617 5427 2708 5478 τὸν
2758 5425 2973 5495 ἀληθῶς
3014 5426 3376 5496 περιώνυμον,
3405 5427 3504 5497 βίῳ
3542 5445 3598 5480 τε
3642 5430 3734 5482 καὶ
3786 5430 3952 5499 λόγῳ,
3998 5436 4110 5488 καὶ

827 5516 1051 5569 tiSsimis
1083 5530 1210 5567 vere
1251 5515 1660 5568 celeberrimum
1697 5516 1864 5570 edidit
1903 5516 2073 5571 ictum
2113 5517 2195 5571 sui
2226 5519 2365 5573 azlmi

2509 5519 2711 5580 πάσαις
2741 5522 2863 5581 ταῖς
2898 5519 3214 5581 καλλίσταις
3256 5521 3499 5589 ἀρεταῖς,
3525 5522 3585 5574 τὸ
3609 5521 3924 5592 θαυμαστὸν
3958 5543 4031 5579 τα
4046 5530 4110 5582 ιζ-

828 5609 1074 5667 rabilem.
1107 5619 1162 5662 et
1194 5609 1519 5662 emicantem
1555 5625 1835 5664 coronant.

2511 5626 2608 5680 της
2641 5611 2914 5679 γέννημα,
2939 5611 3033 5663 καὶ
3064 5612 3314 5682 λαμπρὸν
3349 5617 3697 5684 στεφάνωμα.

898 5701 943 5755 0
1000 5715 1084 5752 res
1128 5711 1310 5769 gestas
1361 5710 1480 5754 tuas
1532 5701 1908 5756 admirandas!
1951 5704 2180 5759 maxime
2216 5701 2365 5758 Patet

2585 5703 2648 5756 Ὠ
2675 5702 2785 5758 τῶν
2817 5703 3137 5776 θαυμασίων
3182 5723 3295 5773 σου,
3331 5706 3742 5778 θαυμασιώτατε
3776 5707 3985 5781 Πάτερ.
4015 5707 4112 5776 οἷς

912 5834 984 5904 (1)
1017 5833 1072 5890 ld
1102 5844 1185 5890 est
1217 5834 1280 5888 ad
1307 5833 1594 5906 \‘esperas.
