4162 6474
153 395 227 456 205

256 498 589 554 Kcrtdtior.
624 494 815 566 'Ilzoc
841 498 900 562 ,ϐ’
910 538 922 551 .
956 517 972 548 ι
1000 498 1074 552 Τὰ
1104 498 1227 551 ἅνω
1254 498 1458 566 ζητῶν.
1482 517 1498 547 ι
1697 505 1741 558 Λ

202 618 498 686 Ἀμέμπτως
532 616 592 667 ἐν
630 617 725 685 γῇ,
760 616 913 683 σοφὲ,
946 614 1430 683 πολιτευσάμενος,
1458 614 1565 665 τῶν
1609 614 1667 665 ἐν

140 712 325 783 οὐρανοῖς
353 708 525 776 ἀγίων
555 709 655 770 τὰς
692 707 1085 777 λαμπρότητας
1113 708 1351 759 κατιδεῖν
1410 706 1667 774 ἠξίωσαι,

141 810 203 857 καὶ
231 802 499 868 πανσόφως
525 800 750 863 τούτους
798 799 1109 869 ἐξύμνησας
1129 816 1143 828 ·
1188 800 1285 851 σὺν
1318 799 1499 859 αὐτοῖς
1531 797 1664 865 Χρι-

143 898 219 967 στῷ
254 896 319 967 τῷ
360 894 483 963 Θεῴ
516 895 593 963 μὴ
636 892 822 965 παύσῃ
882 892 1203 964 πρεσϐεύων
1250 891 1390 961 ὑπὲρ
1445 892 1665 944 πάντων

140 992 269 1061 ἡμῶν.

738 1100 794 1152 '0
818 1095 1007 1166 οἶκος.

188 1207 501 1277 Μελῳδικῶς,
553 1210 759 1273 πιστοὶ,
808 1208 1175 1273 συνελθόντες,
1248 1206 1665 1274 εὐφημήσωμεν

141 1301 290 1359 πάντες
318 1299 563 1363 ἐπαξίοις
597 1298 785 1366 ᾠδαῖς,
821 1299 915 1351 τὸν
962 1300 1138 1367 μέγαν
1179 1295 1315 1349 Θεοῦ
1354 1298 1667 1366 Θεράποντα

141 1390 363 1455 Συμεῶνα,
419 1388 511 1441 τὸν
559 1390 718 1456 ἆγιον
769 1390 1083 1457 λογοθέτην.
1120 1388 1239 1456 ὅνὴ
1273 1386 1512 1458 Χριστοῦ
1540 1386 1667 1438 Ἐκ-

138 1482 285 1549 κὶησίει
317 1480 577 1549 φωστῆρα
618 1480 1005 1550 πεπλούτηκεν
1052 1481 1147 1533 ἐπὶ
1196 1483 1319 1550 γῆς,
1374 1482 1487 1540 τοῖς
1520 1478 1668 1532 διδα-

140 1573 308 1634 σκάλοις
355 1575 633 1640 Πατράσιν
690 1574 1069 1641 ἐκλάμψαντα.
1120 1574 1227 1627 Σὺν
1284 1572 1496 1631 τούτοις
1556 1571 1667 1642 γὰρ

136 1666 299 1731 tilium
322 1666 613 1728 ἀπαύστως
643 1665 885 1735 Χριστῷ,
917 1666 1092 1735 φωτός
1119 1682 1178 1717 τε
1222 1664 1394 1718 ἀϊδίου
1424 1663 1665 1733 πληρούο

139 1775 274 1827 μενος,
303 1759 588 1828 συγχαίρει
611 1759 934 1829 πρεσϐεύων
963 1759 1105 1827 ὑπὲρ
1133 1760 1352 1811 πάντων
1380 1758 1553 1828 ἡμῶν.

1230 382 1815 446 ΜΕΤΛΡΗΒΑΞΤΕ
1857 381 2250 440 OFFiCIUM.

3242 385 3348 447 206

1880 491 2215 546 Contacium.
2256 491 2429 545 Etim:
2456 495 2732 546 secundus.
2783 493 2860 547 Τὰ
2883 494 3007 547 ἄνω
3036 495 3243 562 ζητῶν.

1844 604 2119 672 lneulpate
2145 606 2200 657 in
2252 614 2416 669 terra,
2471 620 2504 659 ο
2553 606 2806 674 sapiens!
2843 607 2951 661 vita
2980 617 3194 672 exacta,
3224 626 3351 664 san-

1769 708 1983 751 ctorum
2015 698 2106 765 qui
2141 697 2195 750 in
2227 698 2367 752 cmlo
2393 708 2521 751 sunt
2571 698 2888 768 splendores
2917 701 3119 756 intueri
3157 705 3354 775 dignus

1771 787 1946 841 factus
1976 803 2057 850 es,
2084 798 2141 842 et
2190 788 2509 843 doctissime
2568 805 2662 843 eos
2712 790 2941 845 laudasti
2989 810 2999 846 :
3049 809 3173 847 cum
3220 797 3354 864 ipsis

1768 878 2145 933 indesinenter
2177 895 2400 948 precare
2428 880 2709 936 Christum
2760 882 2921 938 Deun
2967 900 3071 953 pro
3096 891 3351 942 omnibus

1768 972 1946 1026 nobis.

2452 1082 2658 1137 OEcus.

1837 1185 1975 1240 Cum
2030 1189 2261 1243 canticis
2312 1205 2419 1243 una
2473 1190 2660 1245 ﬁdeles
2714 1193 2879 1247 simul
2942 1196 3352 1259 convenientes,

1768 1294 1960 1334 omnes
1997 1282 2373 1337 collaudemus
2401 1284 2581 1353 dignis
2611 1287 2900 1354 praeconiis
2944 1304 3203 1358 magnum
3260 1291 3353 1344 Dei

1769 1385 1988 1425 servum
2042 1370 2368 1442 Symeonem
2410 1387 2705 1431 :sanetum
2761 1377 3143 1451 Logothetam,
3191 1398 3353 1449 quem

1768 1463 1972 1517 Christi
2038 1463 2279 1519 Ecclesia
2328 1467 2431 1523 sibi
2485 1468 2755 1523 luminare
2802 1474 3049 1540 possedit
3100 1475 3152 1527 in
3188 1488 3351 1537 terra,

1769 1568 1894 1608 cum
1952 1553 2205 1610 Patribus
2280 1557 2600 1612 doctoribus
2664 1561 3027 1626 emicantem;
3084 1578 3208 1617 eum
3270 1566 3355 1619 his

1769 1648 1915 1701 enim
1946 1648 2323 1703 indesinenter
2354 1665 2556 1705 canens
2606 1651 2851 1718 Christo,
2894 1666 2950 1708 et
2980 1654 3183 1710 lumine
3208 1673 3355 1711 sem-

1773 1739 1990 1807 piterno
2013 1740 2255 1808 repletus
2288 1740 2507 1811 gaudet,
2556 1758 2745 1813 preces
2774 1762 2873 1815 pro
2909 1748 3070 1803 nobis
3100 1748 3354 1802 omnibus

1703 1863 1743 1915 Β
1773 1829 2082 1885 ell'undens.

280 1957 388 2027 ᾨδὴ
426 1955 495 2020 ζ’.
527 1957 905 2025 Δροσοόόλον
927 1956 1045 2025 μὲν
1069 1955 1185 2023 τὴν
1213 1955 1488 2022 κάμινον.

187 2065 567 2132 Στηλιτεῦιινται
608 2066 702 2116 καὶ
731 2064 984 2134 δαίμονες
1031 2064 1126 2115 καὶ
1155 2063 1427 2131 τύραννοι.
1459 2063 1669 2132 μάρτυ-

140 2178 210 2227 px;
239 2161 320 2211 καὶ
347 2159 527 2220 ὁσίους
560 2156 801 2227 Χριστοῦ
848 2159 896 2210 οἱ
937 2156 1292 2222 κολάσαντες,
1329 2158 1449 2217 ταῖς
1477 2160 1668 2223 σοφαῖς

142 2268 227 2315 σου,
249 2252 436 2321 μάκαρ,
471 2254 818 2319 συγγραφαῖς
837 2265 850 2278 ·
883 2251 1092 2302 πιστῶν
1120 2250 1350 2319 μελῳδεί
1378 2248 1433 2301 δὲ
1471 2250 1502 2316 ή
1527 2248 1665 2318 πληο

134 2343 229 2405 θέᾳ
257 2344 549 2413 Εὐλογητὸς
573 2339 643 2409 εἷ,
675 2345 704 2395 ὁ
721 2343 877 2409 Θεὸς,
900 2345 928 2395 ὁ
951 2343 1060 2395 τῶν
1088 2343 1343 2412 πατέρων
1375 2341 1555 2413 ἡμῶν,

182 2521 536 2591 Μεταφράσεις
589 2520 992 2591 ὠνομάσθησαν
1025 2522 1075 2574 οἱ
1105 2521 1257 2589 λόγοι
1282 2538 1400 2586 σου,
1425 2521 1663 2592 τρισμά-

133 2628 227 2679 np,
263 2613 645 2683 καθηδὼοντες
692 2613 819 2665 νοῦν
860 2615 1132 2685 ἡμέτερον
1185 2614 1328 2684 ὑπὲρ
1377 2616 1521 2683 μέλι,
1574 2614 1666 2665 καὶ

137 2704 388 2774 titan:pr
418 2708 531 2769 τοῖς
567 2707 773 2776 χείλεσι
804 2705 1114 2771 στάζοντες,
1143 2706 1272 2777 βοᾷν
1293 2724 1306 2736 ’
1351 2704 1663 2774 Εὐλογητὸς

133 2789 184 2855 εἷ,
208 2794 229 2845 ὁ
254 2794 390 2857 Θεὸς,
419 2798 447 2849 ὁ
476 2797 590 2849 τῶν
620 2798 874 2863 πατέριον
903 2798 1080 2867 ήμῶν.

190 2887 468 2941 Ἐπαινέσει
499 2890 687 2956 γενεά,
731 2892 871 2944 κατὰ
902 2891 994 2944 τὸν
1042 2891 1335 2960 ψάλλοντα,
1367 2892 1461 2945 καὶ
1503 2893 1667 2961 γενεά

131 2978 222 3040 τώς
246 2979 417 3048 λόγους
451 2984 585 3045 τοὺς
635 2984 786 3047 σοὺς,
810 2983 887 3045 ὡς
917 2982 1202 3054 ὲξᾴδοντας
1251 2984 1321 3038 τὰ
1385 2985 1666 3055 θαυμάσια

131 3068 180 3119 τὰ
196 3071 271 3121 τοῦ
295 3072 443 3137 Θεοῦ,
477 3076 578 3127 καὶ
611 3077 839 3144 μέλπειν
865 3077 1266 3147 προτρέποντας
1292 3079 1439 3148 ἡμᾶς
1459 3094 1471 3106 ⁸
1502 3078 1666 3131 Εὐλο-

130 3162 255 3231 γητὸς
279 3162 343 3231 εἴ,
373 3170 398 3219 ὁ
428 3167 590 3231 Θεὸς,
619 3171 645 3219 ὀ
684 3168 795 3221 τῶν
838 3170 1089 3240 πατέρων
1124 3171 1302 3241 ἡμῶν.

180 3254 268 3323 Τὴν
302 3259 465 3328 καλὴν
506 3262 569 3312 ἐν
594 3260 813 3326 γυναιξί
848 3278 906 3313 σε
953 3264 1047 3315 καὶ
1074 3264 1418 3333 πανάμωμον
1444 3266 1662 3337 μητέρα

129 3347 196 3399 τοῦ
223 3351 362 3413 Θεοῦ,
416 3356 466 3405 οἱ
528 3356 715 3408 πιστοὶ
769 3355 1103 3425 ἱκετεύομεν,
1142 3357 1450 3426 ἐνεστώσης
1496 3358 1665 3427 ῥύσα-

132 3440 222 3491 σῦιι
259 3445 396 3512 ἡμᾶς
451 3447 680 3509 κακίας,
717 3446 813 3498 τοῦ
846 3446 1068 3515 ψάλλειν
1097 3448 1351 3519 ἐμμελῶς
1376 3467 1389 3480 ο
1426 3449 1668 3519 Εὐλογη-

133 3534 235 3604 μένη
250 3533 311 3602 εἷ,
336 3536 466 3589 Θεὸν
483 3540 655 3609 σαρκὶ
685 3540 951 3611 κυήσασα.

1690 3204 1734 3262 C

367 3669 491 3740 ’ῼδὴ
515 3668 590 3738 η’.
643 3670 744 3725 Ἐκ
775 3673 1004 3741 φλογὸς
1032 3670 1158 3738 τοῖς
1188 3674 1403 3739 ὁσίοις.

193 3797 421 3855 Ἀπασῶν
452 3806 486 3874 ή
516 3804 762 3874 λαχοῦσα
814 3804 1001 3874 ἄρχειν
1025 3804 1135 3858 τῶν
1176 3806 1403 3868 πόλεων,
1442 3807 1501 3859 σὲ
1532 3824 1665 3877 προ-

130 3890 283 3955 ήνεγκε
312 3895 451 3947 θεῖον
480 3897 724 3966 καρπὸν,
764 3899 1025 3968 μακάριε,
1051 3899 1321 3967 τρέφοντα
1360 3900 1532 3970 αὐτὴν
1570 3919 1670 3970 μυο

130 3984 308 4049 ςτικῶς,
338 3988 433 4041 καὶ
463 3990 764 4052 ποτίζοντα
795 3991 997 4061 νέκταρ
1023 3991 1347 4063 ἀμϐροσίας,
1374 3992 1561 4063 ψυχῶν
1592 3997 1670 4057 εἰς

129 4079 371 4146 σωτηρίαν.

175 4169 454 4242 Φδτουργὸν
487 4175 825 4245 ἐγκρατείας
877 4176 971 4227 καὶ
1019 4175 1135 4246 βίου
1169 4176 1469 4245 σώφρονος,
1504 4194 1673 4248 γεωρ-

129 4259 195 4323 γὸν
234 4264 508 4328 εὐσεϐείας
557 4270 656 4317 καὶ
700 4267 853 4328 θείας
904 4267 1163 4331 πίστεως.
1217 4269 1475 4336 γνώσεως
1508 4269 1673 4339 βυθὸν

129 4354 195 4402 nl
220 4356 385 4427 πηγὴν
418 4357 801 4422 κατανύξεως,
831 4360 1029 4422 πάντες
1053 4376 1111 4412 σε
1142 4360 1414 4430 τιμῶμεν,
1446 4361 1672 4431 Συμεὼν

130 4440 353 4509 ὶοτοθὲτα.

1958 1942 2073 1997 Ode
2098 1944 2149 1998 7.
2172 1947 2551 2012 Δροσοϐόλον
2579 1948 2697 2015 μὲν
2734 1948 2851 2017 τὴν
2882 1951 3158 2020 κάμινον.

1843 2050 2116 2108 Dedecore
2162 2063 2424 2108 notantur
2452 2064 2508 2108 et
2547 2055 2821 2113 daemones
2859 2068 2918 2113 et
2968 2062 3202 2132 tyranni,
3251 2065 3345 2134 qui

1769 2154 2034 2213 martyres
2084 2154 2143 2197 et
2187 2156 2404 2200 sanctos
2432 2145 2637 2201 Christi
2688 2152 2975 2205 tormentis
3023 2153 3349 2217 affecerunt,

1768 2236 1945 2288 doctis
1971 2237 2095 2299 tuis,
2125 2252 2158 2291 ο
2189 2238 2374 2299 Beate,
2408 2243 2833 2296 commentariis.
2870 2243 3136 2299 Fidelium
3164 2258 3349 2301 autem

1769 2328 2061 2383 multitudo
2110 2332 2358 2386 concinit
2410 2349 2423 2384 :
2462 2332 2790 2390 Benedictus
2818 2352 2900 2399 es,
2943 2336 3091 2394 Deus
3131 2353 3350 2410 patrum

1772 2431 2115 2477 DOSU‘OTUIII.

1841 2515 2214 2585 Metaphrases
2262 2520 2563 2588 nuneupati
2617 2532 2748 2575 sunt
2796 2523 2871 2576 tui
2918 2539 3220 2590 sermones,
3273 2538 3357 2582 ter

1769 2606 1949 2670 beate,
1989 2618 2229 2661 nostram
2265 2621 2504 2665 mentem
2550 2613 2889 2667 obiectantes
2930 2632 3096 2685 supra
3132 2619 3258 2683 mel,
3297 2628 3353 2672 et

1773 2698 2117 2753 dulcedinem
2169 2702 2326 2757 labiis
2356 2704 2645 2767 stillantes,
2684 2715 2745 2759 ut
2791 2708 3088 2765 clamemus
3131 2729 3150 2765 :
3180 2713 3352 2767 Bene-

1774 2785 1957 2841 dictus
1985 2803 2071 2853 es,
2099 2789 2243 2844 Deus
2273 2802 2486 2859 patrum
2522 2805 2855 2851 nostmrum.

1842 2879 2111 2936 Laudabit
2151 2884 2452 2953 generatio,
2502 2896 2562 2940 ut
2617 2889 2767 2942 canit
2812 2890 2923 2954 ille,
2972 2903 3027 2946 et
3072 2897 3354 2963 generatio

1770 2992 2051 3032 sermones
2092 2989 2233 3045 tuos,
2269 2990 2524 3051 tanquam
2555 2984 2647 3053 qui
2694 2986 2961 3041 mirabilia
2998 2989 3091 3044 Dei
3147 2992 3353 3046 collau-

1769 3068 1921 3129 dant.
1949 3085 2257 3140 canereque
2288 3089 2387 3127 nos
2410 3075 2651 3131 excitant
2681 3095 2701 3131 ι
2744 3077 3075 3136 Benedictus
3102 3097 3187 3149 es,
3210 3084 3351 3140 Deus

1773 3171 1989 3229 patrum
2021 3172 2355 3218 nostrorum.

1843 3252 2230 3323 Perpulultram
2286 3257 2428 3312 inter
2462 3260 2722 3316 mulieres
2758 3273 2830 3328 te,
2866 3276 2930 3321 et
2960 3266 3352 3328 immaculatis-

1768 3344 1965 3400 simam
2018 3344 2111 3400 Dei
2160 3346 2391 3403 Matrem
2443 3350 2632 3405 ﬁdeles
2662 3370 3002 3412 exoramus:
3039 3360 3121 3414 Ab
3175 3361 3355 3417 immi-

1770 3438 1919 3491 nenti
1957 3438 2257 3494 infortunio
2284 3441 2474 3505 libera,
2510 3452 2568 3498 ut
2597 3447 2841 3503 suaviter
2870 3464 3138 3514 canamus
3183 3472 3199 3513 ι
3243 3455 3357 3515 Bo-

1770 3531 1986 3585 nedieta
2010 3546 2091 3597 es,
2119 3548 2241 3601 qua:
2266 3531 2437 3589 Deum
2469 3536 2522 3590 In
2552 3551 2715 3593 carne
2743 3543 3030 3611 peperisti.

2052 3660 2169 3717 Odc
2212 3662 2270 3716 8.
2308 3663 2408 3717 Ἕκ
2440 3665 2672 3734 φλογὸς
2700 3667 2825 3734 τοῖς
2846 3672 3067 3738 ὁσίοις.

1842 3790 2097 3845 Omnium
2127 3792 2214 3845 cui
2247 3792 2476 3863 contigit
2524 3795 2741 3850 urbium
2786 3799 3079 3864 dominari,
3128 3814 3185 3859 te
3215 3806 3357 3861 divi-

1774 3899 1907 3937 num
1952 3884 2189 3937 fructum
2230 3886 2421 3940 civitas
2472 3889 2685 3952 extulit,
2733 3889 2915 3956 beate,
2966 3896 3057 3963 qui
3106 3900 3354 3954 eamdem

1774 3977 2001 4047 mystice
2027 3977 2147 4042 alis,
2178 3986 2231 4030 et
2263 3979 2522 4048 propinas
2575 3993 2762 4036 nectar
2790 3988 3080 4043 ambrosia:
3118 3990 3173 4044 in
3207 3993 3357 4047 salu-

1775 4076 1885 4122 tem
1917 4070 2245 4123 animarum.

1847 4158 2239 4224 Conlinentiaa,
2270 4171 2329 4214 et
2359 4161 2481 4216 vitae
2508 4173 2670 4218 casta:
2701 4166 3089 4235 plantatorem,
3140 4174 3359 4243 pictatis

1777 4259 1838 4304 et
1867 4249 2067 4304 divina:
2109 4251 2231 4305 ﬁdei
2287 4254 2603 4322 agricolam.
2630 4260 2960 4328 cognitionis
2988 4264 3261 4332 abyssum.
3302 4280 3358 4324 et

1778 4342 2126 4397 contritionis
2180 4344 2386 4398 fontem
2437 4362 2631 4402 omnes
2669 4358 2725 4404 te
2751 4366 3095 4421 veneramur,
3122 4356 3354 4427 Symeon

1779 4431 2102 4505 Lngollteta.

187 4533 508 4605 Ῥητορεύων
568 4537 643 4590 τὰ
692 4537 835 4600 Θεία,
889 4539 1100 4608 θέλγεις
1158 4540 1218 4592 τὸ
1272 4541 1547 4611 πλήρωμα
1577 4542 1675 4611 τῆς
1707 4555 1752 4613 ι)

1711 4555 1752 4613 D
1850 4525 2140 4580 Oratorum
2175 4543 2327 4582 more
2373 4528 2560 4583 divina
2606 4547 2905 4601 exponens,
2942 4547 3143 4592 ccetum
3190 4556 3354 4595 vene-

130 4627 288 4697 σειτῆς
303 4628 666 4699 Ἐκκλησίας,
686 4630 1109 4701 Θεομακάριστε,
1128 4633 1223 4684 καὶ
1242 4633 1517 4703 διανιστᾷς
1545 4634 1673 4705 ἀρε-

130 4715 198 4782 τῆς
224 4723 343 4789 πρὴς
514 4723 785 4794 μίμησιν,
821 4725 929 4777 τῶν
970 4726 1027 4777 ὲν
1073 4726 1325 4799 εὐσεϐείᾳ
1377 4728 1554 4791 καλῶς
1584 4744 1671 4781 τε·

130 4806 427 4871 ἓτιωθέντων.

189 4905 533 4979 Ἀγιάσματος
576 4908 733 4962 Θείαν
759 4910 987 4965 κιϐωτὸν
1009 4910 1247 4981 ἔχοντες,
1266 4911 1496 4965 Θεοτὸκε
1526 4912 1673 4979 Παρ-

130 4996 236 5064 θένε,
267 5002 321 5055 σὲ
366 5005 472 5074 τὴν
502 5004 845 5073 χωρήσασαν
871 5004 1270 5073 πανυπερφυῶς
1302 5005 1393 5056 τὸν
1422 5004 1554 5056 Θεὸν
1583 5004 1674 5053 τὸν

127 5090 383 5161 ἀχώρητον,
414 5094 911 5163 ἁνυμνολονοῦαεν
944 5098 1127 5148 πιστοὶ
1160 5096 1240 5159 είς
1289 5096 1417 5157 τοὺς
1447 5096 1667 5155 αἰῶνας.

247 5290 354 5364 ᾩδὴ
382 5292 445 5345 υ’.
478 5291 645 5345 Θεὸν
664 5290 996 5359 ἀνθρώποις
1016 5290 1169 5346 Mair
1187 5291 1507 5346 ἀδύνατον.

180 5401 374 5469 Σεμνῶς
409 5403 653 5471 βιώσας.
689 5403 823 5469 πρὸς
870 5402 963 5454 τὸν
1001 5401 1338 5471 ποθούμενον
1359 5403 1671 5473 εἰρηνικῶς,

129 5496 418 5565 τρισμάκαρ,
470 5495 834 5562 ἑξεδήμησας
900 5495 1126 5564 Κύριον,
1182 5495 1304 5548 κατ’
1351 5497 1521 5565 αὐτὴν
1574 5498 1673 5565 τὴν

131 5581 299 5651 ἡμέραν
346 5586 470 5637 καθ’
532 5586 606 5655 ῆν
648 5585 677 5634 ὁ
729 5584 936 5647 κλεινὸς
984 5586 1255 5655 Στέφανος
1311 5585 1612 5641 τελειοῦται
1646 5587 1675 5637 ὀ

130 5678 427 5750 ὁσιοιιάρτυς,
469 5676 518 5751 ᾧ
552 5681 657 5735 καὶ
688 5679 1086 5744 συνδεδόξασαι.

192 5852 268 5905 Ἐκ
302 5855 399 5923 γῆς
455 5854 804 5926 ἀπαίρουσαι,
839 5852 973 5922 πρὸς
1011 5851 1239 5923 οὐράνια
1296 5852 1331 5921 ἡ
1369 5850 1485 5922 ἱερὰ
1528 5850 1672 5920 ψυχή

1779 4620 1962 4674 raeda:
1989 4618 2245 4674 Ecclesiae
2276 4621 2576 4684 demulces,
2622 4624 2808 4679 divine
2840 4628 3018 4694 beate,
3045 4632 3355 4701 excitasque

1775 4712 1842 4762 ad
1877 4710 2087 4762 virtutis
2116 4711 2472 4765 imitationem
2488 4728 2703 4776 eorum,
2730 4716 2819 4784 qui
2841 4717 2897 4769 in
2930 4719 3128 4787 pietate
3152 4722 3351 4777 bonum

1776 4801 1979 4854 exitum
2012 4800 2269 4855 habuere.

1849 4892 2309 4949 Sanctiﬁcationis
2356 4895 2599 4951 divinam
2660 4915 2843 4954 aream
2892 4901 3181 4969 habentes,
3227 4904 3351 4959 Dei-

1778 5000 1906 5053 para
1947 4984 2125 5056 Virgo,
2148 4996 2226 5050 te,
2256 5003 2378 5057 qua:
2409 5004 2573 5058 supra
2601 5002 2850 5048 naturam
2886 4996 3080 5062 Deum,
3112 4999 3204 5067 qui
3233 5000 3351 5069 capi

1778 5095 1888 5131 non
1940 5089 2137 5147 potest,
2181 5081 2403 5150 cepisti,
2458 5081 2671 5151 hymnis
2720 5086 3034 5144 extollimus
3076 5090 3264 5145 ﬁdeles
3297 5092 3351 5145 in

1777 5187 1870 5224 san
1887 5172 1995 5224 ula.

1928 5279 2047 5335 Ode
2075 5279 2127 5334 9.
2159 5280 2308 5333 Θεὸν
2328 5279 2664 5349 ἀνθρώποις
2698 5282 2849 5337 ἰδεῖν
2867 5284 3190 5342 ἀδύνατον.

1851 5387 2118 5443 Deccnter
2153 5391 2261 5442 vita
2288 5389 2559 5450 traducta.
2593 5391 2661 5445 ad
2704 5392 3071 5448 desideratum
3105 5396 3349 5466 paciﬁce,

1780 5491 1861 5534 ter
1897 5481 2070 5543 beate,
2111 5481 2401 5535 Dominum
2460 5484 2663 5547 abiisti,
2710 5484 2909 5538 eodem
2955 5488 3070 5555 ipso
3108 5489 3218 5547 die.
3241 5506 3354 5560 quo

1779 5572 2010 5642 inclytus
2040 5571 2353 5641 Stephanus
2410 5575 2754 5628 venerandus
2783 5586 2987 5648 martyr
3016 5578 3178 5634 ﬁnem
3228 5583 3354 5637 vitae

1778 5666 2025 5734 appetiit,
2072 5681 2306 5733 quocum
2359 5666 2519 5719 simul
2569 5668 2803 5738 gloriose
2863 5684 3155 5728 coronatus
3199 5691 3258 5730 es
3298 5685 3354 5729 et

1779 5758 2033 5825 glorilicat
2049 5772 2128 5808 us.

1852 5851 1893 5905 Ε
1964 5851 2121 5904 terris
2189 5850 2540 5921 proﬁciscens
2617 5852 2685 5909 ad
2770 5856 3056 5925 emlestes,
3134 5859 3348 5929 deifer,
