4162 6474
767 430 863 490 ἓοΓΙ

1779 424 2038 498 ΓΒΕΙᾸᾸ
2078 424 2277 484 ΜΕΤΑ
2291 424 2650 484 ΡΙΙΙὶΑΞΤεΕ
2684 424 3071 486 OFFICIUM.

3925 431 4027 493 2'38

764 546 946 598 anima
983 553 1071 597 tua
1127 555 1276 595 saera
1331 536 1715 599 habitationes,
1762 537 2084 605 gaudentem
2137 536 2343 590 vultum

2457 552 2572 600 σου,
2606 536 2852 607 θεοφόρε,
2907 539 3265 609 σκηνώματα,
3331 543 3720 614 ἀγαλλόμενον.
3773 543 3896 617 Εἶχε
3976 553 4033 603 τὸ

766 637 1008 708 gerebat,
1055 633 1246 687 ridens
1276 643 1493 686 sanctos
1528 643 1634 683 una
1691 643 1875 683 secum
1916 627 2343 700 congaudentes,

766 737 821 781 et
843 727 909 781 ad
934 739 1229 794 supernam
1261 729 1426 777 vitam
1464 721 1900 776 transmittentes

830 910 973 964 Ecce
1007 907 1120 978 jam
1143 903 1451 959 associatus
1486 916 1544 956 es
1568 912 1883 956 sanctorum
1911 899 2216 967 ordinibus,
2249 917 2343 972 pa-

762 1004 1148 1065 triarcharum,
1180 1007 1502 1067 martyrum,
1530 992 2339 1064 apostolorum,confessorum,

762 1098 1177 1167 prophetarum,
1229 1091 1537 1154 doctorum,
1574 1096 1629 1143 et
1651 1086 2081 1150 hicrarcharum,
2114 1086 2341 1156 quibus—

762 1206 885 1242 cum
937 1188 1166 1241 choreas
1224 1183 1457 1247 ducens,
1503 1179 1838 1243 beatissime,
1900 1178 2190 1234 recordare
2244 1194 2343 1233 no-

762 1280 861 1335 stri
918 1277 1062 1349 apud
1105 1274 1422 1338 Dominum,
1487 1271 1578 1342 qui
1642 1279 1764 1325 tuas
1813 1269 2006 1325 laudes
2056 1271 2341 1341 prosequi-

760 1388 902 1427 rnur.
1532 1421 1541 1431 ,

835 1465 967 1519 Sion
1004 1471 1188 1517 sancta
1220 1459 1408 1532 gratiis
1436 1472 1466 1511 λ
1497 1457 1609 1513 Deo
1639 1456 2017 1521 condecorata,
2053 1454 2187 1510 urbs
2218 1453 2337 1520 Dei,

2453 628 2766 699 πρόσωπον,
2799 628 3073 699 βλέπουσα
3108 632 3235 696 τοὺς
3278 634 3471 703 ἁγίους
3515 637 3653 707 αὐτῇ
3711 642 4033 711 συγχαίρω-

2448 740 2568 786 τας,
2613 723 2708 775 καὶ
2754 722 2892 794 πρὸς
2949 723 3325 795 ὑπερκόσμιον
3367 725 3515 796 ζωὴν
3539 727 3743 798 ταύτην
3777 732 4033 802 προπέμ-

2453 830 2672 876 ποντας.

2530 906 2661 961 Ἰδοὺ
2692 906 2973 978 συνήφθης
2997 907 3169 976 ἁγίων
3187 910 3458 981 τάγμασι,
3483 915 3860 985 πατριαρχῶν,
3888 933 4033 986 μαρι

2446 995 2647 1067 τύρων,
2683 995 3021 1066 ἀποστόλων,
3057 998 3221 1054 ὁσίων
3280 1019 3362 1069 τε,
3417 1004 3714 1075 προφητῶν
3753 1007 3846 1060 καὶ
3884 1008 4031 1060 διδα-

2448 1090 2662 1144 σκάλων
2691 1090 2786 1144 καὶ
2820 1092 3118 1162 ίεραρχῶν,
3148 1087 3343 1166 οἷσπερ
3366 1097 3461 1149 καὶ
3518 1099 3886 1168 συγχορεύων,
3926 1116 4021 1165 μα’

2445 1184 2776 1254 καριώτατε,
2812 1184 3067 1255 μέμνησο
3099 1186 3240 1258 πρὸς
3267 1185 3474 1257 Κύριον
3508 1189 3665 1258 ήμῶν
3710 1189 3819 1244 τῶν
3863 1190 4029 1259 εὐφη-

2447 1276 2694 1347 μούντων
2718 1292 2799 1331 σε.

2512 1456 2651 1508 Σιὼν
2715 1456 2846 1537 ἁγία
2898 1455 3281 1528 θεοχαρίτωτε,
3354 1458 3508 1522 πόλις
3568 1457 3705 1513 Θεοῦ
3753 1460 3847 1513 καὶ
3896 1476 4032 1512 κατ-

2442 1546 2811 1616 ωχυρωμένον
2836 1540 3131 1611 παλάτιον.’
3151 1548 3251 1619 τὴν
3287 1548 3477 1603 πασῶν
3511 1548 3901 1619 βασιλεύουσαν
3934 1566 4033 1602 πο-

2442 1637 2600 1701 λεων,
2640 1640 2698 1691 ὲν
2748 1640 2832 1691 σοὶ
2869 1639 3243 1710 ἀνακειμένην
3300 1640 3504 1711 ταύτην
3553 1640 3878 1712 περίζωσαι,
3937 1641 4031 1695 τοῦ

2440 1729 2843 1801 Μεταφραστοῦ
2858 1735 2979 1796 ταῖς
2996 1734 3190 1805 ίεραίς,
3208 1731 3383 1804 Κόρη,
3401 1733 3673 1804 δεήσεσιν.

759 1571 813 1617 et
838 1561 1080 1629 undique
1135 1556 1535 1614 communitum
1591 1552 1874 1623 palatium,
1928 1551 2169 1622 reginam
2221 1566 2341 1605 om-

757 1653 910 1705 nium
935 1649 1153 1704 urbium
1191 1646 1291 1702 tibi
1323 1645 1652 1708 devinctam,
1685 1658 1751 1697 ac
1803 1641 2054 1697 devotam
2084 1640 2338 1709 defende,

759 1742 1137 1813 Metapbrastze
1161 1739 1350 1800 sacris.
1378 1753 1412 1793 ο
1436 1737 1636 1809 puella,
1661 1735 2087 1807 precationibus.

758 1848 837 1903 Ad
864 1847 1097 1914 Laudes,
1132 1845 1304 1901 echus
1343 1851 1592 1912 quartus.
1654 1840 1750 1904 Ὡς
1778 1838 2058 1909 γενναῖον
2088 1839 2160 1894 ἐν
2186 1838 2338 1908 μάρ-

1461 1926 1625 1965 τυσι.
1970 1917 1986 1932 ’

2515 1838 2611 1902 Εἰς
2662 1838 2788 1902 τοὺς
2824 1838 3037 1905 Δῖνους,
3097 1834 3227 1925 ἦχος
3275 1839 3337 1895 δ’.
3402 1840 3496 1906 Ὠς
3559 1840 3838 1909 γενναῖον
3888 1840 3964 1894 ἐν

3094 1924 3373 1965 uanum.

1500 1926 1625 1967 υσι.
1970 1924 1983 1932 '
2374 1924 2415 1937 ··’
3093 1924 3373 1978 μαρτυσι.

830 2011 909 2065 Ex
946 2009 1113 2066 nobili
1132 2007 1318 2063 radice
1340 2017 1521 2061 ortum
1547 2004 1777 2061 duxisti.
1808 2018 1930 2058 rosa
1945 2002 2171 2057 omniex
2190 2011 2343 2072 parte

759 2102 1086 2167 rubicunda,
1119 2100 1309 2172 gratiis
1327 2098 1567 2167 Spiritus
1595 2097 1784 2161 tincta,
1814 2104 1870 2150 et
1895 2094 2082 2150 fideles
2101 2095 2343 2165 jucunde

757 2197 970 2250 donans
992 2192 1253 2248 odoribus
1294 2200 1510 2245 tuarum
1539 2189 1919 2260 scriptionum,
1952 2188 2341 2258 apostolorum,

745 2289 1089 2344 athletarum
1142 2295 1197 2341 et
1255 2284 1632 2340 confessorum
1695 2282 1994 2337 certamina
2042 2283 2340 2352 explicans,

758 2383 1086 2452 quibuscum
1168 2392 1276 2432 una
1359 2376 1659 2432 collocatus
1702 2417 1717 2441 ,
1791 2374 1973 2428 divina
2050 2374 2340 2439 revelans,

761 2472 1019 2544 Symeon,
1060 2469 1377 2526 deliciarum
1409 2468 1461 2522 in
1492 2466 1757 2538 gramine,
1781 2467 1928 2536 quod
1970 2464 2025 2517 in
2064 2478 2185 2519 rore
2236 2473 2340 2531 est,

759 2568 1036 2622 habitans.

838 2660 907 2714 Ut
941 2659 1240 2728 Scriptura:
1266 2656 1449 2711 verbis
1464 2664 1607 2722 utar,
1641 2655 1808 2710 effusa
1838 2664 1940 2718 est,
1985 2651 2218 2725 Symeon
2239 2695 2252 2719 ,
2288 2653 2341 2707 in

761 2752 920 2806 labiis
948 2751 1055 2806 tuis
1079 2748 1315 2818 Spiritus
1342 2748 1519 2805 sancti
1539 2747 1712 2819 gratia
1740 2744 2159 2801 inastimabilis.
2193 2744 2344 2811 Qua—

759 2849 982 2910 propter
1016 2854 1162 2904 eum,
1191 2837 1282 2906 qui
1308 2836 1510 2892 frustra
1540 2850 1662 2890 sese
1690 2833 1952 2902 iactabat,
1976 2832 2345 2888 concertatio-

758 2945 891 2983 nu-u
952 2926 1324 2997 complexibus
1381 2924 1690 2996 redargues,
1753 2923 1978 2989 alteris;
2032 2923 2210 2978 factus
2264 2931 2348 2978 est

759 3021 905 3076 enim
930 3019 1097 3076 veluti
1123 3019 1321 3090 stipula
1346 3027 1475 3073 ante
1501 3017 1680 3088 ignem
1706 3016 1760 3070 in
1785 3015 2025 3071 cinerem
2045 3015 2257 3080 abiens,
2290 3025 2345 3069 ct

760 3126 815 3170 te
849 3129 1105 3185 magnum
1136 3111 1316 3169 facere
1336 3111 1495 3166 'visus
1522 3117 1628 3174 est,
1649 3124 1772 3164 cum
1802 3110 1873 3163 ob
1894 3108 2125 3163 virtutes
2146 3106 2345 3162 mentis

765 3225 868 3263 inae
899 3210 1091 3263 timore
1106 3206 1388 3277 perculsus
1420 3203 1860 3259 contremuisset.

834 3298 1011 3355 Veluti
1046 3312 1238 3352 servus
1268 3294 1520 3350 Numinis
1551 3294 1749 3358 factus,
1790 3291 1900 3348 tuis
1930 3290 2207 3362 operibus,
2225 3288 2334 3343 vei-

764 3391 841 3441 ς.ιί
905 3390 1097 3444 eodem
1140 3404 1264 3443 cum
1302 3387 1506 3441 sanctis
1552 3383 1912 3440 contubernio
1961 3391 2141 3443 utens,
2180 3380 2345 3433 veluti

776 3486 895 3539 vita:
916 3493 1022 3540 tua:
1054 3480 1374 3537 castimonia
1398 3480 1706 3535 libertatem
1725 3478 1975 3546 adeptus,
2011 3474 2347 3543 diviniloque

764 3582 1021 3650 Symeon,
1043 3590 1253 3639 eorum,
1273 3572 1365 3643 qui
1385 3580 1437 3628 te
1452 3570 1759 3627 collaudant
1779 3567 2084 3631 recordare,
2104 3566 2345 3621 animum

763 3682 913 3722 tuum
979 3668 1035 3722 in
1113 3665 1443 3736 probitatem
1518 3675 1850 3731 propensum
1911 3658 2231 3722 ostendens,
2288 3665 2347 3711 ut

764 3776 954 3816 omnes
998 3760 1094 3814 Dei
1162 3758 1500 3813 humanitate
1566 3762 1912 3825 peccatorum
1970 3750 2345 3806 remissionem

761 3867 1181 3924 consequamur.

1378 3940 1584 4003 Gloria,
1612 3952 1718 3993 etc.
1789 3954 1793 3957 λ

835 4035 957 4091 Vita
1032 4034 1217 4090 divina
1291 4032 1536 4103 perfecta
1616 4030 1990 4100 speculatione
2074 4027 2347 4081 actionem

764 4127 1064 4191 exornasti,
1108 4125 1343 4195 Symeon
1373 4123 1721 4189 beatissime;
1752 4134 1990 4190 namque
2019 4134 2144 4174 cum
2161 4117 2347 4173 divino

768 4235 954 4274 amore
977 4217 1299 4286 sapientiam
1337 4215 1662 4285 deperisscs,
1696 4229 1759 4267 ex
1796 4227 1891 4268 ore
1929 4211 2152 4281 spiritus
2177 4210 2347 4281 gratia

766 4311 970 4366 ditatus
1000 4325 1079 4375 es,
1127 4318 1182 4364 et
1219 4308 1297 4363 uti
1329 4306 1509 4360 favum
1544 4306 1719 4360 mellis
1748 4303 2094 4360 dulcedinem
2128 4311 2346 4357 tuorum

766 4417 1080 4459 sermonum
1135 4400 1293 4455 nobis
1333 4398 1636 4460 instillans,
1676 4396 1876 4450 divinis
1925 4393 2346 4466 cogitationibus

767 4492 1063 4547 Erclesiam
1087 4491 1182 4545 Dei
1213 4490 1472 4545 oblectas.
1507 4488 1850 4557 Quapropter
1874 4486 1929 4540 in
1955 4484 2092 4540 caelo
2118 4498 2345 4539 conver-

2519 2000 2789 2069 Εὐγενοῦς
2815 2001 3225 2073 ἀνεϐλάστησας
3258 2002 3435 2072 ῥίζης,
3470 2003 3623 2073 ῥόδον
3653 2004 3996 2075 κατέρυθρον
4016 2047 4031 2070 ,

2448 2091 2793 2163 βεϐαμμένον
2831 2096 3019 2165 χάρισι
3069 2097 3190 2158 ταῖς
3240 2097 3336 2148 τοῦ
3390 2095 3725 2166 Πνεύματος,
3780 2097 3871 2150 καὶ
3902 2101 4033 2162 τοὶς

2448 2183 2673 2248 πιστοὺς
2717 2186 3014 2250 εὐωδίασας
3034 2188 3232 2258 ὀσμαῖς
3275 2189 3724 2259 συγγραμμάτων
3792 2207 3899 2245 σου.
3968 2192 4037 2244 ἁ·-

2450 2278 2746 2344 ποστόλων,
2778 2278 3049 2351 ἀθλητῶν,
3104 2279 3198 2334 καὶ
3230 2280 3394 2334 ὁσίων
3424 2280 3496 2334 τὰ
3534 2282 3835 2352 σκάμματα
3897 2301 4033 2336 συν-

2444 2368 2771 2439 ταξάμενος,
2821 2363 2897 2423 ὦν
2948 2371 3042 2424 καὶ
3109 2370 3388 2442 σύστοιχος
3445 2371 3634 2443 ὤφθης
3663 2413 3679 2438 ,
3730 2374 4036 2444 θεοφάντορ

2447 2460 2694 2526 Συμεὼν,
2742 2463 2955 2534 τρυφῆς
3011 2466 3070 2517 ἐν
3142 2464 3305 2537 χλόῃ,
3347 2467 3413 2535 τῇ
3472 2468 3531 2517 ἑν
3590 2467 3768 2537 δρόσῳ
3796 2469 4034 2539 navari-

2453 2571 2630 2623 μενος.

2517 2648 2812 2719 Γραφικῶν
2848 2649 3080 2722 ὲξεχυοη
3117 2668 3231 2717 σου,
3274 2650 3524 2722 Συμεὼν,
3552 2653 3610 2707 ὲν
3639 2655 3758 2716 τοῖς
3800 2655 4037 2724 χείλεσι,

2446 2740 2543 2792 ’τοῦ
2594 2741 2750 2809 ἁγίου
2773 2742 3091 2814 Πνεύματος
3117 2745 3277 2815 χάρις
3308 2746 3566 2816 ἁρρητος.
3602 2747 3693 2799 Διὸ
3725 2747 3816 2799 τὸν
3853 2750 4041 2816 μάτην

2448 2832 2824 2903 καυχώμενον,
2852 2833 3081 2899 πλοκαῖς
3102 2836 3389 2903 διαλέξεων
3412 2837 3706 2907 teme-rga;
3734 2841 4039 2893 ταπεινοῖς.

2459 2926 2548 2990 Ὠς
2591 2927 2816 2998 καλάμη
2846 2928 2955 3000 γὰρ
2989 2934 3202 2998 γέγονε,
3245 2931 3385 2984 κατὰ
3429 2931 3720 3002 πρόσωπον
3744 2932 3836 2985 τοῦ
3860 2932 4042 2997 πυρὸς

2446 3022 2816 3092 τεφρουμένη,
2863 3021 2959 3075 καὶ
3018 3022 3080 3076 σὲ
3117 3023 3307 3093 μᾶλλοκ
3366 3024 3705 3094 μεγαλύνων,
3748 3025 4041 3096 ανεδείχίέη

2451 3114 2653 3187 βρύξας
2678 3114 2798 3178 νοός
2844 3132 2937 3169 σου
2985 3114 3084 3186 τὴν
3110 3116 3360 3188 δύναμιν.

2530 3302 2615 3365 Ὦς
2648 3302 2902 3373 θεράπων
2944 3303 3235 3373 γενόμενος
3267 3300 3361 3357 τοῦ
3398 3302 3557 3367 Θεοῦ,
3603 3306 3668 3359 ὲκ
3719 3305 3825 3359 τῶν
3854 3305 3918 3375 ἔρ
3932 3326 4045 3373 γων

2452 3409 2569 3456 σου,
2600 3391 2675 3455 ὡς
2704 3394 2873 3460 ἁγίων
2904 3394 3194 3464 σύσκηνος,
3225 3394 3319 3457 οὒς
3352 3395 3669 3465 ἀνύμνησας
3704 3396 3780 3458 ὡς
3824 3399 4046 3467 παρρη-

2452 3484 2573 3546 σίαν
2604 3485 2965 3555 κτησάμενος,
3016 3486 3207 3557 ἁγνείᾳ
3259 3485 3352 3539 τοῦ
3383 3486 3500 3556 βίον
3559 3502 3675 3551 σου,
3710 3485 4045 3557 θεορρήμων

2450 3576 2695 3642 Συμεὼν,
2730 3577 2837 3629 τῶν
2880 3577 3194 3647 ὑμνούντων
3237 3596 3295 3631 σε
3339 3580 3605 3648 μέμνησο,
3643 3577 3704 3631 τὸ
3735 3578 4049 3648 φιλάγαθον

2448 3669 2548 3736 τῆς
2579 3668 2758 3737 ψυχῆς
2800 3685 2893 3721 σον
2933 3668 3218 3735 δεικνύων,
3275 3670 3362 3723 ἵνα
3399 3670 3600 3733 πάντες
3630 3668 3724 3723 τοῦ
3770 3670 3907 3725 Θεοῦ
3948 3690 4046 3740 φι-

2449 3758 2788 3831 λανθρωπίᾳ,
2822 3763 3178 3833 πταισμάτων
3207 3762 3401 3830 ἄφεσιν
3438 3760 3707 3834 εὕρωμεν.

2995 3941 3169 4005 Δόξα,
3203 3941 3310 3996 Καὶ
3341 3940 3479 3995 νῦν.

2524 4032 2645 4086 Βίον
2667 4033 2851 4086 ἔνθεον
2883 4032 3254 4102 κατορθώσας,
3288 4033 3491 4103 θεωρίᾳ
3529 4033 3628 4102 τὴν
3664 4032 3871 4100 πρᾶξιν
3904 4052 4051 4088 κατ-

2451 4124 2807 4191 εκόσμησας,
2882 4122 3108 4192 Συμεὼν
3190 4123 3642 4193 παμμακάριστε.
3727 4124 3839 4193 Τὴν

2453 4217 2644 4286 σοφίαν
2679 4216 2909 4287 φιλήσας
2948 4215 3112 4286 ἔρωτι
3147 4214 3297 4285 θείῳ,
3332 4217 3396 4268 ἐκ
3428 4217 3697 4287 στόματος
3726 4217 3823 4269 τοῦ
3864 4219 4055 4270 [laed-

2454 4325 2623 4378 ματος
2674 4308 2775 4379 τὴν
2820 4308 2982 4377 χάριν
3024 4306 3500 4376 κατεπλούτησας,
3563 4310 3659 4361 καὶ
3710 4307 3787 4371 ὡς
3846 4309 4053 4377 κηρίον

2454 4399 2673 4469 μέλιτος
2710 4400 2803 4453 τὸν
2855 4400 3171 4469 γλυκασμόν
3200 4407 3300 4453 σου·
3341 4401 3451 4455 τῶν
3480 4403 3653 4470 λόγων
3709 4403 4057 4467 ἁποστάζιυν

2449 4493 2604 4561 ἡμῖν,
2668 4493 2981 4563 εὐφραίνεις
3034 4497 3269 4563 νοήμασι
3323 4494 3485 4558 θείοις
3546 4495 3643 4565 τὴν
3706 4496 4057 4565 Ἐκκλησίαν

3944 4126 4051 4193 γὰρ

766 4594 894 4639 s‘ans
949 4592 1111 4651 atque
1161 4581 1496 4642 inhabitans,
1529 4593 1626 4647 pro
1658 4576 1836 4639 nobis,
1870 4575 1964 4646 qui
2010 4586 2155 4629 tuam
2189 4588 2342 4628 com-

2450 4583 2711 4653 Χριστοῦ.
2777 4585 2867 4636 Διὸ
2923 4586 2982 4636 ὲν
3041 4584 3293 4655 οὐρανοῖς
3354 4585 3768 4656 ὲμιριλοχωρῶν,
3820 4588 4059 4649 αὐλιζό-

767 4673 1219 4728 memorationem
1249 4670 1578 4741 peragimus,
1610 4667 1987 4722 indesinenter
2011 4664 2182 4720 Deum
2218 4678 2350 4733 pec—

764 4783 913 4821 care.

1246 4851 1590 4905 Procimenon
1621 4847 1876 4919 Apostoli.

843 4960 1099 5016 hlirabilis
1161 4957 1308 5015 Deus
1380 4958 1434 5012 in
1488 4956 1694 5013 sanctis
1747 4957 1881 5012 suis.
1959 4954 2016 5011 in
2070 4953 2348 5021 Ecclesiis,

773 5067 868 5109 etc.
1166 5107 1169 5111 ,

746 5198 749 5203 ,
847 5150 927 5206 Ea:
951 5151 1187 5217 Epistola
1222 5150 1386 5204 Pauli
1414 5150 1484 5204 ad
1513 5148 1812 5204 Corinthios
1833 5148 2004 5202 lectio.

846 5323 1084 5389 Fratres,
1123 5324 1419 5393 unicuith
1446 5324 1606 5377 datur
1632 5323 1913 5389 revelatio,
1945 5332 2041 5376 etc.
2078 5338 2238 5391 usque
2259 5324 2349 5388 ad,

775 5415 1089 5485 unicuique,
1114 5424 1174 5470 ut
1208 5417 1340 5471 vult.

1064 5515 1405 5590 Euangelium
1433 5524 1715 5572 secundum
1740 5516 2071 5573 Mattha'um.

854 5617 992 5670 Vixit
1034 5615 1285 5670 Dominus
1344 5617 1620 5685 aiscipulis
1672 5636 1780 5672 suis
1812 5634 1827 5671 :
1865 5618 1961 5673 Vos
1993 5621 2117 5674 estis
2176 5628 2354 5673 lumen

2455 4690 2636 4741 μενος,
2678 4674 2817 4743 ὑπὲρ
2857 4675 3011 4744 ἡμῶν
3050 4674 3344 4737 ἀπαύστως
3400 4676 3666 4745 πρέσϐευε
3721 4676 3830 4728 τῶν
3887 4678 4061 4730 ἔκτε-

2451 4764 2686 4817 λούντων
2724 4766 2825 4835 τὴν
2863 4766 3086 4835 μνήμην
3123 4783 3238 4818 σου.

2755 4858 3161 4926 Προκείμενον
3194 4856 3302 4911 τοῦ
3336 4858 3721 4911 Ἀποστόλου.

2520 4965 2850 5036 Θαυμαστὸς
2899 4967 2927 5019 6
2972 4966 3106 5029 Θεὸς
3170 4968 3227 5019 ὲν
3283 4969 3400 5029 τοῖς
3453 4966 3631 5033 ἁγίοις
3680 4965 3875 5020 αὑτοῦ.
3958 4967 4062 5021 Ἐν

2452 5053 2826 5125 Ἐκκλησίαις.

2523 5153 2682 5219 Πρὸς
2758 5154 3109 5219 Κορινθίους
3178 5151 3549 5217 Ἐπιστολῆς
3609 5151 3855 5206 Παύλου
3902 5155 3983 5208 τὸ

3079 5223 3447 5291 ἀνάγνωσμα
3468 5259 3484 5275 .

2525 5320 2825 5389 Ἀδελφοί.
2888 5320 3151 5385 Ἐκὰστῳ
3184 5319 3476 5385 δίδοταιὴ
3520 5320 3887 5386 φανέρωσιρ,
3955 5326 4067 5375 :11

2453 5416 2523 5468 τὰ
2553 5413 2704 5482 ἑξῆς,
2740 5414 2843 5477 ἕως
2872 5413 2990 5479 τοῦ,
3040 5412 3313 5476 Ἐκάστῳ
3346 5411 3541 5476 καθὼς
3569 5411 3889 5471 βούλεται.

2710 5512 2780 5567 Τὸ
2804 5512 3178 5576 Εὐαγγέλιον
3221 5512 3289 5564 ἐκ
3327 5510 3433 5565 τοῦ
3463 5513 3788 5565 Ματθαίου.

2523 5615 2706 5672 Εἶπεν
2732 5622 2764 5673 ὀ
2795 5620 3009 5685 Κύριος
3052 5619 3177 5684 τοῖς
3221 5617 3438 5672 ἑαυτοῦ
3490 5619 3806 5686 μιιθηιαίς⁸
3856 5616 4065 5685 Ὑμετς

783 5709 979 5772 mundi,
1005 5716 1111 5762 etc.
1140 5723 1311 5779 usque
1337 5708 1426 5778 ad,
1455 5709 1554 5763 Hic
1589 5725 1811 5775 ntaquus
1837 5711 2175 5765 rocabituriu
2197 5727 2343 5781 regm

2456 5709 2596 5763 ἐστε
2639 5710 2704 5764 τὸ
2747 5709 2871 5779 φῶς
2898 5710 3004 5764 τοῦ
3036 5712 3291 5776 κόσμου,
3339 5711 3434 5763 καὶ
3480 5710 3547 5763 τὰ
3599 5711 3743 5778 ἑξῆς.
3784 5711 3891 5775 ἕως
3934 5714 4067 5775 τοῦ,

782 5800 1045 5852 (sclerum.

2461 5797 2651 5862 Οὗτος
2695 5801 2885 5871 μέγας
2928 5802 3297 5870 κληθήσεται
3359 5802 3428 5855 ὲι·
3488 5801 3557 5870 τῇ
3587 5802 3880 5869 ,Βασιλείᾳ
3938 5805 4063 5858 te}:

2459 5910 2489 5945 0
2500 5887 2754 5956 οἰωνῶν.
