4162 6474
742 404 850 465 223

1602 393 1978 454 SYMEONIS
2017 380 2593 449 ME'I‘APIIRAST/E
2621 376 3147 460 PRECATIONES

3909 368 4025 434 224

744 517 878 583 Quis
916 516 1091 585 eriget
1122 529 1206 567 me
1255 514 1308 564 in
1344 512 1538 564 talibus
1569 510 1726 562 malis
1754 508 2132 564 constitutum,
2164 512 2217 556 et
2273 502 2324 554 in

2432 510 2557 545 που.
2584 492 2678 553 Τίς
2712 492 3008 560 ἀναστήσει
3044 508 3111 560 με
3146 490 3238 542 τὸν
3268 491 3325 543 ἐν
3357 491 3631 552 τοσούτοις
3666 490 3889 551 κακοῖς,
3920 488 4023 539 καὶ

745 617 891 661 tanta
950 614 1167 676 peccata
1232 602 1482 671 lapsum?
1542 599 1599 653 In
1658 610 1741 661 te,
1792 597 2038 659 Domine,
2086 594 2323 665 speravi,
2383 647 2389 654 _

743 701 885 754 Deus
916 714 1069 751 meus
1099 698 1178 761 ;si
1202 705 1285 750 est
1308 696 1435 750 milii
1469 709 1593 763 spes
1623 692 1834 756 salutis,
1880 692 1924 746 si
1975 690 2144 743 vincit
2168 688 2324 742 beni-

741 793 916 861 gnitas
949 801 1037 843 tua
1088 789 1492 843 multitudinem
1554 784 1896 851 iniquitatum
1930 796 2196 841 mearum,
2250 779 2324 834 sis

743 882 875 936 mibi
931 881 1198 945 Salvator,
1248 892 1300 934 et
1346 878 1645 934 secundum
1688 876 2068 932 miserationes
2116 886 2236 929 tuas
2271 882 2326 927 et

743 974 1148 1027 misericordias
1178 983 1318 1035 tuas,
1366 972 1535 1037 solve,
1583 972 1819 1034 dimitte,
1870 980 1924 1023 et
1966 970 2144 1023 relaxa
2192 968 2323 1021 mihi

740 1076 942 1135 (planta
981 1067 1075 1121 tibi
1113 1067 1367 1136 peccavi;
1406 1066 1531 1136 quia
1577 1066 1759 1118 multis
1801 1064 1959 1118 malis
1999 1062 2219 1131 impleta
2245 1069 2327 1115 est

742 1161 919 1213 anima
952 1175 1093 1223 mea,
1123 1170 1177 1214 et
1212 1176 1320 1213 non
1349 1172 1433 1214 est
1464 1160 1519 1214 in
1553 1175 1637 1213 me
1663 1159 1853 1213 salutis
1879 1173 2026 1228 spes.
2066 1156 2327 1211 Miserere

742 1254 883 1311 mei,
949 1254 1126 1319 Deus,
1191 1255 1493 1308 secundum
1584 1268 1833 1325 magnam
1900 1251 2325 1305 misericordiam

746 1355 915 1407 tuam,
965 1354 1021 1399 et
1048 1361 1117 1399 ne
1147 1348 1418 1399 retribuas
1453 1345 1585 1399 mihi
1618 1346 1919 1399 secundum
1958 1359 2121 1413 opera
2169 1358 2325 1409 mea;

678 1448 681 1449 '
744 1438 839 1490 sed
869 1449 1150 1501 converte,
1176 1441 1416 1509 suscipe,
1449 1440 1619 1494 libera
1657 1440 1891 1492 animam
1915 1453 2091 1491 meam
2115 1453 2144 1490 a
2173 1437 2329 1490 malis

745 1528 797 1581 iu
825 1530 1023 1597 quibus
1049 1539 1173 1584 nata
1198 1540 1284 1584 est
1308 1540 1363 1584 et
1412 1531 1480 1585 ab
1506 1532 1815 1585 exitialibus
1857 1529 2324 1591 inclinationibus,

745 1623 889 1674 salva
926 1638 1011 1675 me
1048 1631 1269 1691 propter
1311 1622 1739 1677 misericordiam
1777 1633 1943 1683 tuam,
1991 1630 2049 1674 ut
2099 1620 2191 1673 ubi
2230 1619 2327 1671 ab-

748 1712 973 1765 undavit
1013 1713 1294 1776 delictum,
1329 1714 1738 1782 superabundet
1771 1717 1938 1784 gratia
1969 1723 2093 1774 tua;
2119 1723 2171 1766 et
2214 1712 2328 1765 lau-

746 1804 903 1865 dabo,
932 1813 981 1856 et
1022 1803 1333 1872 gloriﬁcabo
1364 1813 1415 1857 te
1436 1819 1653 1873 semper
1681 1805 1937 1858 omnibus
1967 1803 2165 1858 diebus
2205 1804 2329 1857 vitae

746 1910 898 1947 meae.
927 1892 1005 1946 Tu
1033 1909 1092 1948 es
1146 1896 1290 1948 enim
1335 1894 1479 1949 Deus
1520 1895 1927 1965 pmnitentium,
1990 1903 2045 1950 et
2081 1894 2328 1950 Salvator

748 1987 1112 2055 peccantium,
1139 1996 1193 2041 et
1218 1988 1310 2041 tibi
1341 1988 1568 2057 gloriam
1598 1988 1933 2044 conferimus
1956 2004 2080 2043 cum
2120 1998 2328 2043 αξιοι-[ιο

748 2090 841 2135 tuo
897 2081 1074 2144 Patre,
1132 2092 1186 2136 et
1230 2082 1594 2146 sanctissimo,
1652 2084 1797 2138 bono
1850 2092 1906 2138 et
1964 2084 2181 2138 vivilico
2237 2093 2328 2138 tuo

748 2175 961 2244 spiritu,
1022 2191 1169 2231 nunc
1233 2186 1287 2231 et
1335 2192 1573 2246 semper,
1626 2188 1681 2231 et
1732 2177 1787 2230 in
1846 2177 2043 2232 saecula
2106 2176 2329 2232 saeculo-

750 2286 889 2323 rum.
926 2274 1121 2323 Amen.

1293 2439 1477 2493 Versus
1529 2441 1781 2508 ejusdem.

747 2550 852 2616 Qui
885 2552 979 2605 das
1008 2554 1140 2607 mibi
1177 2568 1396 2608 carnem
1424 2564 1572 2608 tuam
1606 2571 1786 2610 escam
1818 2556 2017 2621 libens,

750 2644 853 2707 Qui
881 2644 1020 2713 ignis
1045 2660 1103 2698 es
1136 2645 1387 2715 indignos
1419 2662 1774 2711 consumens,

751 2735 828 2787 Ne
854 2752 939 2789 me.
968 2739 1278 2805 comburas,
1302 2738 1531 2793 Creator
1560 2755 1732 2795 meus.

751 2827 937 2880 Potius
984 2829 1125 2882 intra
1173 2829 1225 2882 in
1254 2830 1625 2884 membrorum
1660 2846 1904 2884 meorum
1957 2832 2326 2903 compagines,

752 2921 808 2972 In
836 2935 1026 2973 omnes
1057 2930 1227 2983 artus,
1268 2921 1322 2974 in
1348 2937 1507 2975 renes
1535 2932 1588 2976 et
1610 2936 1704 2976 cor
1735 2939 1935 2977 meum.

753 3010 862 3063 Ure
888 3020 1067 3063 autem
1097 3011 1280 3079 Spinas
1304 3014 1544 3066 omnium
1584 3029 1828 3068 meorum
1856 3014 2177 3072 delictorum
2207 3035 2222 3085 ;

753 3104 1005 3157 Animam
1041 3105 1297 3169 emunda,
1333 3115 1570 3160 mentem
1603 3108 1904 3171 sanetilica,

755 3195 927 3248 Frena
955 3196 1203 3259 obﬁrma,
1239 3212 1469 3267 ossaque
1495 3198 1656 3252 simul
1682 3216 1695 3264 ;

756 3289 1028 3342 Sensuum
1055 3289 1299 3342 illumina
1332 3290 1725 3359 quintuplicem
1767 3290 2077 3347 facultatem
2104 3335 2117 3359 ,

757 3379 954 3432 'l'otum
991 3396 1076 3433 me
1102 3390 1195 3433 tuo
1233 3381 1424 3435 timore
1453 3383 1763 3450 constringe
1790 3400 1803 3447 ;

759 3472 985 3538 Semper
1015 3471 1192 3540 vigila.
1217 3487 1389 3534 serva,
1418 3484 1471 3527 et
1496 3474 1704 3529 custodi
1743 3490 1849 3541 me,

760 3562 841 3614 Ab
867 3562 1011 3613 omni
1046 3567 1209 3632 opere
1238 3572 1291 3617 et
1314 3565 1479 3618 verbo
1500 3566 1734 3619 animam
1768 3567 2051 3636 perdente.

758 3651 1013 3716 l’uriiica,
1051 3657 1284 3710 emunda
1318 3670 1373 3711 et
1395 3658 1567 3728 dirige
1598 3674 1705 3723 me,

764 3745 998 3811 Exorna,
1027 3748 1234 3802 instrue
1273 3759 1328 3802 et
1359 3749 1600 3804 illumina
1630 3766 1735 3805 me.

762 3838 1004 3892 Ostende
1027 3856 1112 3894 me
1146 3841 1515 3896 habitaculum
1544 3842 1782 3913 Spiritus
1812 3846 2000 3910 solius,

768 3934 830 3986 Et
862 3949 1140 4002 nunquam
1172 3935 1435 3990 habitatio
1473 3939 1699 4006 peccati.

766 4025 836 4079 [τι
866 4026 1058 4079 domus
1082 4036 1170 4079 tua
1198 4027 1297 4080 sim
1321 4031 1721 4085 communionis
1750 4032 1917 4086 dono.

768 4116 838 4169 Ut
878 4118 1019 4187 ignis
1044 4134 1128 4172 me
1151 4119 1340 4189 fugiat,
1364 4122 1544 4175 omnis
1578 4123 1718 4175 male
1743 4139 1930 4193 agens,
1952 4126 2133 4180 omnis
2153 4126 2337 4192 libido,

769 4209 1160 4266 lntercessores
1181 4212 1349 4267 oll'ero
1374 4215 1466 4268 tibi
1494 4230 1686 4271 omnes
1710 4226 1951 4282 sanctos,

769 4304 1211 4372 Incorporeorum
1230 4307 1469 4372 ordines,

768 4393 1167 4449 l‘raecursorem
1196 4406 1373 4460 tuum,
1394 4400 1668 4468 sapientes
1700 4402 1995 4470 apostolos,

770 4488 834 4541 Et
862 4504 987 4541 cum
1014 4489 1099 4543 liis
1133 4499 1277 4545 tuam
1316 4508 1502 4560 puram
1545 4506 1600 4548 et
1651 4496 2049 4551 immaculatem
2080 4496 2338 4560 Matrem:

2432 585 2706 644 τοεοᾷτοις
2768 583 3134 652 περιπεσόντα
3185 582 3687 653 πλημμελήμασιν;
3732 582 3853 634 Ἐπὶ
3908 582 4022 645 σον,

2431 676 2628 742 Κύριε,
2657 676 2880 745 ἤλπισα,
2929 677 2956 727 ὁ
2986 675 3116 736 Θεὸς
3161 693 3299 745 μου·
3334 678 3381 728 εί
3430 676 3545 728 ἔστι
3593 693 3684 745 μοι
3738 672 4025 742 σωτηρίας

2430 771 2608 833 ἐλπὶς,
2670 770 2717 823 εἰ
2769 771 2895 839 νικᾷ
2927 770 2959 840 ἡ
2994 768 3375 837 φιλανθρωπία
3406 788 3500 822 σου
3546 770 3618 822 τά
3670 768 3849 838 πλήθη
3907 768 4025 819 τῶν

2430 866 2668 935 ἀνομιῶν
2704 884 2828 936 μου,
2864 865 3024 934 γενοῦ
3073 883 3161 936 μοι
3192 866 3404 937 Σωτὴρ,
3457 866 3548 920 καὶ
3600 866 3743 919 κατὰ
3775 866 3901 927 τοὺς
3932 865 4021 914 οί-

2432 957 2697 1029 κτιρμούς
2742 975 2836 1011 σου
2879 958 2972 1009 καὶ
3004 958 3071 1009 τὰ
3102 958 3229 1027 am,
3259 974 3377 1021 σου,
3421 959 3568 1024 ἁνες,
3607 960 3762 1026 ἄφες,
3798 955 4021 1023 συγχὼο

2440 1051 2608 1121 ρησόν
2646 1068 2737 1119 μοι
2768 1052 2942 1104 πάντα
2992 1052 3091 1102 ὅσα
3126 1067 3208 1103 σοι
3237 1052 3485 1120 ἥμαρτον
3508 1068 3520 1080 ·
3554 1052 3632 1103 ὅτι
3666 1049 3878 1102 πολλῶν
3913 1066 4025 1102 καθ

2434 1145 2543 1197 κῶν
2568 1148 2600 1214 ὴ
2632 1144 2776 1215 ψυχή
2809 1162 2912 1213 μου
2942 1141 3208 1213 ἐπλήσθη,
3244 1145 3338 1195 καὶ
3365 1144 3465 1196 οὐκ
3490 1144 3636 1196 ἔστιν
3666 1146 3722 1196 ἐν
3748 1144 3871 1208 ἐμοὶ
3908 1161 4024 1194 σω-

2433 1237 2632 1306 τηρίας
2678 1236 2854 1300 ὲλπὶς,
2907 1235 3130 1305 ἐλέησόν
3163 1251 3249 1304 με,
3304 1235 3332 1286 ὁ
3375 1234 3532 1299 Θεὸς,
3565 1235 3708 1288 κατὰ
3758 1236 3817 1287 τὸ
3869 1236 4027 1305 μέγα.

2431 1328 2584 1390 ἔλεός
2617 1346 2709 1380 σου
2734 1370 2748 1394 ,
2775 1329 2869 1381 καὶ
2906 1327 2980 1399 μὴ
3011 1328 3265 1397 ἁποδῴης
3326 1347 3416 1399 μοι
3446 1328 3585 1380 κατὰ
3610 1328 3676 1381 τὰ
3702 1328 3837 1398 ἔργα
3876 1346 3983 1398 μου
4010 1346 4021 1358 ⁸

2431 1421 2544 1475 ἀλλ’
2596 1420 2950 1491 ἐπίστρεψον,
2999 1421 3317 1486 άντιλαδοῦ,
3365 1422 3530 1492 ῥῦσαι
3558 1420 3655 1490 τὴν
3681 1421 3862 1491 ψυχήν
3910 1437 4026 1488 μου

2430 1512 2536 1565 ἀπὸ
2567 1512 2677 1564 τῶν
2706 1513 3068 1581 συμφυέντων
3098 1513 3234 1582 αὐτῇ
3271 1511 3477 1577 κακῶν,
3536 1514 3627 1564 καὶ
3660 1512 3848 1565 δεινῶν
3881 1528 4028 1580 προ-

2432 1604 2647 1673 λήψεων
2671 1621 2684 1634 ·
2710 1604 2885 1657 σῶσόν
2934 1622 3000 1674 με
3047 1606 3234 1658 ἕνεκεν
3268 1604 3363 1657 τοῦ
3397 1606 3580 1666 ἐλέους
3614 1622 3730 1666 σου,
3764 1605 3848 1656 ἵνα
3876 1606 4024 1655 ὅπου

2432 1699 2464 1765 ἡ
2520 1696 2768 1766 ἁμαρτία
2815 1697 3165 1762 ιπλεόνασεν,
3222 1696 3704 1766 ὑπερπερισσεύσῃ
3762 1698 3794 1764 ή
3852 1696 4028 1767 χάρις

2435 1806 2558 1841 σου·
2589 1790 2685 1841 καὶ
2713 1793 2935 1852 αἰνέσω,
2967 1790 3060 1842 καὶ
3093 1790 3303 1853 δοξάσω
3350 1806 3406 1841 σε
3449 1789 3535 1843 διὰ
3582 1790 3802 1851 παντὸς,
3835 1790 4030 1850 πασας

2431 1882 2528 1945 τας
2560 1883 2771 1952 ἡμέρας
2797 1882 2897 1950 τῆς
2922 1881 3070 1952 ζωῆς
3107 1900 3226 1952 μου.
3259 1884 3330 1935 Σὺ
3354 1883 3461 1953 γάρ
3487 1879 3538 1934 εἴ
3556 1882 3688 1944 Θεὸς
3712 1882 3818 1933 τῶν
3845 1900 4021 1950 μετα-

2433 1974 2721 2038 νοούντων,
2756 1976 2850 2029 καὶ
2894 1975 3086 2046 Σωτὴρ
3126 1976 3235 2029 τῶν
3286 1976 3738 2046 ἁμαρτανόντων,
3772 1978 3865 2028 καὶ
3922 1976 4031 2027 σοῦ

2433 2068 2532 2138 τὴν
2563 2068 2720 2131 δόξαν
2754 2068 3153 2139 ἁναπέμπομεν
3197 2068 3295 2120 σὺν
3327 2069 3403 2139 τῷ
3438 2069 3660 2137 ἁνάρχῳ
3688 2085 3778 2120 σου
3817 2068 4028 2136 Πατρὶ,

2434 2161 2624 2230 καὶτῷ
2655 2162 2927 2232 παναγίῳ,
2956 2161 3049 2213 καὶ
3076 2160 3287 2230 ἀγαθῷ,
3312 2161 3404 2213 καὶ
3436 2159 3686 2228 ζωοποιῷ
3719 2177 3811 2211 σου
3842 2160 4035 2211 five-.3-

2437 2271 2587 2323 ματι,
2629 2252 2724 2304 νῦν
2772 2254 2867 2307 καὶ
2892 2255 2997 2318 ἀεὶ,
3056 2254 3151 2305 καὶ
3196 2256 3277 2316 εἰς
3310 2256 3433 2315 τοὺς
3488 2254 3690 2317 αἰῶνας
3724 2254 3830 2306 τῶν
3880 2253 4031 2306 aid:-

2437 2364 2562 2399 νων.
2617 2346 2669 2398 Ἀ
2682 2346 2811 2416 μήν.

2925 2439 3126 2507 Στίχοι
3162 2437 3266 2492 τοῦ
3297 2436 3501 2491 αὐτοῦ.

2446 2552 2504 2603 Ὀ
2538 2553 2659 2614 δοὺς
2683 2552 2889 2622 τροφήν
2922 2569 3011 2622 μοι
3036 2552 3216 2623 σάρκα
3253 2552 3351 2622 σὴν
3376 2554 3663 2616 ἑκουσιως,

2449 2643 2505 2696 ’0
2540 2643 2650 2713 πῦρ
2681 2645 2962 2713 ὑπάρχων,
2993 2646 3088 2697 καὶ
3113 2644 3326 2713 φλέγων
3353 2644 3625 2707 ἀναξίους,

2434 2737 2525 2807 Μὴ
2547 2734 2612 2807 δὴ
2642 2738 2987 2809 καταφλέξῃς
3025 2755 3114 2807 με,
3149 2738 3245 2807 μὴ,
3281 2736 3628 2807 πλαστουργέ
3663 2753 3763 2804 μου

2435 2830 2652 2882 Μᾶλλον
2681 2829 2858 2883 δίελθε
2890 2831 3027 2902 πρὸς
3063 2828 3240 2898 μελῶν
3278 2846 3377 2899 μου
3407 2828 3710 2888 συνθέσεις.

2435 2922 2529 2983 Εἰς
2557 2922 2761 2986 πάντας
2794 2924 3028 2992 ἁρμοὺς,
3060 2924 3139 2976 εἰς
3167 2922 3420 2992 νεερροῦς,
3450 2922 3531 2982 εἰς
3560 2917 3806 2988 καρδίαν.

2435 3014 2630 3079 Φλὲξον
2662 3014 2706 3067 δ’
2739 3013 2981 3076 ἀκάνθας
3008 3013 3117 3066 τῶν
3146 3013 3282 3067 ὅλων
3321 3030 3423 3082 μου
3457 3011 3813 3080 πταισμάτων
3833 3029 3844 3043 ·

2437 3105 2629 3175 Ψυχὴν
2663 3105 2924 3176 κάθαρον,
2954 3107 3184 3174 ἁγίασον
3216 3106 3311 3168 τὰς
3341 3106 3568 3176 φρένας,

2362 3202 2403 3259 C
2440 3198 2548 3260 Τὰς
2577 3198 2730 3268 ἡνίας
2763 3198 3015 3268 στήριξον
3044 3199 3258 3262 ὀστέοις
3288 3199 3402 3269 ἃμα
3428 3217 3442 3230 ·

2437 3290 2752 3361 Αἱσϐήσεων
2784 3291 3020 3359 φώτισον
3051 3291 3229 3360 ἁπλῆν
3260 3291 3501 3344 πεντάδα
3527 3309 3539 3321 ·

2442 3382 2602 3434 ’Ὀλον
2632 3398 2697 3450 με
2724 3382 2804 3451 τῷ
2837 3382 2914 3450 σῷ
2948 3382 3371 3452 συγκαθήλωσον
3400 3382 3549 3452 φόϐῳ
3573 3399 3586 3411 ·

2454 3474 2567 3526 Ἀεὶ
2596 3474 2787 3539 σκέπε,
2824 3474 3052 3545 φρούρει
3082 3491 3138 3526 τε
3174 3474 3266 3526 καὶ
3294 3473 3527 3543 φύλαττέ
3556 3490 3645 3543 με,

2450 3569 2547 3620 Ἐκ
2582 3568 2780 3631 παντὸς
2812 3568 2975 3639 ἔργου
3007 3571 3099 3623 καὶ
3133 3570 3291 3637 λόγου
3321 3567 3666 3640 ψυχοφθόρου

2444 3661 2691 3727 Ἀγνιζε,
2723 3660 2818 3714 καὶ
2848 3661 3078 3732 κάθαιρε,
3118 3663 3213 3714 καὶ
3244 3658 3475 3732 ῥύομιξέ
3516 3679 3607 3731 με,

2442 3750 2714 3817 Κάλλυνε,
2747 3750 3013 3815 συνέτιζε,
3045 3752 3140 3803 καὶ
3172 3750 3372 3819 φώτιζὲ
3401 3769 3465 3819 με
3493 3769 3507 3781 ·

2444 3843 2627 3909 Δεῖξον
2661 3861 2727 3912 με
2758 3844 2848 3897 σὸν
2878 3844 3140 3913 σκήνωμα
3171 3845 3481 3912 πνεύματος
3515 3842 3698 3913 μόνου,

2442 3936 2555 3987 Καὶ
2586 3936 2781 4006 μηκέτι
2813 3938 3076 4007 σκήνωμα
3102 3938 3201 4006 τῆς
3227 3936 3524 4007 ἁμαρτίας,

2446 4030 2545 4082 Ἰν’
2571 4030 2647 4092 ὡς
2680 4031 2771 4085 σὺν
2798 4027 2947 4083 οἷκον
2976 4031 3168 4101 εἰσόδῳ
3197 4034 3485 4095 κοινωνίας
3508 4048 3520 4061 ·

2456 4124 2543 4186 Ὠς
2569 4124 2681 4193 πῦρ
2719 4140 2785 4193 με
2813 4123 3012 4194 φεύγῃ.
3044 4124 3151 4186 πᾶς
3185 4123 3514 4193 κακοῦργος,
3542 4127 3651 4178 πᾶν
3678 4124 3874 4188 πάθος,

2445 4217 2709 4288 Ιιρέσϐεις
2733 4217 2882 4286 φέρω
2909 4233 2991 4268 σοι
3025 4218 3231 4279 πάντας
3262 4218 3652 4287 ήγιασμένους,

2446 4309 2556 4371 Τὰς
2591 4309 2914 4379 ταξιαρχίας
2943 4325 3001 4360 τε
3028 4309 3136 4360 τῶν
3169 4309 3501 4376 ἀσωμάτων.

2447 4402 2549 4453 Τὸν
2574 4401 2877 4471 πρόδρομον
2910 4417 3027 4464 σου,
3059 4401 3185 4463 τοῦς
3216 4402 3412 4468 σοφοὺς
3441 4401 3790 4463 ἀποστόλους,

2449 4493 2590 4561 Πρὸς
2618 4492 2790 4545 τοῖσδε
2824 4492 2922 4562 σὴν
2960 4493 3227 4562 ἄχραντον
3256 4494 3430 4563 ἁγνὴν
3457 4494 3685 4563 Μητέρα
3708 4511 3719 4522 ·

767 4580 1010 4643 Quorum
1040 4588 1337 4648 orationes,
1364 4586 1696 4648 misericors,
1730 4589 1968 4658 suscipe,
2006 4587 2221 4646 Christe
2244 4594 2330 4658 mi,

2452 4580 2552 4637 Ὧν
2580 4585 2676 4646 τὰς
2703 4585 2877 4647 λιτάς,
2910 4584 3271 4655 εῦσπλαγχνε,
3304 4585 3474 4650 δέξαι,
3510 4587 3713 4655 Χριστέ
3749 4603 3874 4654 μου,

770 4667 835 4720 Et
871 4670 1037 4723 lilium
1076 4671 1211 4725 lucis
1246 4682 1393 4725 tuum
1426 4689 1643 4729 servum
1673 4677 1844 4732 ellice.

773 4758 850 4811 'l‘u
878 4762 1025 4813 enim
1070 4777 1129 4815 es
1163 4763 1311 4817 solus
1340 4765 1693 4820 sanctiﬁcatio
1727 4778 1930 4834 nostra,

728 4878 741 4895 ε
772 4850 815 4902 0
841 4850 1002 4917 bone,
1051 4853 1463 4924 animarumque
1484 4866 1793 4911 nostrarum
1821 4860 2111 4929 splendor;

773 4943 836 4995 Et
870 4943 983 5003 tibi,
1012 4954 1068 4998 ut
1090 4944 1264 5007 decet,
1286 4954 1539 5014 tanquam
1575 4946 1682 5001 Deo
1712 4966 1773 5003 ac
1802 4949 2029 5006 Domino

771 5035 1005 5089 Gloriam
1035 5052 1224 5092 omnes
1251 5039 1493 5095 auotidie
1520 5040 1849 5096 oderimus;

2449 4678 2559 4729 Καὶ
2585 4678 2759 4743 φωτὸς
2796 4677 2961 4729 παῖδα
2983 4676 3072 4729 τον
3109 4677 3200 4730 σὺν
3230 4677 3465 4746 ἐργασαι
3491 4678 3697 4745 λάτριν.

2449 4770 2521 4822 Σὺ
2550 4770 2657 4840 γὰρ
2688 4769 2952 4838 ὑπάρχεις
2984 4770 3253 4838 ἁγιασμὸς
3279 4771 3369 4824 καὶ
3406 4771 3565 4839 μόνος

2461 4860 2671 4929 Ἠμῶν,
2700 4862 2893 4927 ἀγαθὲ,
2928 4862 3033 4914 τῶν
3058 4863 3246 4932 ψυχῶν
3276 4864 3369 4916 καὶ
3399 4863 3721 4933 λαμπρότης
3743 4880 3757 4893 ³

2452 4955 2563 5006 Καὶ
2598 4954 2685 5005 σοὶ
2716 4954 3031 5023 πρεπόντως
3068 4954 3141 5017 ὡς
3173 4956 3290 5024 Θεῷ
3323 4956 3415 5008 καὶ
3446 4956 3690 5025 Δεσπότῃ

2448 5044 2618 5108 Δόξαν
2655 5043 2896 5109 ἅπαντες
2928 5047 3219 5115 πέμπομεν
3252 5048 3369 5100 καθ’
3397 5047 3632 5118 ἡμέραν.
