4162 6474
733 402 842 463 223

1594 392 1971 452 SYMEONIS
2011 378 2586 448 ME'l‘APlIRAST/E
2614 374 3139 457 PRECATIONES

3902 365 4025 431 224

736 515 871 580 Quis
909 514 1083 583 eriget
1113 527 1199 565 me
1247 511 1300 563 in
1336 510 1530 562 talibus
1562 508 1718 560 malis
1747 506 2125 562 constitutum,
2156 510 2210 554 et
2265 500 2317 552 in

2425 508 2549 543 που.
2576 490 2671 552 Τίς
2704 490 3001 558 ἀναστήσει
3037 506 3103 558 με
3139 488 3230 540 τὸν
3262 488 3317 540 ἐν
3349 489 3623 550 τοσούτοις
3660 488 3883 548 κακοῖς,
3913 485 4023 537 καὶ

737 616 885 659 tanta
942 612 1159 674 peccata
1225 600 1474 669 lapsum?
1535 597 1591 651 In
1650 607 1734 659 te,
1785 595 2031 657 Domine,
2078 592 2316 663 speravi,
2375 645 2382 652 _

735 699 877 751 Deus
909 712 1061 749 meus
1092 696 1170 760 ;si
1195 702 1277 749 est
1301 694 1427 748 mihi
1461 707 1585 761 spes
1615 690 1827 753 salutis,
1873 690 1916 744 si
1967 688 2136 740 vincit
2161 686 2317 740 beni-

734 790 908 859 gnitas
941 798 1029 841 tua
1080 786 1483 840 multitudinem
1546 783 1889 849 iniquitatum
1922 793 2188 839 mearum,
2243 778 2317 832 sis

737 881 867 933 mihi
923 878 1191 943 Salvator,
1240 889 1293 933 et
1338 877 1638 931 secundum
1681 874 2061 930 miserationes
2108 884 2229 927 tuas
2264 881 2318 924 et

735 971 1140 1025 misericordias
1170 980 1311 1033 tuas,
1358 969 1528 1035 solve,
1575 970 1811 1032 dimitte,
1863 978 1917 1021 et
1959 968 2136 1021 relaxa
2184 965 2315 1019 mihi

733 1075 935 1132 quanta
972 1064 1067 1118 tibi
1107 1064 1360 1133 peccavi;
1398 1064 1523 1134 quia
1570 1063 1752 1116 multis
1794 1062 1950 1116 malis
1992 1060 2212 1128 impleta
2236 1068 2319 1113 est

735 1158 912 1209 anima
944 1172 1086 1221 mea,
1115 1167 1169 1212 et
1205 1173 1312 1211 non
1341 1170 1426 1212 est
1456 1158 1511 1212 in
1546 1174 1630 1211 me
1656 1157 1846 1211 salutis
1872 1171 2019 1226 spes.
2059 1154 2319 1208 Miserere

734 1252 875 1308 mei.
942 1251 1118 1317 Deus,
1183 1253 1486 1306 secundum
1576 1266 1825 1323 magnam
1891 1249 2317 1303 misericordiam

738 1352 908 1405 tuam,
957 1353 1013 1396 et
1041 1359 1109 1397 ne
1140 1346 1411 1398 retribuas
1445 1344 1577 1397 mihi
1611 1344 1911 1397 secundum
1950 1356 2113 1411 opera
2161 1355 2317 1407 mea;

670 1444 673 1449 '
736 1435 831 1488 sed
861 1446 1142 1499 converte,
1168 1438 1409 1507 suscipe,
1442 1438 1611 1491 libera
1649 1438 1883 1490 animam
1907 1451 2083 1489 meam
2107 1450 2136 1488 a
2165 1435 2321 1488 malis

737 1526 789 1578 iu
818 1528 1015 1595 quibus
1042 1537 1166 1582 nata
1191 1538 1277 1582 est
1301 1538 1356 1582 et
1405 1528 1473 1583 ab
1498 1530 1807 1583 exitialibus
1850 1526 2317 1589 inclinationibus,

737 1621 882 1672 salxa
918 1636 1003 1673 me
1040 1629 1262 1689 propter
1303 1620 1731 1674 misericordiam
1770 1631 1935 1681 tuam,
1983 1628 2041 1672 ut
2091 1618 2183 1671 ubi
2222 1617 2320 1669 ab-

740 1710 965 1763 undavit
1004 1710 1286 1775 delictum,
1321 1712 1731 1780 superabundet
1763 1714 1930 1782 gratia
1961 1720 2085 1772 tua;
2111 1720 2164 1764 et
2206 1710 2321 1763 lau-

738 1802 896 1863 dabo,
924 1811 973 1854 et
1015 1801 1326 1870 gloriﬁeabo
1357 1810 1406 1855 te
1428 1817 1645 1871 semper
1674 1802 1928 1856 omnibus
1960 1801 2157 1856 diebus
2197 1802 2321 1855 vitm

740 1908 891 1945 meae.
920 1890 997 1944 Tu
1026 1906 1084 1945 es
1138 1894 1283 1946 enim
1328 1892 1471 1947 Deus
1512 1892 1920 1963 pmnitentium,
1982 1900 2038 1947 et
2073 1892 2321 1947 Salvator

740 1985 1105 2053 peccantium,
1131 1994 1185 2039 et
1211 1986 1302 2039 tibi
1334 1986 1560 2056 gloriam
1590 1986 1926 2042 conferimus
1948 2002 2072 2041 cum
2114 1997 2321 2042 aeterno

741 2088 834 2133 tuo
890 2078 1066 2142 Patre,
1123 2090 1178 2134 et
1223 2080 1587 2144 sanctissimo,
1644 2082 1790 2135 bono
1843 2090 1899 2135 et
1956 2081 2174 2136 viviﬁco
2230 2091 2321 2136 tuo

740 2173 954 2241 spiritu,
1014 2189 1161 2229 nunc
1224 2184 1279 2229 et
1327 2189 1565 2244 semper,
1618 2185 1673 2229 et
1724 2175 1779 2227 in
1838 2175 2036 2230 saecula
2098 2174 2322 2229 sarculo-

743 2284 882 2320 rum.
918 2272 1113 2321 Amen.

1285 2436 1469 2490 Versus
1521 2438 1773 2505 ejusdem.

740 2548 845 2613 Qui
878 2550 971 2603 das
1000 2551 1132 2604 mihi
1169 2566 1388 2606 carnem
1416 2561 1564 2606 tuam
1599 2568 1779 2607 escam
1811 2553 2010 2619 libens,

741 2641 845 2705 Qui
873 2642 1012 2710 ignis
1037 2658 1095 2696 es
1129 2643 1379 2713 indignos
1411 2660 1766 2709 consumens,

743 2733 821 2784 Ne
846 2750 932 2787 nm
960 2737 1270 2803 comburas,
1294 2735 1524 2790 Creator
1553 2752 1724 2792 meus.

744 2825 929 2878 i'otius
976 2827 1118 2879 intra
1164 2826 1217 2880 in
1246 2828 1617 2882 membrorum
1654 2843 1897 2883 meorum
1949 2830 2319 2902 compagines,

744 2918 801 2969 In
828 2933 1018 2971 omnes
1049 2927 1219 2980 artus,
1261 2920 1315 2972 in
1340 2935 1498 2974 renes
1527 2929 1581 2974 et
1602 2934 1697 2974 cor
1727 2937 1928 2975 meum.

745 3008 854 3061 Ure
880 3018 1059 3062 autem
1089 3009 1272 3077 spinas
1296 3011 1537 3064 omnium
1576 3026 1820 3066 meorum
1848 3012 2170 3070 delictorum
2200 3033 2215 3082 ;

745 3102 997 3155 Animam
1034 3104 1290 3167 emunda,
1325 3114 1563 3158 mentem
1596 3106 1896 3169 sanctiﬁca,

747 3192 919 3247 Frena
947 3194 1195 3257 obﬁrma,
1232 3211 1462 3264 ossaque
1487 3196 1650 3250 simul
1674 3214 1688 3261 ;

748 3286 1020 3339 Seusuum
1047 3287 1291 3341 illumiua
1324 3288 1717 3357 quintuplicem
1760 3289 2110 3355 facultatem,

750 3378 946 3429 Tutum
983 3393 1069 3431 me
1095 3388 1187 3432 tuo
1225 3379 1416 3432 timore
1445 3381 1756 3447 constringe
1782 3398 1796 3444 ;

752 3470 977 3536 Semper
1007 3469 1184 3537 vigila.
1210 3485 1381 3533 serva,
1410 3482 1463 3525 et
1489 3472 1696 3526 custodi
1735 3487 1842 3539 me,

753 3560 833 3611 Ab
860 3560 1004 3611 omni
1038 3565 1201 3630 opere
1231 3570 1284 3615 et
1306 3562 1471 3616 verbo
1493 3564 1727 3617 animam
1760 3564 2043 3634 perdente.

752 3649 1007 3714 l’uriﬁca,
1044 3655 1276 3709 emuuda
1311 3668 1365 3709 et
1388 3656 1560 3726 dirige
1591 3672 1698 3721 me,

756 3742 990 3809 Exorua,
1019 3745 1227 3800 instrue
1266 3757 1319 3800 et
1351 3746 1592 3802 illumina
1622 3764 1727 3803 me.

754 3836 996 3891 Ostende
1019 3854 1104 3892 me
1139 3838 1507 3894 habitaculum
1536 3840 1774 3911 Spiritus
1804 3844 1993 3907 solius,

760 3932 823 3984 Et
854 3946 1132 4000 nunquam
1165 3932 1427 3988 habitatio
1465 3937 1691 4004 peccati.

758 4023 828 4077 l't
858 4024 1050 4078 domus
1074 4034 1163 4077 tua
1190 4025 1290 4078 sim
1313 4028 1713 4083 communionis
1743 4029 1909 4084 dono.

759 4114 830 4168 Ut
870 4115 1011 4185 ignis
1036 4132 1120 4170 me
1144 4117 1333 4187 fugiat,
1356 4120 1536 4173 omnis
1571 4120 1710 4173 male
1736 4137 1922 4192 agens,
1944 4124 2125 4178 omnis
2145 4124 2329 4190 libido,

761 4207 1152 4264 Intercessores
1173 4210 1341 4264 olTero
1367 4212 1458 4266 tibi
1486 4228 1678 4269 omnes
1702 4224 1944 4280 sanctos,

761 4302 1203 4370 Iucorporeorum
1223 4305 1461 4369 ordines,

760 4391 1159 4447 l‘raecursorem
1188 4403 1366 4458 tuum,
1387 4398 1660 4465 sapientes
1692 4400 1987 4468 apostolos,

762 4486 826 4538 Et
854 4502 978 4540 cum
1006 4487 1091 4541 his
1125 4497 1270 4541 tuam
1308 4505 1495 4558 puram
1538 4503 1593 4545 et
1643 4493 2042 4549 immaculatem
2073 4494 2331 4558 Matrem;

2425 583 2698 643 τοσοὲτοις
2760 581 3127 650 περιπεσόντα
3178 580 3679 651 πλημμελήμασινς
3724 580 3845 631 Ἐπὶ
3902 579 4020 643 σοὶ,

2423 674 2620 740 Κύριε,
2649 674 2873 743 ἤλπισα,
2922 674 2949 724 ὁ
2978 672 3109 734 Oed;
3154 691 3292 743 μου·
3327 675 3373 725 εἰ
3423 674 3538 725 ἔστι
3586 691 3676 743 μοι
3731 670 4022 740 σωτηρίας

2422 769 2601 831 ὲλπῖς,
2662 768 2709 820 εἰ
2761 768 2887 836 νικᾷ
2920 768 2951 837 ή
2986 765 3367 835 φιλανθρωπία
3399 785 3492 820 σου
3539 768 3610 820 τά
3662 765 3841 836 πλήθη
3900 764 4023 817 τῶν

2422 863 2660 934 ἀνομιῶν
2697 881 2820 934 μου,
2857 863 3017 931 γενοῦ
3066 881 3153 933 μοι
3184 864 3396 934 Σωτὴρ,
3450 864 3541 917 καὶ
3593 863 3735 917 κατᾶ
3767 864 3893 924 τοὺς
3926 863 4019 912 oi-

2424 955 2690 1027 κτιρμούς
2734 973 2828 1009 σου
2871 956 2964 1007 καὶ
2996 956 3064 1007 τὰ
3095 956 3221 1025 ἐλέη
3252 972 3370 1019 σου,
3413 956 3560 1021 ἄνες,
3600 958 3755 1025 ἄφες,
3790 952 4019 1021 συγχώ-

2432 1049 2600 1119 ρησόν
2638 1066 2729 1117 μοι
2761 1050 2935 1102 πάντα
2984 1050 3083 1100 ὃσα
3119 1065 3201 1101 σοι
3229 1050 3477 1118 ἥμαρτον
3500 1066 3512 1078 ·
3546 1050 3624 1101 ὅτι
3659 1048 3871 1100 πολλῶν
3907 1064 4023 1100 και

2425 1143 2535 1195 κῶν
2560 1145 2592 1213 ἠ
2624 1141 2768 1213 ψυχή
2802 1160 2904 1211 μου
2934 1139 3201 1211 ἐπλήσθη,
3236 1142 3330 1193 καὶ
3358 1142 3457 1194 οὐκ
3483 1142 3629 1194 ἔστιν
3659 1143 3715 1193 ἑν
3741 1142 3863 1206 ἐμοὶ
3900 1159 4021 1192 σω-

2425 1235 2625 1303 τηρίας
2670 1234 2846 1298 ἐλπὶς,
2899 1233 3123 1303 ἐλέησόν
3155 1248 3242 1302 με,
3296 1233 3324 1284 ὁ
3368 1232 3524 1296 Θεὸς,
3557 1234 3701 1286 κατὰ
3750 1234 3810 1285 τὸ
3862 1233 4023 1303 μέγα

2423 1327 2576 1388 ἔλεός
2610 1345 2702 1379 σου
2726 1368 2739 1391 ,
2768 1327 2861 1379 καὶ
2897 1326 2972 1397 μὴ
3003 1326 3257 1395 ἀποδῲης
3318 1344 3409 1396 μοι
3438 1326 3577 1378 κατὰ
3602 1326 3669 1379 τὰ
3696 1326 3829 1396 ἔργα
3868 1344 3978 1396 μου
4006 1344 4019 1356 ο

2423 1419 2537 1473 ἀλλ’
2588 1418 2942 1490 ὲπίστρεψον,
2992 1419 3310 1484 ἀντιλαϐοὗ,
3358 1420 3522 1489 ῥῦσαι
3551 1418 3648 1488 τὴν
3674 1419 3854 1488 ψυχήν
3904 1435 4023 1487 μου

2423 1510 2529 1562 ἀπὸ
2559 1510 2669 1562 τῶν
2699 1511 3060 1579 συμφυέντων
3090 1510 3227 1580 αὐτῇ
3263 1508 3469 1574 κακῶν,
3529 1512 3620 1562 καὶ
3652 1509 3841 1562 δεινῶν
3873 1526 4025 1579 προ-

2424 1602 2640 1671 λήψεων
2663 1619 2676 1633 ·
2703 1602 2878 1655 σῶσόν
2926 1620 2992 1672 με
3040 1604 3227 1657 ἕνεκεν
3261 1602 3356 1655 τοῦ
3389 1603 3573 1665 ἐλέους
3606 1620 3723 1664 σου,
3756 1604 3841 1655 ἵνα
3869 1604 4020 1654 ὅπου

2425 1697 2456 1763 ή
2513 1694 2760 1764 ἁμαρτία
2807 1695 3157 1760 ἐπλεόνασεν,
3214 1694 3697 1765 ὑπερπερισσεύση
3756 1695 3786 1762 ἠ
3845 1694 4025 1765 χάρις

2427 1804 2551 1839 σου·
2582 1788 2678 1839 καὶ
2706 1791 2928 1849 αἰνέσω,
2958 1788 3052 1840 καὶ
3085 1788 3295 1851 δοξάσω
3342 1805 3399 1840 σε
3440 1788 3527 1841 διὰ
3573 1788 3795 1849 παντὸς,
3828 1789 4026 1849 πάσας

2356 1860 2394 1912 Β
2423 1880 2521 1943 τὰς
2552 1880 2763 1951 ἡμέρας
2789 1880 2889 1948 τῆς
2915 1879 3062 1950 ζωῆς
3099 1898 3218 1950 μου.
3251 1882 3323 1932 Σὺ
3346 1881 3454 1951 γάρ
3479 1877 3531 1933 εἴ
3549 1880 3680 1942 Θεὸς
3704 1880 3810 1931 τῶν
3837 1898 4015 1947 μετα-

2426 1971 2713 2037 νοούντων,
2748 1974 2843 2027 καὶ
2886 1973 3078 2044 Σωτὴρ
3119 1974 3228 2027 τῶν
3278 1974 3731 2044 ἁμαρτανόντων,
3765 1975 3857 2026 καὶ
3915 1973 4025 2026 σοῦ

2426 2066 2525 2135 τὴν
2556 2066 2712 2129 δόξαν
2746 2066 3145 2137 ἁναπέμπομεν
3189 2066 3288 2118 σὺν
3320 2067 3396 2137 τῷ
3431 2067 3652 2136 ἀνάρχῳ
3680 2082 3770 2118 σου
3809 2065 4023 2134 Πατρὶ,

2427 2158 2617 2228 καὶτῷ
2648 2160 2919 2229 παναγίῳ,
2948 2160 3041 2211 καὶ
3069 2159 3279 2228 ἀγαθῷ,
3304 2159 3397 2211 καὶ
3429 2157 3679 2227 ζωοποίῷ
3711 2175 3803 2210 σου
3835 2156 4030 2209 Πιθεύ-

2430 2268 2579 2321 ματι,
2621 2250 2717 2302 νῦν
2764 2252 2990 2316 καὶάεὶ,
3048 2252 3143 2302 καὶ
3188 2254 3269 2314 εἰς
3303 2253 3426 2314 τοὺς
3480 2251 3682 2315 αἰῶνας
3716 2251 3822 2304 τῶν
3872 2251 4025 2304 αἰώο

2430 2362 2554 2397 νων.
2609 2344 2662 2396 Ἀ
2675 2344 2803 2414 μήν.

2916 2438 3117 2505 Στίχοι
3154 2435 3259 2490 τοῦ
3289 2434 3494 2489 αὑτοῦ.

2440 2551 2497 2602 Ὀ
2530 2550 2651 2611 δοὺς
2676 2551 2881 2620 τροφήν
2914 2567 3003 2620 μοι
3028 2550 3208 2620 σάρκα
3245 2549 3343 2619 σὴν
3368 2551 3673 2619 ἑκουσίως,

2441 2641 2497 2694 ’0
2532 2640 2642 2711 πῦρ
2674 2642 2955 2710 ὑπάρχων,
2985 2643 3080 2695 καὶ
3104 2643 3318 2710 φλέγων
3346 2642 3618 2705 ἀναξίους,

2427 2735 2518 2804 Μὴ
2540 2732 2604 2806 δὴ
2634 2736 2980 2807 καταφλέξῃς
3017 2753 3107 2804 με,
3142 2736 3238 2805 μὴ,
3274 2734 3621 2805 πλαστουργέ
3656 2751 3755 2801 μου

2428 2828 2644 2880 Μᾶλλον
2674 2827 2850 2880 δίελθε
2883 2828 3018 2900 πρὸς
3055 2826 3233 2897 μελῶν
3271 2844 3370 2897 μου
3399 2826 3702 2886 συνθέσεις.

2427 2920 2522 2981 Εἰς
2550 2920 2755 2983 πάντας
2787 2921 3020 2990 ἀρμοὺς,
3053 2922 3132 2973 είς
3159 2920 3413 2989 νεαροὺς,
3443 2920 3522 2980 εἰς
3552 2915 3798 2986 καρδίαν.

2428 3011 2622 3077 Φλέξον
2655 3012 2699 3064 δ’
2731 3011 2974 3074 ἀκάνθας
3000 3011 3109 3064 τῶν
3138 3011 3275 3065 ὅλων
3313 3028 3415 3080 μου
3450 3009 3837 3079 πταισμάτων·

2430 3103 2622 3173 Ψυχὴν
2655 3103 2916 3174 κάθαρον,
2947 3104 3177 3171 ἁγίασον
3208 3105 3303 3166 τὰς
3333 3103 3560 3173 φρένας,

2354 3200 2396 3257 C
2433 3196 2540 3258 Τὰς
2569 3196 2723 3265 ἡνίας
2756 3196 3007 3266 στήριξον
3036 3197 3251 3260 ὀστέοις
3281 3197 3395 3267 ἆμα
3420 3214 3435 3227 ο

2430 3287 2744 3359 Δίσθὴσεων
2777 3289 3013 3357 φώτισον
3044 3289 3221 3358 ἁπλῆν
3252 3288 3493 3342 πεντάδα
3520 3306 3532 3319 ·

2434 3380 2594 3432 Ὃλον
2624 3396 2690 3447 με
2716 3379 2797 3449 τῷ
2830 3379 2907 3447 σῷ
2940 3380 3364 3450 συγκαθήλωσον
3392 3380 3541 3449 φόὸῳ
3565 3397 3578 3409 ·

2446 3472 2559 3524 Ἀεὶ
2589 3472 2780 3537 σκέπε,
2817 3471 3044 3542 φρούρει
3074 3489 3131 3524 τε
3166 3472 3259 3523 καὶ
3286 3471 3521 3541 φύλαττέ
3549 3489 3637 3540 με,

2442 3567 2539 3619 Ἐκ
2574 3566 2772 3628 παντὸς
2804 3565 2967 3637 ἔργου
2999 3568 3092 3620 καὶ
3125 3568 3283 3634 λόγου
3314 3564 3657 3638 ψυχοφθὸρου

2436 3658 2683 3725 Ἀγνιξε,
2715 3658 2811 3711 καὶ
2841 3658 3071 3730 κάθαρε,
3110 3661 3205 3711 καὶ
3237 3656 3467 3729 ῥύομιζέ
3508 3676 3599 3729 με,

2435 3748 2707 3814 Κάλλυνε,
2739 3748 3006 3813 συνὲτιζε,
3038 3749 3133 3801 καὶ
3164 3748 3364 3817 φώτεζέ
3393 3766 3457 3817 με
3485 3766 3499 3779 ·

2436 3841 2619 3906 Δεῖξον
2654 3858 2719 3911 με
2750 3842 2840 3894 σὺν
2870 3842 3133 3911 σκήνωμα
3164 3843 3474 3910 πνεύματος
3507 3840 3691 3912 μόνου,

2436 3934 2548 3986 Καὶ
2578 3934 2773 4003 μηκέτι
2806 3935 3069 4005 σκήνωμα
3094 3936 3193 4003 τῆς
3220 3934 3517 4005 ἁμαρτίας,

2438 4028 2537 4080 'lv‘
2564 4027 2640 4090 ὡς
2672 4029 2763 4082 σὺν
2791 4025 2940 4081 οἷκον
2969 4029 3161 4099 εἰσόδῳ
3190 4032 3478 4093 κοινωνίας
3500 4046 3512 4059 ·

2448 4122 2536 4184 Ὠς
2562 4122 2673 4191 πῦρ
2712 4138 2777 4190 με
2806 4121 3005 4192 φεύγῃ.
3036 4122 3143 4184 πᾶς
3177 4121 3506 4191 κακοῦργος,
3535 4125 3642 4176 πᾶν
3669 4121 3866 4186 πάθος,

2438 4215 2702 4286 Πρὲσὸεις
2726 4215 2875 4284 φέρω
2901 4230 2983 4266 σοι
3018 4215 3223 4277 πάντας
3254 4215 3643 4283 ήγιασμένονς,

2438 4307 2548 4369 Τὰς
2584 4307 2907 4377 ταξιαρχίας
2935 4323 2994 4358 τε
3021 4307 3129 4358 τῶν
3162 4307 3493 4374 ἀσωμάτων,

2440 4400 2541 4451 Τὸν
2566 4399 2869 4468 πρόδρομόν
2902 4414 3019 4461 σου,
3051 4399 3177 4461 τοὺς
3208 4400 3405 4466 σοφοὺς
3433 4398 3783 4461 ἀποστόλους,

2440 4491 2582 4558 Πρὸς
2611 4490 2782 4542 τοῖσδε
2817 4490 2915 4559 σὴν
2952 4491 3219 4559 ἄχραντον
3249 4492 3421 4561 ἁγνὴν
3449 4492 3677 4561 Μητέρα
3700 4509 3711 4520 ·

758 4578 1002 4641 Quorum
1032 4585 1329 4645 orationes,
1357 4583 1689 4647 misericors,
1722 4586 1960 4656 suscipe,
1998 4586 2214 4643 Christe
2236 4591 2323 4655 mi,

2444 4578 2544 4634 Ὧν
2572 4582 2668 4643 τὰς
2696 4582 2869 4645 λιτὰς,
2902 4581 3263 4653 εὖσπλαγχνε,
3296 4583 3466 4648 δέξαι,
3502 4585 3704 4653 Χριστὲ
3741 4602 3867 4652 μου,

763 4665 827 4717 Et
864 4667 1029 4720 tilium
1069 4669 1205 4723 lucis
1238 4680 1385 4723 tumu
1419 4687 1635 4727 servum
1666 4675 1836 4730 ellice.

766 4755 843 4807 'l'u
872 4759 1019 4810 enim
1063 4774 1122 4812 es
1156 4760 1304 4814 solus
1332 4763 1686 4817 sanctiﬁcatio
1718 4775 1923 4831 nostra,

720 4875 733 4893 ο
765 4846 808 4899 0
834 4848 995 4914 bone,
1044 4850 1455 4921 animarumque
1477 4864 1786 4908 nostrarum
1814 4857 2104 4927 splendor;

766 4941 829 4992 Et
863 4940 975 5000 tibi,
1005 4950 1061 4994 ut
1083 4941 1257 5003 decet,
1279 4951 1532 5011 tanquam
1568 4944 1674 4999 Deo
1704 4963 1766 5000 ac
1795 4947 2021 5005 Domino

764 5032 999 5085 Gloriam
1028 5049 1217 5089 omnes
1244 5036 1486 5092 auotidie
1513 5037 1812 5093 otl‘erimus.
1836 5052 1841 5055 '

2442 4676 2551 4727 Καὶ
2577 4675 2751 4741 φωτὸς
2788 4674 2953 4727 παῖδα
2975 4674 3064 4727 τὸν
3101 4675 3192 4727 σὺν
3223 4675 3457 4744 ἔργασαι
3483 4676 3690 4744 λάτριν.

2441 4768 2513 4820 Σὺ
2542 4766 2650 4838 γὰρ
2681 4767 2945 4836 ὑπάρχεις
2977 4768 3246 4836 ἁγιασμὸς
3272 4769 3361 4821 καὶ
3398 4769 3557 4837 μόνος

2454 4857 2663 4927 Ἠμῶν,
2693 4860 2886 4925 ἀγαθὲ,
2921 4860 3025 4912 τῶν
3051 4861 3239 4930 ψυχῶν
3269 4862 3361 4914 καὶ
3391 4861 3748 4931 λαμπρότης·

2444 4953 2555 5004 Καὶ
2591 4952 2678 5003 σοὶ
2708 4952 3023 5021 πρεπόντως
3060 4952 3133 5015 ὡς
3165 4953 3282 5022 Θεῷ
3315 4954 3407 5006 καὶ
3438 4954 3682 5022 Δεσπότη

2441 5042 2610 5106 Δὸξαν
2648 5041 2888 5107 ᾶπαντες
2920 5044 3212 5113 πέμπομεν
3244 5046 3362 5098 καθ’
3389 5045 3624 5116 ἡμέραν.
