4162 6474
816 486 923 546 235
1943 476 2323 538 SYMEONIS
2361 476 2942 539 METAPHRASTE
3971 484 4075 547 233

817 597 956 659 cior,
992 603 1051 648 ιιι
1101 595 1191 664 qui
1224 590 1542 647 scissioncm
1587 606 1651 646 ac
1697 590 2094 660 separationem
2130 590 2396 645 violenter
2422 596 2460 656 Α

2430 596 2469 655 Α
2498 591 2686 662 ὥσπερ
2730 591 2946 663 ἀνάγκη
3004 591 3131 654 τοὺς
3182 590 3356 662 τομὴν
3399 592 3585 662 βιαίαν
3635 593 3728 647 καὶ
3782 594 4073 666 διάρρηξιν

817 687 1014 743 factam
1042 686 1293 739 tolerant.
1324 684 1393 737 At
1423 692 1502 748 tu,
1535 683 1626 753 qui
1668 683 1770 737 hoc
1794 681 2000 751 optime
2041 681 2226 746 calles,
2257 697 2394 750 quo-

2493 682 2854 746 ὑποστάντας.
2903 681 3064 736 Ἀλλὰ
3095 683 3157 736 σὺ
3191 683 3220 734 ὁ
3248 682 3426 736 ταῦτα
3459 683 3638 748 εἰδὼς,
3673 683 3789 746 πῶς
3842 685 4073 754 ἠνέσχου

817 779 977 833 modo
998 774 1300 830 sustinuisti
1339 787 1434 843 per
1461 782 1670 826 tantum
1695 780 1911 839 tempus
1937 785 2039 825 nos
2059 770 2265 840 absque
2289 769 2395 822 ulla

2491 773 2583 825 τὸν
2612 771 2868 825 τοσοῦτον
2897 772 3086 842 χρόνον
3135 772 3570 842 ἀπαρακλήτους
3616 772 3964 837 καταλιπείνς
4011 773 4075 825 Εἰ

816 867 1187 924 Consolatione
1244 864 1534 920 deserere?
1587 861 1866 931 Siquidem
1918 875 2048 932 ergo
2084 859 2254 914 nostri
2298 858 2394 913 tibi

2492 880 2544 916 τι
2572 858 2667 914 οὖν
2698 862 2854 932 ἡμῶν
2899 862 3054 935 μέλει
3101 877 3205 925 σοι,
3251 860 3405 931 μέλει
3427 860 3484 914 δὲ
3518 860 3735 924 πάντως
3772 861 3936 932 μέλος
3961 861 4073 914 ὃντι

814 975 957 1014 curm
987 968 1105 1014 est:
1145 967 1200 1013 et
1228 966 1374 1011 certe
1403 964 1486 1010 est
1521 953 1697 1009 modis
1743 952 2021 1016 omnibus,
2046 951 2138 1020 qui
2172 965 2300 1021 pars
2341 961 2398 1005 et

2493 957 2586 1009 καὶ
2619 955 2785 1026 μέρος
2815 955 2915 1026 τῆς
2949 956 3077 1026 μιᾶς
3101 954 3300 1025 ψυχῆς,
3330 953 3542 1024 γράψον
3565 953 3628 1006 τὸ
3649 953 3815 1023 τάχος
3841 959 3939 1006 καὶ.
3969 969 4075 1005 πα-

816 1053 1120 1107 membrum
1150 1050 1311 1104 uuius
1327 1048 1493 1102 animi
1522 1062 1613 1102 es:
1637 1061 1798 1117 quam
1830 1045 2114 1100 celerrime
2139 1043 2383 1108 scribito,

2497 1049 2811 1121 ραμύθησαι
2843 1048 3043 1120 ψυχὴν,
3073 1043 3290 1122 ᾗτοῦτο
3336 1046 3498 1110 αὐτὸς
3539 1041 3610 1114 εἷ,
3641 1047 3779 1117 ὅπερ
3829 1043 4075 1117 ἀτεχνῶς

815 1155 868 1198 et
912 1145 1151 1199 animum
1205 1143 1506 1206 consolare,
1541 1140 1624 1195 cui
1674 1139 1790 1210 ipse
1833 1139 1884 1194 id
1935 1139 2077 1193 idem
2125 1152 2204 1202 es,
2235 1135 2381 1206 quod

1405 1157 1506 1206 are,
1541 1140 1624 1195 cui
1674 1139 1790 1210 ipse
1833 1139 1884 1194 id
1935 1139 2077 1193 idem
2125 1152 2204 1202 es,
2235 1135 2381 1206 quod
2490 1141 2674 1210 ἐκείνη
2707 1140 2784 1210 τῷ
2817 1139 3048 1208 σώματι.

817 1236 923 1298 ille,
953 1235 1153 1304 absque
1185 1233 1371 1300 dubio,
1401 1233 1634 1303 corpori.

1564 1585 2257 1719 ΣΥΜΕΩΝ
2331 1581 3316 1718 ΜΑΓΙΣΤΡΟΥ

2161 1825 2277 1883 ΚΑΙ
2315 1826 2720 1882 ΛΟΓΟΘΕΤΟΥ

1857 1990 2383 2080 ΕΠΙΤΟΜΗ
2461 1987 3009 2079 ΚΑΝΟΝΩΝ

1049 2345 1774 2464 SYMEONIS
1872 2345 2564 2462 MAGISTBI
2642 2349 2692 2460 ΙΞ

2185 2345 2564 2462 ISTRI
2642 2349 2824 2460 ET
2908 2345 3822 2466 LOGOTHETIE

1831 2595 2373 2688 EPITOME
2443 2595 3023 2690 CANONUM

873 2793 1265 2862 (EgChrisLoph.
1292 2794 1493 2862 _Justel_l_i
1519 2792 1812 2862 Bibliotheca
1829 2792 1975 2862 Juria
2007 2791 2227 2862 canonici
2258 2791 2592 2862 veter_i_s,tom.
2621 2793 2682 2853 Il,
2702 2807 2750 2856 p.
2775 2795 2976 2862 7l_0._—
2997 2795 3050 2862 ln
3095 2794 3360 2862 Symeonis
3392 2793 3610 2856 epitome
3651 2799 3863 2862 quatuor
3886 2797 4066 2857 priora

809 2855 1013 2906 cont-illa
1064 2855 1380 2918 mcumenica,
1425 2855 1694 2915 Nicenum,
1725 2855 2335 2918 Constantinopolitanum,
2380 2855 2682 2918 Epticsinum
2707 2855 2760 2904 et
2799 2857 3226 2918 Clialcedonense,
3269 2855 3480 2918 primum
3507 2864 3666 2905 locum
3687 2855 3949 2914 obtinent;
3977 2871 4064 2907 se-

808 2927 1028 2980 quuntur
1052 2916 1372 2980 particulares
1390 2930 1478 2966 seu
1504 2920 1678 2980 topica
1703 2916 1893 2980 synodi,
1917 2930 1980 2966 eo
1999 2919 2172 2965 ordine
2199 2931 2209 2964 :
2236 2919 2512 2980 Ancyraua,
2545 2917 2870 2980 Sardicensis,
2903 2916 3336 2980 Neoeasariensis,
3389 2918 3704 2980 Gangreusis,
3742 2918 4066 2968 Antiochena

810 2976 862 3028 et
897 2976 1227 3089 Laodigenslis,
1248 2978 1428 3040 quibus
1455 2976 1601 3028 etiam
1626 2976 1813 3029 addidit
1833 2991 2046 3028 canones
2071 2976 2390 3039 apostolicos,
2421 2979 2508 3026 sed
2531 2985 2582 3026 et
2611 2976 2874 3030 Africanos
2889 2979 3050 3040 XCIV,
3074 2986 3125 3029 et
3146 2978 3457 3038 'l‘rullenses,
3481 2976 3530 3030 et
3574 2984 3680 3029 tres
3717 2981 3960 3042 epistolas
3980 2995 4065 3031 ea-

812 3055 1014 3089 mmcas
1085 3055 1153 3089 aSl
1180 3053 1232 3089 ιι.

812 3043 1014 3090 mnicas
1047 3040 1232 3089 Basilii.

1225 3286 1538 3339 Sanctorum
1572 3289 1950 3354 apostolorum.
2413 3293 2452 3343 ll

1900 3303 1950 3338 η.
2413 3293 2452 3343 ιι
3009 3282 3130 3338 Τῶν
3165 3284 3543 3339 ἀποστόλων.

876 3415 926 3467 1.
962 3415 1074 3468 Duo
1107 3423 1200 3468 aut
1231 3421 1342 3470 tres
1364 3415 1603 3486 episcOpi
1639 3415 1896 3470 ordinant
1920 3415 2266 3484 episcopum.

2552 3415 2620 3468 α’.
2657 3416 2759 3468 Δύο
2797 3417 2828 3487 ἢ
2878 3419 3027 3488 τρεῖς
3080 3418 3372 3472 ἐπίσκοποι
3415 3419 3812 3489 χειροτονοῦσιν
3841 3423 4073 3476 ἐπίσκο-

2481 3522 2600 3562 πον.

873 3590 930 3643 2.
965 3589 1116 3645 Unus
1139 3605 1267 3645 vero
1294 3590 1693 3661 presbyterum,
1725 3589 1809 3643 vel
1838 3589 2151 3644 diaconum.

2024 3603 2151 3644 tum.
2552 3597 2616 3668 β’.
2653 3593 2747 3663 Εἷς
2774 3600 2851 3664 δὲ,
2875 3600 3250 3673 πρεσὸύτερον
3281 3603 3375 3655 καὶ
3404 3603 3667 3657 διάκονον.

875 3681 924 3734 '5.
965 3678 1230 3734 Sacerdos
1253 3680 1353 3745 lac,
1388 3688 1482 3734 aut
1510 3679 1635 3744 mel,
1659 3679 2021 3746 autsiceram,
2047 3688 2142 3733 aut
2169 3679 2377 3733 anima-

2551 3688 2622 3756 γ’.
2678 3691 3120 3761 Ἱερεὺςὸγὰλα,
3177 3694 3210 3764 ἦ
3276 3693 3419 3761 μέλι,
3475 3694 3506 3764 ἢ
3569 3695 3781 3764 σίκερα,
3837 3697 3866 3768 ἧ
3913 3699 4063 3764 ζῶα,

807 3773 1015 3828 iia.aut
1058 3771 1332 3842 legumina
1377 3770 1618 3825 offerens
1673 3772 1743 3825 ad
1790 3771 1980 3834 altare,
2014 3781 2374 3842 preter-quam

2478 3779 2511 3849 ἦ
2541 3779 2741 3851 ὄσπρια
2774 3779 2852 3848 τῷ
2887 3781 3254 3854 θυσιαστηρῐῳ
3295 3787 3607 3852 προσάγων.
3663 3786 3800 3857 πλὴν
3853 3790 4072 3860 χὲδρων

807 3880 978 3919 novas
1017 3864 1197 3933 Spicas
1224 3871 1278 3919 et
1308 3878 1442 3918 uvas
1470 3873 1526 3918 et
1553 3862 1760 3928 oleum,
1785 3871 1839 3918 et
1861 3864 2176 3936 thymiama,
2210 3863 2376 3934 depo-

2480 3871 2572 3923 καὶ
2620 3872 2895 3941 σταφυλῆς
2946 3871 3281 3944 [σταφυλῶν]
3321 3879 3415 3929 καὶ
3465 3877 3667 3941 ἐλαίου,
3707 3880 3799 3933 καὶ
3832 3883 4069 3950 κηρίον,

807 3966 990 4010 natur.
2479 3965 2571 4017 καὶ
2621 3965 2987 4036 θυμιάματος,
3029 3969 3417 4038 καθαιρείσθω.

877 4049 931 4101 4.
959 4046 1189 4102 Fructus
1218 4047 1438 4103 domum
1479 4048 1787 4113 mittantur,
1823 4047 2078 4118 primitiae
2119 4047 2376 4117 episcOpo

2548 4053 2608 4107 δ’.
2646 4057 2711 4108 Αἱ
2759 4057 2972 4126 ὀπῶραι
3019 4059 3155 4112 οἶκοι
3215 4061 3640 4128 πεμπέσθωςαν,
3699 4065 3921 4135 ἀπαρχὴ
3979 4068 4075 4132 τῷ

807 4151 901 4195 aut
923 4139 1272 4210 presbyteris,
1293 4155 1430 4210 quos
1453 4141 1610 4210 primi
1642 4141 2000 4211 sequentibus
2021 4141 2372 4195 distribuant.

2478 4146 2761 4215 ἑπισκόπῳ
2812 4146 2843 4216 ἦ
2881 4149 2994 4209 τοῖς
3045 4147 3458 4218 πρεσϐυτέροις,
3500 4149 3564 4211 ἃς
3614 4151 3662 4204 cl
3695 4152 3902 4220 πρῶτοι
3941 4160 4071 4221 tot;

2478 4236 2602 4305 ἑξῆς
2641 4235 2967 4306 διανέμοιεν.

877 4324 929 4374 5.
973 4319 1271 4392 Coniugem
1321 4321 1576 4376 sacerdos
1626 4321 1668 4374 si
1727 4321 1943 4390 ejiciat,
1999 4323 2373 4376 excommuni-

2547 4328 2607 4382 ε’.
2637 4328 2749 4397 Τὴν
2792 4328 2986 4399 βοηθὸν
3025 4331 3204 4400 ἱερεὺς
3235 4331 3513 4386 ὲκσὰ).λων
3559 4335 3921 4405 άφοριζέσθω,
3977 4341 4071 4412 μὴ

805 4423 956 4466 cetur
987 4431 998 4464 :
1027 4413 1072 4466 si
1104 4427 1234 4467 vero
1257 4427 1364 4466 non
1395 4411 1728 4473 introducut,
1757 4412 1922 4481 gradu
1954 4411 2262 4480 dejiciatur.

1590 4420 1728 4473 ucat,
1757 4412 1922 4481 gradu
1954 4411 2262 4480 dejiciutur.
2477 4421 2711 4487 εἰσάγων
2740 4421 2816 4486 δὲ,
2847 4423 3233 4494 καθαιρείσθω.

875 4505 928 4559 6.
971 4505 1269 4560 δεεουιατεε
1304 4519 1460 4560 curas
1507 4505 1814 4574 suscipiens
1863 4505 2142 4569 sacerdos,
2189 4520 2370 4560 sacer-

2549 4509 2623 4574 ς’.
2684 4512 2970 4581 Κοσμικὰς
3024 4515 3305 4585 φροντίδας
3363 4515 3646 4586 δεχόμενος
3702 4519 3904 4588 ἱερεὺς,
3959 4523 4069 4575 ἀν-

807 4597 951 4652 dotio
994 4597 1257 4668 privetur.
2397 4618 2442 4679 ρ
2479 4597 2639 4668 ίερος.

876 4687 928 4740 7.
970 4685 1220 4751 Quicum
1259 4685 1461 4740 Iudaeis
1503 4685 1708 4740 Pascha
1755 4684 2011 4752 celebrat,
2059 4685 2365 4756 deponitur.

2548 4690 2613 4752 ζ’.
2697 4692 3052 4763 Καϐαιρεῖται
3125 4697 3152 4746 ὁ
3219 4695 3388 4748 τελῶν
3461 4699 3597 4767 μετὰ
3662 4700 3936 4756 Ἰουδαῐων
4001 4708 4071 4759 τὸ

2473 4777 2678 4847 Πάσχα.

874 4858 927 4913 8.
973 4855 1240 4911 Sacerdos
1285 4870 1394 4910 non
1443 4857 1855 4912 communicans
1908 4856 2056 4912 dicat
2109 4873 2364 4927 causam;

2544 4879 2613 4942 η’.
2685 4872 2886 4944 Ἰερεὺς
2953 4877 3026 4945 μὴ
3093 4877 3526 4946 μεταλαμϐάνων
3588 4880 3791 4948 λεγέτω
3845 4886 3909 4939 τὸ
3964 4892 4067 4941 αἷ-

803 4947 945 5017 quod
976 4947 1022 5002 si
1049 4963 1159 5002 non
1197 4948 1413 5012 dixerit,
1445 4948 1948 5002 excommunicetur
1994 4967 2008 5000 :
2052 4961 2368 5019 suspectum

2476 4977 2608 5026 τιον,
2669 4963 3012 5034 ἀφοριζέσθω
3073 4965 3130 5020 δὲ
3202 4969 3277 5036 μὴ
3359 4969 3531 5037 λέγων
3567 4987 3582 5002 ⁹
3635 4947 3872 5028 ὕποπτον
3945 4981 4070 5046 γὰρ

805 5042 949 5095 enim
981 5039 1156 5094 reddit
1185 5038 1524 5093 oll‘erentem.

2474 5057 2742 5124 πεποίηκε
2781 5058 2872 5110 τὸν
2898 5059 3264 5128 προσάγοντα.
4036 5035 4049 5050 .

871 5132 924 5185 9.
958 5129 1471 5184 Excommunicabis
1501 5144 1626 5184 eum
1653 5130 1746 5200 qui
1789 5129 1846 5184 in
1873 5131 2120 5188 oratione
2143 5143 2197 5188 et
2219 5150 2370 5190 com-

2543 5147 2608 5201 θ’.
2673 5149 2974 5220 Ἀφορὲσεις
3024 5151 3113 5205 τὸν
3171 5156 3235 5224 τῇ
3291 5154 3445 5226 εὐχῇ,
3493 5159 3586 5210 καὶ
3615 5162 3680 5230 τῇ
3745 5163 4065 5231 μεταλήψει

805 5223 1062 5277 munione
1099 5235 1206 5273 non
1247 5230 1578 5290 perseverat.

2477 5241 2552 5310 μὴ
2589 5243 2988 5311 παραμένοντα.

875 5313 956 5367 10.
993 5311 1097 5377 Qui
1137 5320 1258 5365 orat
1286 5326 1408 5366 cum
1441 5315 1910 5370 exeommunicato
1949 5327 2041 5372 aut
2072 5319 2242 5389 gradu
2272 5320 2369 5374 de-

2549 5329 2598 5385 t'.
2647 5333 2703 5384 '0
2735 5335 3126 5404 συνευχόμενος
3169 5337 3536 5411 ἀκοινωνήτῳ,
3573 5342 3606 5413 ἢ
3653 5343 4063 5415 καθῃρημένῳ,

801 5407 968 5471 jccto,
1003 5413 1194 5472 suapte
1232 5405 1500 5458 sententia
1545 5407 1960 5462 condemnatur.

2900 5395 2930 5402 -.
2968 5395 2980 5404 ι
3108 5395 3120 5398 -
3423 5395 3434 5408 ι
3487 5395 3500 5411 ο
3526 5395 3535 5403 '
3594 5395 3606 5413 ι
3698 5395 3707 5396 ί
3768 5395 3823 5415 ar
3879 5395 3948 5415 Γ*
3965 5395 4017 5419 ’Ἰ

2473 5424 2954 5493 αὐτοκατάκριτος.
3859 5395 3870 5416 ⁸

875 5494 962 5548 ll.
995 5493 1096 5558 Qui
1142 5495 1360 5550 aliunde
1403 5497 1638 5565 ejectum
1668 5501 2006 5569 susceperit,
2053 5503 2220 5572 magis
2257 5505 2370 5574 ipse

2549 5523 2634 5566 ια’.
2689 5515 2746 5568 '0
2779 5517 3070 5587 δεξάμενος
3109 5521 3200 5573 τὸν
3253 5521 3474 5576 ἄλλοθεν
3532 5525 3774 5590 ἄδεκτον,
3832 5531 4065 5587 ἀδεκτὸ-

804 5587 1106 5655 ejiciendus
1147 5599 1247 5641 est.
2472 5621 2646 5672 τερος.

874 5678 960 5732 12.
1003 5677 1106 5744 Qui
1137 5681 1752 5736 cxcommunicationem
1785 5685 2065 5750 mentitur,
2101 5687 2222 5742 ideo
2252 5704 2367 5742 ma--

2545 5699 2634 5750 t6'.
2715 5699 2772 5750 '0
2862 5700 2950 5750 τὸν
3029 5701 3332 5774 ἀφορισμοκ·
3409 5707 3751 5778 ψευσάμενος
3825 5714 4067 5770 ἀδεκτὸ-

810 5771 947 5824 time
973 5770 1299 5840 rejieiendus
1327 5785 1427 5830 est.
2473 5805 2650 5852 τατιςις.

881 5862 961 5914 l3.
996 5861 1189 5917 Setlcm
1222 5880 1288 5920 ex
1332 5867 1458 5922 sede
1487 5883 1596 5923 non
1637 5871 1881 5938 invades,
1918 5873 2020 5928 nisi
2055 5877 2144 5946 qui
2175 5877 2245 5932 ibi
2277 5877 2370 5933 de.

2547 5882 2631 5934 ι·-’.
2715 5884 2911 5953 Θρὸνςν
2991 5888 3085 5941 al;
3143 5890 3475 5962 ἑκπηδήσςσς
3546 5898 3607 5946 ἐκ
3685 5895 3906 5965 Θρόνον,
4015 5903 4061 5954 ιι
