4162 6474
769 474 877 537 239
1900 453 2276 518 SYMEONIS
2311 449 2900 528 METAPHRAST
3914 437 4028 501 ato

843 582 930 638 '55.
975 576 1208 648 Singulis
1238 573 1398 627 annis
1427 573 1512 627 his
1545 568 1782 640 cpiscopi
1817 567 2172 623 conveniant.
2223 580 2344 632 pro-
2376 568 2412 620 Α

2384 568 2412 620 Α
2517 562 2606 613 λε’.
2681 561 2767 621 Δὶς
2839 558 2954 609 κατ’
3025 555 3138 617 ἔτος
3211 556 3258 607 οξ
3327 554 3613 620 ἐπίσκοποι
3691 554 4027 608 συνιέτωσαν

774 691 892 751 pter
921 645 1167 744 dogmata
1212 679 1265 722 et
1311 667 1546 734 negotia.
1601 663 1839 716 Primum
1883 659 2102 729 quidem
2153 665 2342 725 quarta

2447 655 2534 706 δια
2587 653 2652 704 τὰ
2697 652 2960 720 δόγματα,
2998 647 3187 700 καὶτὰ
3237 647 3577 715 πράγματα·
3640 645 3853 714 πρῶτον
3902 645 4027 715 μὲν,

775 775 1120 826 Ρειιιεεοειεε
1164 761 1524 822 hebdomada,
1573 756 1814 813 secundo
1861 768 1990 808 vero
2022 751 2342 806 duodecima

2450 751 2516 818 τῇ
2579 747 2810 816 τετάρτῃ
2870 744 2966 812 τῆς
3039 741 3418 812 Πεντηκοστῆς
3466 737 3759 806 ἑϐδομάδ²“
3813 741 3876 808 τῇ
3946 739 4028 801 δὲ’

771 859 1040 912 (lt'tohris.

2450 838 2871 910 ὑπερϐερεταίῃ,
2903 835 3176 905 δωδεκάτῃ
3199 834 3259 888 τὸ
3289 833 3561 901 δεύτερον.

843 952 932 1004 56.
979 947 1282 1018 Episcopus
1313 957 1400 996 res
1432 938 1690 995 Ecclesia:
1718 951 1841 992 cum
1875 942 2145 1006 potestate
2174 930 2345 985 admi-

2519 932 2627 994 λς’.
2660 927 2940 981 Διοικείτω
2998 926 3134 994 μετὰ
3193 923 3390 995 κυρίας
3443 924 3510 974 τὰ
3555 921 3655 990 τῆς
3698 919 4033 988 Ἐκκλησίας

773 1044 985 1098 uistret.

2447 1027 2475 1078 ὁ
2504 1025 2800 1084 ἐπίσκοπος
2827 1022 3147 1092 πράγματα.

845 1137 934 1192 57.
976 1134 1122 1188 Nihil
1155 1130 1450 1200 quidquam
1478 1121 1912 1192 consanguineo,
1943 1118 2047 1171 nisi
2088 1126 2345 1184 tauquam

2521 1119 2617 1181 λζ’.
2675 1117 2822 1184 Μήτι
2881 1114 3088 1166 τούτων
3138 1113 3412 1178 συγγενεῖ,
3447 1110 3480 1180 ἢ
3513 1109 3587 1171 ὡς
3625 1111 3820 1176 πένητι
3872 1119 4041 1177 χαριε

752 1227 996 1298 ~pauperi
1035 1223 1288 1293 largiens.

1055 1223 1288 1293 argiens.
2452 1209 2698 1278 ζόμενος.

845 1291 929 1373 δέ.
965 1291 1186 1386 Absque
1221 1314 1481 1383 episcOpo
1519 1309 1652 1363 nihil
1684 1307 1814 1362 facit
1843 1303 2125 1376 presbyter
2155 1307 2210 1353 et
2233 1297 2348 1352 dia-

2523 1299 2626 1371 λη’.
2655 1302 2858 1370 .”Ᾱτερ
2908 1297 3208 1350 ἐπισκόπου
3268 1296 3413 1347 ποιεῖ
3473 1291 3841 1363 πρεσϐύτερος
3883 1291 4039 1342 οὐδὲν

774 1428 964 1466 conus.
1001 1409 1214 1462 Etenim
1250 1405 1350 1476 ipsi
1380 1403 1615 1474 populus
1637 1399 1881 1456 creditus
1911 1405 2012 1452 est.

2454 1395 2547 1447 καὶ
2602 1393 2888 1456 διάκονοςο
2952 1392 3044 1445 καὶ
3119 1392 3227 1460 γὸνρ
3307 1385 3460 1450 οὗτος
3535 1387 3892 1438 πεπίστευται
3948 1386 4039 1435 τὸν

2454 1489 2600 1542 λαόν.

845 1592 933 1645 59.
983 1588 1088 1642 Res
1129 1584 1194 1640 ad
1233 1582 1528 1638 Ecelesiam
1573 1590 1626 1633 et
1667 1577 1981 1645 cpisc0pum
2018 1573 2353 1641 pertinentes

2525 1578 2623 1632 λθ’.
2668 1577 2746 1629 Ti
2787 1577 2882 1644 τῆς
2949 1574 3296 1646 Ἐκκλησίας,
3356 1573 3449 1624 καὶ
3506 1571 3572 1622 τὰ
3607 1568 3701 1622 τοῦ
3732 1569 4043 1620 ἐπισκόπου

778 1682 1078 1738 manifesta:
1109 1686 1345 1737 exstent,
1399 1681 1457 1725 ut
1503 1681 1558 1725 et
1595 1671 1884 1737 epist-opus
1913 1674 2160 1727 testetur,
2193 1675 2354 1732 atque

2457 1669 2771 1740 προκείσθω
2839 1668 3143 1737 πράγματα
3201 1665 3411 1735 φανερά
3447 1677 3460 1691 ·
3524 1662 3608 1713 ἵνα
3668 1663 3760 1712 καὶ
3825 1662 3854 1711 ὁ
3913 1659 4048 1710 ἐπί-

778 1774 1016 1830 ιεζεινιεείε
1052 1771 1256 1824 nullum
1287 1767 1546 1821 damnum
1572 1761 1825 1830 accipiat.

2461 1777 2659 1822 σκοπος
2721 1759 3063 1826 διατίθηται,
3119 1755 3212 1807 καὶ
3265 1753 3403 1823 μένῃ
3459 1753 3490 1820 ἡ
3553 1747 3847 1815 Ἐκκλησία
3906 1748 4048 1816 ἀζή-

2465 1871 2604 1924 μιος.

846 1961 932 2014 ΑΟ.
979 1956 1276 2026 Episcopus
1298 1956 1619 2019 potestatem
1651 1945 1848 1998 habeat
1869 1949 2033 2010 super
2067 1954 2152 1993 res
2179 1938 2352 1992 ecele-
2385 1909 2431 1967 Β
2465 1909 2476 1924 ’

2400 1909 2431 1967 Β
2535 1946 2607 2016 μ’.
2666 1943 3058 2009 Ἐξουσιαζέτω
3114 1940 3220 1992 τῶν
3277 1933 3748 2004 ὲκκλησιαστικῶν
3822 1933 3849 1982 δ
3918 1929 4043 1980 ἐπί-

783 2059 1042 2118 siasticas,
1085 2067 1206 2105 cuin
1265 2063 1385 2101 eam
1441 2059 1607 2114 super
1666 2041 1877 2094 animas
1908 2037 2105 2091 habeat
2139 2055 2150 2089 :
2190 2044 2352 2104 atque

2465 2056 2662 2101 σκοπος
2728 2040 3092 2108 πραγμάτων,
3154 2037 3248 2088 καὶ
3323 2035 3431 2086 τῶν
3487 2031 3672 2099 ψυχῶν
3743 2029 3888 2098 γάρ·
3947 2026 4046 2079 καὶ

782 2151 958 2204 .uuuia
988 2149 1137 2216 juxta
1171 2142 1408 2197 divinam
1444 2137 1778 2190 voluntatem
1807 2130 2170 2184 administret.

2106 2138 2170 2184 εί·
2461 2134 2728 2187 διοικείτω
2762 2133 2938 2182 πάντα
2969 2131 3111 2182 κατὰ
3141 2130 3235 2197 τὴν
3263 2127 3412 2179 θείαν
3438 2127 3749 2195 ἀρέσκειαν.

852 2245 940 2296 41.
986 2236 1255 2294 Sacerdos
1311 2233 1516 2285 aleator
1567 2236 1730 2294 atque
1802 2222 2083 2284 ebriosus,
2142 2221 2185 2274 si
2246 2234 2352 2272 non

2536 2223 2645 2292 μα’.
2702 2223 2759 2276 Ὀ
2814 2219 3079 2290 κυϐιστὴς
3132 2219 3226 2271 καὶ
3294 2219 3554 2287 πάροινος
3618 2210 3823 2280 ἱερεὺς,
3883 2210 3933 2260 εἰ
3984 2210 4047 2260 οὖ

784 2335 1010 2396 .lesinat,
1048 2331 1370 2397 deponatur.

1363 2364 1370 2375 .
2464 2316 2648 2380 παύει,
2684 2314 3006 2383 καθῄρηται.

847 2431 935 2483 42.
983 2423 1227 2478 Clericus
1269 2427 1322 2470 et
1359 2415 1530 2468 laicus
1563 2413 1762 2466 similia
1803 2408 2008 2464 faciens
2037 2418 2356 2460 excommu-

2539 2409 2646 2479 μ6’.
2698 2406 2998 2476 Κληρικὸς,
3054 2405 3149 2458 καὶ
3203 2402 3408 2467 λαῖκδς,
3472 2406 3542 2456 τα
3575 2404 3734 2473 ὅμοια
3786 2399 4052 2471 πράττων

784 2521 1016 2574 uicatur.

2465 2501 2811 2570 ἀφορίζεται.

857 2613 943 2666 45.
987 2603 1252 2662 Sacerdos
1285 2599 1459 2654 mutui
1509 2611 1702 2653 usuras
1730 2595 1978 2665 exigens,
2010 2591 2114 2646 nisi
2143 2589 2359 2645 desinat

2541 2593 2648 2664 μετ’.
2688 2595 2892 2656 Τόκους
2922 2591 3170 2646 ἁπαιτῶν
3199 2589 3412 2644 δανείου
3456 2588 3652 2660 ἱερεὺς,
3679 2589 3728 2642 εί
3759 2587 3821 2638 οὐ
3857 2583 4053 2645 παύει,

786 2703 1124 2761 deturbetur.

2469 2686 2797 2757 καθῄρηται.

856 2798 945 2852 44.
990 2793 1092 2859 Qui
1142 2805 1265 2845 cum
1320 2782 1597 2840 haereticis
1643 2788 1763 2836 orat
1802 2777 2306 2834 excommunicatur
2344 2793 2357 2826 ε

2544 2778 2650 2848 μδ’.
2722 2780 2781 2831 ’0
2837 2777 3233 2849 συνευχόμενος
3299 2776 3597 2846 αἱρετικοῖς
3673 2771 3998 2841 ἂφορίζεται
4039 2785 4054 2800 ·

787 2891 875 2961 qui
906 2903 1035 2941 vero
1068 2885 1169 2938 hos
1205 2878 1438 2935 clericos
1454 2874 1751 2936 existimat,
1781 2871 1950 2942 gradu
1982 2875 2254 2922 movetur.

2472 2871 2895 2941 καθαιρεῖταιδέ
2934 2873 2960 2923 ὁ
2997 2870 3290 2939 κληρικοὺς
3317 2867 3540 2929 τούτους
3579 2865 3899 2934 ἡγούμενος.

853 2982 943 3038 45.
996 2976 1264 3034 Sacerdos
1312 2971 1581 3040 baptisma
1648 2976 1701 3020 et
1748 2963 2077 3019 sacriﬁcium
2145 2959 2364 3014 haereti—

2545 2969 2646 3032 με’.
2701 2961 2992 3030 Βάπτισμα
3042 2964 3135 3012 καὶ
3168 2960 3357 3011 θυσίαν
3413 2957 3705 3027 αἱρετικῶν
3759 2955 4062 3024 δεξάμενος

790 3090 973 3132 eorum
1017 3070 1310 3139 recipiens,
1343 3059 1650 3117 sacerdotio
1688 3058 1941 3128 indignus
1979 3064 2078 3109 est.

1286 3087 1310 3128 ι,
1343 3059 1650 3117 sacerdotio
1688 3058 1941 3128 indignus
1979 3064 2078 3109 est.
2475 3054 2652 3120 ἱερεὺς
2693 3053 2929 3123 ἀνίερος.

858 3169 945 3223 46.
989 3166 1092 3230 Qui
1128 3175 1252 3216 vere
1290 3157 1623 3226 baptizatum
1659 3152 1841 3206 denuo
1869 3149 2128 3217 baptizat,
2153 3161 2216 3199 ac
2240 3161 2365 3199 eum

2548 3143 2664 3213 μς’.
2714 3146 2773 3196 Ὀ
2819 3143 3204 3204 ἀναϐαπτίςων
3259 3141 3350 3192 τὸν
3387 3142 3554 3201 ὅντως
3595 3138 4062 3207 βεϐαπτισμέκηον,

791 3260 878 3327 qui
916 3255 1194 3324 impietate
1228 3247 1464 3317 pollutus
1497 3251 1581 3296 est
1617 3256 1723 3294 non
1758 3238 2081 3308 rebaptizat,
2112 3234 2367 3290 sacerdos
2398 3276 2434 3330 Ο

2420 3276 2438 3330 1
2476 3242 2570 3294 καὶ
2607 3242 2679 3310 μὴ
2733 3239 3120 3301 ἀναϐαπτίζων
3174 3242 3266 3291 τὸν
3319 3237 3731 3308 μεμολυσμένον
3770 3235 4063 3297 ἀσεϐὁθεν,

791 3367 896 3405 non
934 3357 1018 3400 est
1048 3342 1348 3397 habendus.

1066 3342 1348 3397 tabendu5.
2475 3336 2709 3404 ἀνίερος.

862 3441 952 3492 Η.
995 3435 1283 3489 Sacen-laris
1316 3430 1592 3500 propriam
1626 3437 1851 3478 uxorem
1882 3419 2130 3489 ejiciens,
2174 3415 2364 3470 aliam-

2548 3427 2653 3498 μζ.
2687 3428 2797 3496 Τὴν
2848 3425 3053 3479 οἰκείαν
3103 3422 3381 3494 ἐκϐάλλων
3407 3424 3434 3474 ὁ
3465 3423 3748 3490 κοσμικὸς,
3783 3424 3874 3475 καὶ
3904 3423 4067 3488 ἄγων

793 3550 895 3604 que
925 3539 1017 3585 aut
1063 3526 1346 3582 dimissam
1383 3523 1591 3575 ducens
1615 3558 1628 3581 ,
1671 3514 2232 3571 excommunicandus
2263 3518 2363 3563 est.

1948 3514 2232 3604 Illic—alidlls
2263 3518 2363 3563 θεία
2477 3521 2692 3590 ἑτέραν,
2721 3516 3209 3588 ἢάπολελυμένην.
3250 3514 3591 3585 ἀφοριστέος-

863 3625 952 3677 48.
989 3619 1090 3685 Qui
1135 3632 1242 3671 non
1276 3614 1514 3682 baptizat
1564 3613 1616 3663 in
1655 3607 1894 3667 Patrem,
1945 3614 1999 3659 et
2040 3601 2269 3664 Filium,
2309 3607 2364 3653 et

2552 3621 2663 3684 μην,
2709 3614 2766 3664 Ὀ
2799 3613 2872 3681 μὴ
2912 3609 3187 3678 βαπτίζων
3225 3609 3302 3669 εἰς
3363 3607 3598 3676 Πατέρα,
3641 3607 3732 3658 καὶ
3782 3607 3937 3672 Υίὺν,
3971 3611 4071 3661 καὶ

794 3715 1058 3785 Spiritum
1121 3715 1400 3765 sanctum,
1442 3702 1536 3756 sed
1578 3696 1994 3768 transgreditur
2049 3690 2179 3746 illud
2229 3705 2368 3761 pra:-

2128 3690 2179 3744 Ιίί
2229 3705 2368 3761 Dm“
2479 3710 2633 3777 ἅγιον
2660 3705 2904 3775 Πνεῦμα,
2940 3703 3075 3756 ἀλλὰ
3105 3699 3506 3771 παρεκϐαίνων,
3539 3700 3771 3768 ἀνίερος.

795 3816 1031 3876 ceptum,
1066 3798 1370 3856 sacerdotio
1403 3795 1550 3865 fungi
1586 3808 1694 3846 non
1727 3791 1907 3844 debet.

864 3873 948 3953 d9.
993 3895 1094 3961 Qui
1129 3908 1234 3946 non
1287 3889 1460 3941 tribus
1487 3886 1664 3939 initiat
1699 3880 2064 3936 mersiouibus
2090 3897 2101 3931 :
2132 3879 2228 3931 sed
2267 3893 2371 3930 una

2556 3880 2662 3952 μθ’.
2703 3881 2761 3932 Ὀ
2802 3879 2876 3950 μὴ
2938 3878 3089 3946 τρισὶ
3131 3877 3282 3945 μυῶν
3338 3876 3719 3938 καταδύσεσιν,
3771 3873 3907 3927 αλλὰ
3967 3876 4077 3944 μιᾷ

799 4009 849 4046 ιιι
891 3988 1100 4043 Domini
1135 3993 1386 4041 mortem.
1424 3977 1567 4047 quod
1600 3975 1863 4029 Dominus
1891 3987 1997 4027 non
2029 3971 2250 4034 dixerit,
2281 3985 2366 4024 sa-

2484 3975 2564 4038 είς
2614 3974 2702 4026 τὸν
2727 3971 2820 4025 τοῦ
2876 3973 3078 4041 Κυρίου
3112 3970 3359 4032 θάνατον,
3399 3968 3426 4020 ὃ
3473 3968 3548 4037 μὴ
3600 3969 3628 4020 ὸ
3654 3968 3852 4036 Κύριος
3885 3961 4079 4032 εἶπεν,

798 4082 1045 4139 cerdotio
1079 4076 1380 4131 movendus
1404 4082 1506 4126 est.

1079 4076 1380 4131 movendus
1404 4082 1506 4126 est.
2486 4065 2599 4117 ἀνίε
2611 4079 2718 4129 ρος.

871 4183 960 4236 50.
991 4176 1182 4232 Omnis
1228 4171 1462 4228 clericus
1507 4185 1536 4222 a
1587 4167 1792 4234 nuptiis
1833 4174 1887 4218 et
1935 4176 2100 4217 carne
2149 4169 2203 4213 et
2250 4156 2377 4210 vin‘o

2558 4164 2620 4219 v'.
2658 4163 2935 4233 Κληρικδς
2965 4162 3110 4224 ἅπας
3169 4163 3368 4229 γάμον,
3414 4159 3509 4211 καὶ
3559 4159 3718 4228 κρέα,
3776 4157 3872 4209 καὶ
3923 4152 4080 4210 οἶνον

801 4275 1146 4331 abhorrens,
1207 4268 1248 4320 si
1298 4282 1408 4318 non
1472 4261 1815 4321 emendetur,
1872 4255 2227 4325 expellendus
2273 4260 2376 4306 est.

2171 4268 2227 4307 113
2273 4260 2376 4306 est.
2492 4256 2936 4327 βδελυσσόμενος,
2963 4254 3010 4305 εί
3042 4251 3115 4321 μὴ
3145 4253 3429 4319 διορθοίτο,
3458 4251 3814 4320 ἐκκήρυκτος.

875 4378 965 4430 51.
998 4373 1103 4439 Qui
1155 4365 1546 4440 paenitentibus
1595 4378 1702 4416 nou
1758 4357 2011 4429 ignoscit,
2058 4357 2172 4426 ipse
2222 4354 2376 4409 venia

2564 4356 2664 4411 να’.
2710 4357 2765 4408 Ὀ
2796 4359 2905 4417 τοῖς
2962 4351 3282 4424 μετανοοῦσι
3334 4352 3408 4419 μὴ
3460 4347 3865 4419 συγγινώσκων,
3897 4348 4081 4414 ἀσυγ-

806 4468 1080 4538 iudignior
1112 4478 1214 4520 est.

2495 4450 2759 4518 γνωστότε
2770 4465 2858 4516 ρος
2870 4488 2881 4500 .

877 4572 964 4625 52.
1011 4569 1275 4624 Sacerdos
1323 4583 1351 4622 a
1407 4568 1534 4620 vino
1567 4575 1623 4618 et
1663 4558 1917 4616 carnibus
1943 4555 2245 4615 abstinens,
2279 4552 2380 4604 nisi

2565 4551 2660 4604 v6'.
2727 4549 2814 4618 Μὴ
2857 4545 3291 4616 μεταλαμϐάνων
3326 4543 3501 4612 ἱερεὺς
3541 4544 3682 4595 οίνου
3732 4543 3824 4593 καὶ
3867 4539 4083 4611 κρεῶν.

806 4663 1212 4719 exercitationis
1245 4674 1427 4723 causa,
1471 4657 1787 4726 deponitur.
2423 4637 2449 4687 ί

1752 4670 1787 4706 Γ,
2423 4637 2463 4687 ί)
2494 4646 2539 4696 εί
2577 4644 2648 4712 μὴ
2687 4642 2751 4693 δι’
2783 4642 3038 4708 ἄσκησιν,
3067 4641 3395 4708 καθῄρηται.

878 4770 968 4823 55.
995 4767 1239 4821 Clericus
1261 4768 1394 4819 citra
1422 4761 1635 4817 itineris
1654 4756 2036 4812 necessitatem
2063 4755 2118 4807 in
2141 4767 2386 4822 caupona

2563 4752 2658 4811 νγ¹.
2713 4745 2770 4796 '0
2805 4743 2924 4810 δίχα
2964 4742 3064 4808 τῆς
3097 4741 3239 4794 κατὰ
3293 4738 3478 4808 τρίϐον
3517 4739 3764 4806 ἀνάγκης
3808 4735 4083 4804 xlv-lpum;

810 4860 1166 4921 manducaus,
1219 4852 1588 4924 segregandus
1619 4860 1724 4904 est.

2494 4840 2571 4899 είς
2610 4836 2908 4900 καπηλεῖον
2941 4833 3156 4895 ἐσθίων,
3196 4833 3540 4901 ἁφοριστέος.

882 4957 969 5010 54.
1012 4955 1256 5008 Clericus
1278 4952 1477 5020 injuria
1507 4949 1747 5002 alliciens
1769 4946 2087 5016 episcopum
2111 4943 2387 5012 dejicitur.

2360 4958 2387 4998 ι,
2563 4939 2655 4990 νδ’.
2699 4937 2968 5006 ’Υϐρίζων
3008 4935 3307 4986 ἐπίσκοπον
3340 4934 3595 5001 κληρικδς
3630 4932 4003 4995 καθαιρείτκ.

880 5056 966 5108 55.
1012 5054 1300 5121 Presbyter
1327 5064 1457 5103 vero
1485 5057 1538 5101 et
1567 5047 1831 5101 diaconus
1862 5040 2387 5096 excomtnunicatur.

2291 5054 2387 5091 Lur.
2566 5039 2661 5089 ve'.
2694 5037 3071 5106 Πρεσϐύτερος
3102 5036 3154 5087 δὲ
3189 5036 3282 5088 καὶ
3313 5035 3557 5095 διάκονος
3594 5034 3934 5100 ἀφορίζεται.

884 5158 972 5212 56.
1016 5155 1278 5210 Similiter
1329 5161 1509 5207 autem
1554 5150 1645 5219 qui
1701 5147 1948 5210 surdum,
2006 5145 2284 5206 claudum,
2339 5153 2391 5194 et

2567 5139 2669 5204 vg'.
2731 5141 2789 5188 '0
2821 5139 2876 5190 δὲ
2939 5139 3144 5204 κωξὸν,
3204 5138 3298 5188 καὶ
3332 5135 3525 5204 χωλὸν,
3577 5137 3670 5186 καὶ
3714 5131 3913 5201 τυφλὸν
3968 5133 4091 5186 δια-

816 5266 1018 5307 emeum
1055 5248 1265 5304 cavillis
1293 5247 1610 5300 insectatur.

1382 5253 1610 5300 eetatur.
2497 5231 2770 5301 χλευάζων
2804 5228 3025 5297 ὁμοίως.

888 5357 974 5409 57.
1021 5353 1323 5422 Episcopus
1378 5351 1631 5420 pietatem
1685 5362 1788 5399 non
1836 5345 2037 5399 docens
2078 5355 2392 5395 excommu-

2568 5336 2662 5399 νζ.
2708 5335 2818 5402 Τὴν
2851 5332 3134 5386 εὐσέϐειαν
3197 5331 3255 5383 οὐ
3291 5330 3554 5383 διδάσκων
3610 5327 3907 5390 ἐπίσκοπος
3976 5329 4091 5394 ἀφ’

821 5449 1024 5500 nicatui
1071 5463 1078 5492 τ
1117 5445 1405 5510 deponitur
1440 5456 1568 5492 vero
1604 5439 1646 5491 si
1687 5443 1999 5506 perseveret
2028 5448 2135 5484 non
2173 5432 2393 5484 docere.

2173 5432 2393 5484 docere.
2509 5425 2771 5498 ορίζεται,
2801 5425 3146 5493 καθαιρείται
3177 5423 3231 5476 δὲ
3267 5425 3440 5493 μένων
3481 5421 3781 5484 ἀδίδακτος.

896 5548 960 5600 58
1021 5545 1077 5598 1η
1122 5544 1378 5595 clericum
1412 5540 1592 5607 inopia
1629 5538 1986 5596 laborantem,
2036 5534 2078 5586 si
2121 5547 2177 5586 se
2226 5531 2396 5584 benc-

2571 5537 2671 5598 νη’.
2755 5528 2974 5580 Ἐπιδεᾶ
3045 5527 3305 5596 κληρικδν
3383 5527 3560 5593 ἱερεὺς
3618 5525 3716 5576 οὐκ
3777 5523 4092 5593 εὐεργετῶ-ι

826 5639 985 5690 (ἴε-ατη
1053 5652 1159 5689 non
1215 5641 1433 5703 pr.istet
1495 5631 1777 5693 sacerdos,
1848 5623 2394 5681 excommunicatur:

2147 5623 2347 5677 LIiCﬂiUl‘
2382 5639 2394 5674 :
2503 5624 2843 5694 ἀφορίζεται,
2881 5622 3225 5691 καθαιρεῖται
3259 5622 3312 5674 δὲ
3351 5621 3524 5690 μένων
3550 5619 3790 5682 ἀνέλεος.

828 5731 1118 5799 deponitur
1158 5743 1285 5781 vero
1339 5727 1381 5780 si
1429 5723 1816 5776 immisericors
1853 5729 2150 5788 permanet.

901 5831 984 5882 59.
1019 5827 1121 5892 Qui
1157 5827 1301 5893 impii
1328 5823 1449 5878 libri
1483 5827 1814 5875 mentionem
1850 5818 1974 5873 facit
2023 5818 2074 5869 in
2111 5816 2394 5876 concione,

2373 5841 2394 5876 ν.
2574 5818 2646 5871 νθ’
2721 5815 2980 5878 ’Ᾱσεϐοὖς
3019 5815 3198 5869 ϐίϐλον
3231 5813 3607 5884 ἐκκλησιάζων
3638 5811 4016 5882 καθαιρεῖται.

832 5932 1140 5972 deor-nitur.
