4162 6474
782 430 886 494 243

1914 434 2211 494 SYMEON
2222 435 2243 494 Ι
2255 435 2294 494 S
2337 434 2543 494 ΜΕΤΑ
2551 436 2650 494 PH
2659 436 2755 495 HA
2764 435 2920 494 S’l‘

3898 431 4007 493 244

786 546 1107 616 m'opbytus.
1170 545 1224 598 Si
1278 546 1400 614 quis
1449 552 1568 615 post
1622 545 2020 599 ordinationem
2062 545 2355 616 deliquisse

2460 547 2580 599 νίαν
2613 547 2940 616 ἁμαρτήσας
2964 545 3311 615 ἀποδειχθείη
3336 547 3369 616 ἢ
3399 544 3684 614 πρότερον,
3715 546 3742 616 ἢ
3780 544 4020 615 ὕστερον,

789 644 1098 700 compertus
1149 632 1314 686 fuerit
1365 633 1514 702 prius
1563 641 1656 686 aut
1701 642 1907 702 postea,
1963 632 2053 686 hic
2085 634 2230 688 clero
2259 649 2352 689 ex-

771 722 1035 795 pellatur.

857 818 910 869 5.
947 816 1427 870 Subintroductam
1468 831 1534 870 ne
1564 816 1685 884 quis
1717 816 1951 882 habeat,
2000 826 2195 885 praeter
2240 833 2354 870 ma-

791 921 927 961 trem
974 918 1068 961 aut
1098 925 1361 969 sororem,
1409 923 1609 977 easque
1659 923 1938 978 personas,
1986 924 2106 978 qua!
2138 924 2354 964 omnem

789 1002 1153 1069 Luspicioncm
1188 1001 1472 1068 cilugiunt.

861 1101 910 1146 4.
960 1092 1255 1161 Episcopus
1300 1093 1367 1145 ab
1416 1094 1667 1148 omnibus
1708 1097 2130 1166 provincialibus
2156 1095 2357 1150 consti-

750 1187 993 1238 ~tuitur=
1021 1187 1101 1237 sin
1124 1201 1270 1248 vero,
1296 1186 1483 1240 saltem
1511 1202 1540 1239 a
1572 1186 1763 1250 tribus,
1785 1189 2004 1259 reliquis
2032 1205 2127 1258 per
2150 1189 2356 1243 litteras

791 1278 1300 1331 consentientibus:
1363 1279 1687 1348 praecipuam
1749 1290 1930 1336 tamen
1973 1282 2352 1336 auctoritatem

793 1369 1242 1437 :netropolitanus
1275 1372 1488 1424 habeat.

864 1461 915 1513 5.
957 1462 1059 1524 Qui
1091 1463 1159 1514 ab
1190 1462 1304 1514 aliis
1333 1465 1780 1518 cxcommuuicati
1832 1474 1978 1527 sunt,
2031 1464 2098 1518 ab
2142 1463 2262 1519 aliis
2288 1480 2357 1519 ne

793 1553 1180 1621 suscipiantur,
1228 1566 1587 1624 praeterquam
1625 1557 1666 1609 si
1733 1567 1954 1626 propter
1996 1557 2356 1625 pusillanimio

792 1656 978 1708 tatem,
1014 1655 1106 1699 aut
1132 1649 1557 1709 contentionnn,
1580 1658 1671 1701 aut
1697 1649 1824 1717 quid
1849 1648 2110 1719 ejusmodi
2142 1663 2358 1703 excom-

793 1736 1090 1789 tnunicatio
1121 1737 1259 1789 facta
1294 1737 1475 1790 fuerit.

864 1830 915 1881 6.
955 1831 1347 1883 Alexandrinus
1373 1830 1659 1899 episcopus
1697 1846 1859 1900 super
1892 1829 2180 1902 Egyptum
2208 1874 2223 1898 ,
2267 1831 2356 1885 Li—

2457 631 2612 702 οὒτος
2643 637 2943 690 πεπαύσθω
2965 636 3056 689 τοῦ
3089 638 3317 708 κλήρου.

2525 816 2594 884 γ’.
2643 817 3001 871 Ἐπείσακτον
3052 818 3216 886 μήτις
3271 817 3481 886 ἐχέτω,
3548 818 3751 888 μητρὸς
3799 817 3941 886 δίχα,
3999 818 4030 884 ἡ

2456 910 2713 978 ἀδελφῆς.
2748 910 2840 962 καὶ
2870 910 2978 962 τῶν
3008 910 3315 980 προσώπων
3345 909 3379 962 ἃ
3400 911 3580 962 πᾶσαν
3617 911 3850 979 ὑποψίαν
3891 911 4032 964 ἀτο-

2455 999 2751 1068 διδράσκει.

2526 1090 2588 1143 δ’.
2616 1091 2945 1154 Ἐπίσκοπος
2977 1090 3081 1144 ὑπὸ
3113 1090 3336 1144 πάντων
3370 1091 3481 1144 τών
3506 1090 3866 1162 ἐπαρχιωτῶν
3899 1092 4034 1146 καθα

2462 1182 2694 1234 ίσταται.
2724 1182 2783 1234 ΕΞ
2813 1182 2870 1233 δὲ
2904 1182 2998 1252 μὴ,
3061 1185 3192 1245 τέως
3238 1181 3426 1252 τριῶν,
3465 1181 3575 1234 τῶν
3605 1183 3914 1235 ὑπολοίπων
3946 1183 4035 1236 διὸ

2459 1279 2806 1347 γραμμάτων
2848 1279 3153 1346 γινομένων
3184 1278 3491 1348 συμψήφων
3511 1295 3528 1310 ο
3577 1277 3640 1330 τὸ
3672 1277 3858 1348 μέντοι
3889 1279 4035 1348 κρά-

2457 1385 2550 1431 τος
2573 1372 2599 1421 ὁ
2625 1370 3024 1440 μητροπολίτης
3052 1371 3245 1439 ἐχέτω.

2530 1467 2589 1512 ε’.
2620 1461 2682 1510 Οἱ
2734 1460 2801 1512 δι’
2852 1461 3052 1529 ἑτέρων
3105 1461 3513 1529 ἀφοριζόμενοι,
3566 1459 3656 1528 ὑφ’
3699 1459 3902 1530 ἐτέρων
3952 1461 4035 1528 μὴ

2464 1551 2970 1621 πῳσδεχὲσθωσαν,
3028 1553 3170 1621 πλὴν
3218 1553 3266 1604 εί
3312 1553 3388 1622 μὴ
3429 1552 3520 1605 διὰ
3575 1552 3969 1623 μικροψυχίαν,
3999 1552 4038 1620 ἦ

2461 1646 2816 1711 φιλονεικίαν,
2850 1646 2883 1714 ἦ
2906 1662 2960 1698 τι
2993 1645 3233 1698 τοιοῦτον
3261 1647 3288 1698 ὁ
3307 1646 3612 1715 ἀφορισμὸς
3643 1647 3889 1714 γέγονεν.

2535 1827 2604 1891 ς’.
2643 1827 2939 1895 Αἰγύπτου,
2996 1828 3089 1879 καὶ
3131 1827 3358 1896 Λιϐύης,
3409 1828 3503 1880 καὶ
3546 1825 3958 1887 Πενταπόλεως,
4009 1828 4038 1876 ὁ

794 1917 970 1986 byam,
1009 1929 1062 1971 et
1091 1896 1423 1986 Pentapolim
1455 1896 1775 1988 potestatem
1805 1896 2045 1975 habeat;
2075 1931 2128 1976 et
2161 1896 2355 1977 liutna-

2473 1917 2853 1988 Ἀλεξανδρεὺς
2902 1917 3070 1986 ἐχέτω
3113 1917 3213 1989 τὴν
3264 1918 3546 1981 ἐξουσίαν·
3590 1916 3686 1968 καὶ
3736 1919 3764 1968 ὁ
3809 1913 4039 1982 Ῥώμης

796 2027 898 2064 nus
936 2026 1101 2079 super
1131 2028 1224 2064 eos
1247 2013 1337 2079 qui
1371 2012 1553 2066 Romae
1586 2013 1785 2066 subditi
1816 2024 1962 2068 sunt.
2005 2014 2130 2070 Item
2167 2016 2356 2071 Antio-

794 2102 1022 2162 chenus,
1054 2101 1252 2169 aliique
1282 2119 1446 2171 super
1485 2105 1583 2158 sibi
1613 2105 1903 2172 subiectos.

865 2195 918 2248 7.
961 2193 1016 2247 Si
1049 2195 1169 2263 quis
1201 2197 1486 2264 episcopus
1514 2196 1648 2251 citra
1683 2198 1839 2266 primi
1859 2199 2185 2254 sententiam
2206 2215 2357 2255 crea~

795 2297 882 2337 tus
919 2284 1112 2345 inerit.
1163 2302 1230 2339 ne
1285 2287 1355 2339 sit
1401 2289 1709 2356 episcopus.
1770 2287 2057 2343 Multorum
2104 2291 2358 2361 sull‘ragio

793 2377 1093 2431 secundum
1125 2393 1385 2430 canum-ni
1421 2380 1524 2430 lato
1556 2379 1597 2431 si
1630 2388 1737 2434 tres
1761 2379 1924 2448 aliqui
1957 2381 2354 2443 contradicunt,

793 2485 982 2522 eorum
1019 2469 1289 2522 sententia
1323 2469 1469 2522 irrita
1497 2469 1585 2521 sit.

864 2560 918 2614 8.
959 2560 1259 2630 Episcopus
1285 2560 1441 2615 Elia:
1474 2565 1788 2620 honoretur.
1831 2570 2042 2616 servala
2071 2563 2356 2634 metropoli

790 2653 1051 2723 dignitate
1085 2669 1201 2706 sua.

861 2745 913 2797 9.
955 2743 1204 2798 llwretici
1231 2745 1470 2808 Cathari,
1507 2746 1556 2800 id
1585 2757 1669 2800 est
1714 2747 1834 2815 puri
1877 2747 2005 2801 dicti
2039 2748 2359 2804 accedentes

789 2837 1022 2906 primum
1070 2839 1424 2904 ptoliteatttur
1465 2855 1522 2891 sc
1556 2840 1808 2894 Ecclesia:
1853 2839 2226 2895 {unctionibus
2267 2857 2356 2896 οε»

793 2941 1071 2987 sensuros,
1123 2942 1185 2980 ac
1214 2944 1336 2980 cum
1365 2929 1593 2997 liigamis
1617 2929 2129 2991 communicaturos,
2164 2931 2358 3000 lapsis-

792 3035 899 3088 que
932 3019 1144 3074 veniam
1181 3020 1574 3089 impertituros.
1637 3023 1712 3074 Ae
1763 3022 1804 3074 si
1859 3025 1949 3090 qui
2004 3022 2238 3075 ordinati
2271 3038 2354 3076 re-

794 3111 1090 3178 periantur,
1141 3111 1250 3163 sint
1299 3112 1352 3162 in
1395 3111 1588 3164 eodem
1634 3113 1843 3174 ordine,
1888 3111 2119 3179 exempli
2165 3111 2356 3179 gratia,

791 3203 880 3271 qui
912 3216 1033 3256 vere
1059 3210 1143 3258 est
1170 3204 1476 3272 episcopus,
1499 3205 1568 3257 sit
1597 3204 1912 3270 episcopus
1941 3204 2032 3271 qui
2067 3219 2194 3256 vero
2217 3202 2357 3272 apud

792 3293 1053 3348 Catharos
1087 3307 1168 3348 cst
1196 3296 1508 3364 episcopus,
1541 3296 1611 3348 sit
1632 3296 2073 3364 chorcpiscopus,
2109 3295 2190 3348 vel
2231 3311 2356 3363 pre-

793 3388 992 3457 sbyteri
1025 3397 1117 3440 aut
1159 3389 1398 3455 episcopi
1444 3388 1650 3440 honore
1691 3385 1942 3456 gaudeat.
1989 3386 2179 3454 Neque
2212 3386 2355 3440 enim

791 3479 898 3530 duo
926 3488 1088 3531 erunt
1118 3477 1168 3529 in
1201 3495 1304 3530 una
1336 3479 1466 3530 urbe
1498 3477 1758 3546 episcOpi,

861 3570 944 3623 lO.
989 3569 1088 3634 Qui
1121 3570 1239 3623 sine
1273 3569 1676 3623 examinatione
1710 3569 2054 3632 ordinantur,
2106 3570 2150 3623 si
2199 3569 2354 3623 dein-

789 3676 916 3728 ceps
943 3659 1122 3713 delicti
1154 3669 1469 3729 arguantur,
1511 3675 1541 3713 e
1567 3660 1733 3729 gradu
1760 3660 2140 3714 deturbentur.

861 3754 945 3805 ll.
989 3753 1310 3821 Quicunque
1340 3768 1404 3806 ex
1444 3753 1608 3821 lapsis
1641 3752 1870 3806 ordinati
1904 3763 2051 3814 sunt,
2077 3769 2172 3821 per
2203 3752 2354 3822 igno-

792 3847 1016 3899 rantiam
1069 3857 1162 3900 aut
1219 3845 1706 3899 dissimulationem
1734 3859 1922 3898 eorum
1964 3845 2053 3913 qui
2087 3860 2182 3898 eos
2209 3845 2356 3898 ordi-

794 3949 1006 4002 narunt,
1035 3941 1396 4008 deponantur.

863 4030 947 4080 19..
989 4030 1087 4093 Qui
1146 4030 1262 4082 sine
1300 4029 1625 4082 necessitate
1691 4029 2007 4098 transgressi
2052 4041 2213 4089 sunt,
2256 4029 2354 4080 etsi

794 4117 944 4168 venit:
986 4117 1092 4169 sint
1137 4117 1357 4186 indigni,
1413 4118 1620 4169 veniant
1653 4128 1832 4169 tamen
1877 4117 2110 4186 aliquam
2162 4132 2354 4171 consc-

791 4212 896 4260 mti
931 4209 1212 4261 duodecim
1243 4224 1416 4262 annos
1444 4224 1562 4262 sese
1595 4210 1938 4262 submittant.

862 4301 944 4352 l3.
989 4301 1086 4364 Qui
1119 4301 1224 4352 vim
1263 4302 1402 4369 passi
1435 4316 1495 4354 ac
1523 4302 1786 4356 restitisse
1819 4303 1914 4355 visi
1945 4312 2070 4355 sunt
2100 4322 2111 4355 :
2161 4303 2356 4358 deinde

793 4391 1050 4458 impia-tati
1081 4402 1478 4444 consenserunt
1505 4407 1565 4443 ac
1591 4393 1950 4459 resipuerunt,
1980 4395 2166 4447 decem
2186 4409 2356 4448 annos

790 4481 1350 4533 excommunicantur.
1403 4482 1866 4535 tioitsiderandum
1907 4493 1987 4537 est
2018 4486 2070 4536 in
2102 4487 2354 4541 omnibus

2460 2011 2568 2062 τών
2604 2011 2709 2063 ὑπὸ
2749 2010 2970 2079 Ῥώμην
2991 2049 3005 2072 ,
3045 2011 3138 2062 καὶ
3171 2010 3221 2062 οἱ
3250 2011 3306 2061 ἐν
3345 2007 3682 2078 ’Δντιοχεεα,
3721 2009 3813 2059 καὶ
3841 2008 3890 2058 οἱ
3924 2022 4040 2056 λοι-

2461 2105 2556 2156 ποὶ
2579 2103 2688 2156 τῶν
2721 2102 2960 2156 οἰκείων.

2531 2197 2597 2259 ς’.
2640 2195 2707 2250 Εἴ
2751 2213 2831 2258 τις
2864 2197 2920 2248 δὲ
2953 2195 3250 2255 ἐπίσκοπος
3283 2197 3377 2264 τῆς
3411 2193 3505 2247 τοῦ
3534 2193 3749 2264 πρώτου
3782 2194 3908 2261 δίχα
3941 2196 4040 2258 γέ-

2459 2304 2615 2356 νηται
2638 2288 2883 2357 γνώμης,
2917 2289 2990 2357 μὴ
3025 2289 3164 2340 ἔστω
3211 2287 3542 2348 ἐπίσκοποςο
3587 2287 3678 2336 ἐπὶ
3713 2287 3767 2336 δὲ
3791 2296 3892 2350 την
3929 2285 4043 2336 τῶν

2461 2380 2670 2433 πολλῶν
2704 2382 2883 2449 ψῆφον
2914 2384 3208 2450 γινομένην
3241 2379 3382 2432 κατὰ
3427 2379 3648 2440 κανόνα,
3697 2379 3744 2429 εἰ
3773 2382 3922 2448 τρεῖς
3957 2395 4042 2429 τι·

2461 2489 2548 2534 νες
2575 2471 2930 2538 ἀντιλέγοιεν,
2958 2467 3069 2524 εἷεν
3099 2471 3374 2524 ἀϐέϐαιοι.

2533 2573 2601 2632 η’.
2649 2565 2709 2618 ὐ
2739 2565 3034 2626 ἐπίσκοπος
3069 2565 3254 2626 Αίλίας
3285 2562 3570 2631 τιμάοθω,
3623 2562 3936 2632 σωζομένου
3970 2564 4040 2631 τῇ

2463 2656 2792 2724 μητροπόλει
2827 2655 2920 2707 τοῦ
2947 2658 3116 2724 αὐτῆς
3147 2655 3476 2723 ἀξιώματος.

2531 2747 2595 2799 θ’.
2630 2749 2693 2799 Οἱ
2725 2749 2954 2817 καθαροὶ
2985 2748 3434 2817 προσερχόμενοι,
3484 2747 3698 2816 πρῶτον
3743 2747 4040 2814 ὀμολογεί·

2459 2855 2662 2902 τωσαν,
2721 2840 2801 2890 ὅτι
2856 2841 3213 2908 συνθήσονται
3270 2843 3380 2901 τοῖς
3430 2839 3528 2906 τῆς
3559 2839 3917 2906 Ἐκκλησίας,
3950 2839 4044 2889 θε-

2463 2933 2646 2998 σμοῖς·
2699 2932 2792 2983 καδ.
2827 2932 3215 3000 κοινωνήσουσι
3265 2931 3538 2999 διγάμοις,
3605 2932 3696 2982 καὶ
3743 2932 4030 2997 συγχωρήι

2465 3042 2616 3077 σουσι
2651 3026 2760 3085 τοῖς
2806 3025 3118 3075 πεπτωκόσι
3144 3039 3156 3053 ·
3213 3026 3304 3076 καὶ
3341 3024 3513 3085 οὕτως
3563 3026 3614 3075 οἱ
3645 3023 4046 3092 εὑρισκόμενοι

2464 3115 2962 3184 κεχειροτονημένοι
2997 3122 3056 3166 εν
3087 3113 3166 3182 τῷ
3203 3114 3352 3182 αὐτῷ
3385 3115 3646 3180 τάγματι.
3692 3107 3837 3176 Οἷον,
3875 3116 3906 3164 ὁ
3942 3112 4047 3179 μὶν

2463 3207 2667 3276 κυρίως
2698 3208 3015 3269 ἐπίσκοπος,
3049 3207 3135 3274 εἰη
3162 3206 3458 3267 ἐπίσκοπος
3482 3222 3494 3232 ·
3548 3207 3575 3257 ὁ
3631 3206 3686 3259 δὲ
3743 3206 3897 3274 παρά
3929 3205 4046 3258 τοῖς

2463 3296 2722 3366 καθαροῖς
2757 3296 3136 3364 ἐπίσκοπος,ἢ
3172 3297 3587 3364 χωρεπίσκοπος
3615 3297 3790 3357 ἐσται,
3834 3294 3868 3360 ἢ
3904 3311 4043 3363 πρεο

2463 3387 2728 3455 σϐυτὲρου
2771 3386 2955 3454 τιμὴν,
3001 3386 3034 3454 ἢ
3084 3387 3384 3437 ἐπισκόπου
3446 3385 3748 3454 κεκτήσθω.
3812 3385 3891 3437 03
3927 3384 4046 3449 γὰρ

2461 3476 2674 3529 ἔσονται
2708 3477 2801 3529 δύο
2824 3479 2902 3538 είς
2934 3477 3060 3545 μίαν
3087 3477 3240 3528 πόλιν
3270 3475 3580 3529 ἐπίσκοποι.

2534 3568 2584 3622 ι’.
2614 3571 2676 3622 Ol
2703 3571 3073 3636 ἀνεξετάστως
3104 3565 3600 3640 χειροτονούμενοι,
3638 3570 3686 3622 εί
3719 3568 3843 3637 ἑξῆς
3882 3571 4018 3622 ἐλέν

2462 3679 2637 3730 χοιντο
2661 3662 2740 3713 ὅτι
2763 3663 3030 3731 ἥμαρτον,
3061 3660 3204 3713 οὓτω
3235 3659 3659 3714 πεπαύσθωσαν.

2533 3759 2621 3806 ια’.
2654 3753 2716 3804 Οί
2745 3751 3306 3820 παραπεπτωκότεςῆ
3348 3751 3563 3821 ἀγνοίᾳ,
3613 3751 3644 3822 ἢ
3682 3753 3880 3817 γνώσει
3929 3750 4048 3803 τῶν

2463 3847 2982 3916 χειροτονησάντων,
3010 3843 3400 3914 προαχθέντες,
3433 3843 3938 3914 καθαιρείσθωσαν.

2535 4023 2616 4094 ιβ’,
2655 4026 2807 4076 Ὅσοι
2840 4024 3008 4094 χωρὶς
3045 4024 3288 4093 ἀνάγκης
3319 4023 3661 4092 παρέϐησαν,
3693 4025 3740 4075 εἰ
3777 4025 3870 4076 καὶ
3904 4042 4018 4090 συγ

2461 4116 2684 4184 γνώμης
2707 4111 2846 4183 ἦσαν
2877 4111 3104 4178 ἀνάξιοι,
3141 4114 3473 4184 συγγνώμης
3525 4115 3669 4176 τινὸς
3695 4114 4049 4184 ἀξιούμενος,

2459 4205 2665 4256 δώδεκα
2693 4204 2786 4273 ἔτη
2823 4204 3303 4256 ύποπιπτέτωσαν.

2532 4297 2710 4364 ιγ’.οί
2764 4294 3077 4364 βιαζόμενοι
3117 4298 3210 4348 καὶ
3252 4295 3502 4360 δόξαντες
3532 4296 3872 4363 ἀντιστῆναι,
3917 4293 4055 4350 εἶτα.

2460 4387 2823 4456 καταθέμενοι
2869 4389 2933 4456 τῇ
2987 4385 3232 4456 ἀσεϐείᾳ,
3291 4389 3384 4438 καὶ
3429 4388 4054 4456 ἀναστρατευσάμενος,

2457 4481 2740 4533 δεκαετίαν
2774 4479 3241 4548 ἀφοριζέσθωσαν.
3280 4479 3588 4546 Σκοπητέον
3622 4478 3675 4530 δὲ
3718 4479 3802 4545 ἐφ’
3855 4481 4054 4533 ἅπασι

793 4571 1121 4638 ptenitentize
1151 4586 1337 4640 genus.
1372 4573 1448 4625 Ac
1483 4573 1525 4625 si
1555 4573 1598 4625 is
1624 4575 1712 4641 qui
1741 4587 1953 4641 pmnam
1979 4577 2222 4645 suscipit,
2257 4577 2355 4631 fcr-

2462 4572 2522 4622 τὸ
2545 4566 2684 4632 εἶδος
2711 4571 2806 4638 τῆς
2841 4569 3161 4638 μετανοίας·
3215 4571 3308 4620 καὶ
3359 4569 3705 4638 θερμοτέρως
3739 4571 3836 4640 μὲν
3863 4589 4038 4638 μετι

795 4660 1089 4712 γειιιίοτεηι
1115 4675 1170 4712 se
1201 4661 1252 4711 in
1287 4661 1600 4728 paenitendo
1623 4662 1892 4725 ostendat,
1912 4662 2203 4716 humanius
2229 4679 2350 4716 cum

791 4764 856 4802 co
885 4759 1007 4820 agat
1033 4750 1352 4819 cpiscopus:
1398 4750 1438 4803 si
1467 4766 1591 4803 vero
1625 4749 1975 4820 frigidiorctn,
2010 4753 2266 4806 severius.

862 4933 1065 4999 14.Qui
1097 4934 1201 4987 vita
1226 4935 1524 4996 excedunt,
1555 4937 1979 4988 communicent.
2007 4934 2059 4989 Si
2087 4953 2212 4990 vero
2234 4939 2354 5005 quis

791 5041 1032 5093 εβεοιυιη
1067 5026 1433 5089 convalescat,
1468 5027 1538 5080 sit
1566 5042 1688 5080 cum
1718 5027 1784 5080 iis
1809 5037 2016 5080 tantum
2039 5029 2128 5095 qui
2153 5031 2352 5083 oratio-

792 5117 874 5169 nis
906 5129 1029 5170 sunt
1055 5118 1362 5185 participes.

863 5209 950 5260 15.
989 5208 1042 5260 Si
1071 5209 1192 5276 quis
1223 5209 1648 5261 catechumenos
1681 5209 1859 5278 lapsus
1888 5209 2083 5267 fuerit.
2134 5209 2219 5262 hic
2246 5218 2354 5262 trcs

795 5314 962 5352 cunnos
988 5299 1188 5361 audiat,
1257 5299 1415 5367 idque
1445 5300 1653 5353 solum;
1696 5300 1890 5354 deinde
1936 5315 2058 5354 cum
2097 5299 2352 5354 catechu-

793 5389 964 5444 mt‘nis
1006 5402 1142 5441 oret.

865 5483 948 5533 to.
991 5481 1064 5533 Ex
1117 5481 1246 5534 urbe.
1282 5483 1333 5534 in
1381 5484 1569 5535 urbem
1607 5497 1784 5550 neque
1827 5483 2136 5550 episcopus,
2175 5496 2351 5548 neque

795 5577 1089 5640 presbyter,
1125 5587 1298 5638 neque
1330 5575 1587 5628 diaconus
1621 5575 1812 5643 migret
1887 5573 2164 5642 Siquidem
2234 5588 2353 5624 rur-

798 5679 889 5715 sus
925 5665 1281 5718 restituentur
1319 5667 1562 5720 ecclesiis
1592 5666 1644 5720 in
1672 5667 1869 5735 quibus
1899 5667 2130 5720 ordinati
2167 5675 2314 5719 sunt.

870 5847 946 5895 i7-
991 5849 1263 5916 thlquOt
1312 5851 1609 5919 presbyteri
1656 5862 1699 5904 et
1759 5851 1968 5906 draconi
2018 5852 2081 5904 ab
2129 5849 2351 5905 ecclesia

2462 4661 2797 4730 μελουμένου
2826 4660 2921 4712 τοῦ
2950 4661 3247 4726 δεξαμένου
3293 4660 3355 4712 τὸ
3392 4662 3687 4729 ἐπιτίμιον,
3724 4661 4055 4732 φιλανθρω-

2459 4751 2691 4819 πότερον
2742 4753 2769 4802 ὁ
2818 4749 3120 4812 ἐπίσκοπος
3161 4749 3514 4802 διατιθὲσῦω·
3547 4750 3924 4820 ψυχροτέρους,
3957 4755 4054 4816 δὲ,

2457 4844 2910 4911 δραστικώτερον.

2529 4935 2609 4990 ιδ’.
2643 4938 2705 4988 Οἱ
2747 4935 3120 5000 ἐξοδευόμενοι
3168 4937 3598 4989 κοινωνείτωσαν
3617 4951 3628 4964 ·
3661 4935 3710 4986 εί
3737 4934 3792 4987 δέ
3819 4951 3906 4997 τις
3940 4937 4016 4986 αὑ
4035 4964 4052 4976 -

2459 5029 2564 5080 τῶν
2599 5029 2832 5095 ύγιάνοι,
2865 5028 3007 5080 ἔστω
3040 5029 3178 5097 μετὰ
3224 5029 3332 5081 τών
3362 5029 3461 5096 τῆς
3510 5027 3678 5096 εὐχῆς
3709 5029 4050 5080 κοινωνοῦν-

2459 5137 2586 5182 των,
2615 5121 2707 5172 καὶ
2735 5121 2912 5189 μόνον.

2534 5212 2615 5264 ιε’.
2660 5211 2726 5264 Εἴ
2771 5228 2854 5274 τις
2907 5212 3283 5280 παραπέσοιτο
3334 5211 3772 5281 κατηχούμενος,
3827 5214 4058 5268 οὑτωσὶ

2457 5302 2633 5370 τρισὶν
2664 5300 2838 5354 ἔτεσιν
2868 5301 3182 5370 ἀκροάσθω,
3215 5303 3309 5354 καὶ
3337 5303 3494 5368 μόνον
3517 5319 3530 5332 ·
3589 5298 3706 5354 εἶτα
3749 5303 3892 5371 μετά
3927 5306 4058 5357 τῶν

2461 5411 2699 5462 κατηχου
2709 5394 2883 5462 μένων
2918 5392 3177 5462 εὐχέσθω.

2533 5483 2628 5546 ις’.
2662 5482 2758 5535 Ἐκ
2787 5482 2994 5544 πόλεως
3024 5483 3103 5546 είς
3136 5481 3289 5535 πόλιν
3338 5483 3476 5551 μήτε
3528 5482 3846 5544 ἐπίσκοπος,
3890 5487 4056 5552 μήτε

2461 5572 2864 5642 πρεσϐύτερος,
2927 5575 3060 5643 μήτε
3120 5574 3365 5635 διάκονος
3421 5572 3830 5641 μεταϐαινέτω·
3907 5579 4058 5629 ἐπεὶ

2461 5665 2623 5716 πάλιν
2649 5664 3072 5729 ἀποδοθήσονται
3106 5667 3224 5727 τοῖς
3291 5663 3605 5732 ἐκκλησίαις
3646 5665 3708 5715 ἐν
3731 5659 3821 5727 αἷς
3845 5681 3983 5735 κεχε
4001 5688 4056 5719 :-

2462 5755 2793 5823 ροτὸνηνται.

2535 5847 2620 5910 ιζ’,
2653 5849 2806 5900 Ὅσοι
2847 5847 3201 5917 πρεσϐύτεροι
3248 5846 3341 5899 καὶ
3402 5849 3636 5900 dum»:
3683 5847 3781 5916 τῆς
3816 5848 4040 5921 ἐκιέη-
