4162 6474
726 443 829 506 247

1839 448 2228 512 SYMEONIS
2271 449 2847 511 ME'IAPHRAST.E

3878 459 3986 521 2&8

796 560 850 613 4.
894 557 998 624 Qui
1028 559 1095 612 ab
1121 560 1377 631 episc0po
1407 560 1878 620 eondemnatus,.a
1912 556 2164 614 Nestorio
2191 574 2306 614 sus-

2483 558 2544 613 6'.
2592 561 2648 612 '0
2680 560 3037 630 κατακριθεὶς
3069 561 3126 627 ἐξ
3152 562 3480 628 ἐπισκόπου,
3531 565 3624 616 καὶ
3657 563 3761 617 ὑπὸ
3785 565 3998 620 Νεστο-
4081 551 4087 555 ί

723 661 917 720 ceptus
950 660 1054 713 est,
1088 649 1141 703 id
1170 651 1300 704 nihil
1333 651 1378 705 ei
1408 649 1602 720 prosit.

792 744 846 798 5.
890 743 1082 796 Laicus
1129 744 1220 812 qui
1250 743 1457 814 synodo
1491 742 1717 806 resistit,
1755 740 2299 796 excommunicatur:

723 834 954 889 clericus
985 850 1114 888 vero
1146 835 1365 902 insuper
1391 833 1693 888 abdicetur.

792 924 843 980 6.
882 924 1184 994 Episcopus
1232 923 1449 976 aliama
1502 923 1719 976 Nicmna
1780 922 1939 978 ﬁdem
1993 919 2301 991 proferens,

724 1014 938 1070 alienus
991 1016 1060 1069 ab
1105 1013 1350 1068 Ecclesia
1401 1013 1674 1066 habetur:
1733 1013 1905 1067 laicus
1952 1026 2084 1066 vero
2130 1009 2308 1082 expel-

723 1107 870 1162 Iitttr.

793 1198 842 1251 7.
890 1196 1188 1254 Serventur
1227 1215 1324 1254 sua
1371 1200 1569 1269 cuique
1596 1197 1893 1269 provinciae
1911 1198 2035 1268 jura
2065 1211 2198 1266 pura
2226 1206 2300 1250 at-

722 1305 829 1358 que
878 1289 1133 1366 inviolata
1162 1308 1175 1344 :
1237 1292 1329 1360 qui
1378 1300 1560 1345 autem
1591 1289 1920 1346 contrariam
1952 1288 2038 1344 his
2073 1286 2306 1342 formam

723 1382 955 1445 inducit,
996 1380 1166 1436 futilis
1195 1392 1298 1437 est.

792 1473 846 1528 8.
895 1475 1216 1530 Eustathius
1265 1490 1392 1529 cum
1434 1476 1696 1531 resistere
1725 1481 2043 1530 constanter
2085 1471 2309 1527 deberet

725 1567 854 1636 (hoc
885 1567 1030 1620 enim
1061 1566 1240 1620 omnis
1270 1567 1432 1621 debet
1455 1566 1789 1637 episcopus),
1820 1576 1967 1634 terga
1994 1564 2150 1619 facile
2173 1564 2308 1617 dans

723 1657 1069 1713 detrectavit.
1101 1656 1422 1713 Theodorus
1447 1659 1500 1711 in
1526 1659 1642 1726 ejus
1664 1657 1842 1710 locum
1881 1657 2166 1711 ordinatus
2194 1663 2303 1709 est.

724 1748 818 1802 ille
846 1764 972 1802 vero
1002 1748 1306 1820 laerymans
1332 1757 1494 1817 atque
1527 1761 1762 1801 exorans
1796 1747 2062 1801 honorem
2086 1744 2303 1815 repetit.

721 1840 825 1905 Qui
858 1841 1002 1894 illius
1031 1841 1151 1892 loco
1171 1840 1335 1894 alium
1360 1839 1636 1894 ordinavit
1666 1839 1855 1894 insons
1880 1848 1983 1902 est,
2015 1854 2137 1892 cum
2166 1837 2307 1892 illius

2417 649 2531 719 ρίου
2568 649 2800 720 δεχθεὶς,
2832 651 3202 721 ἀνωφέλητος.

2484 747 2545 794 ε’.
2575 741 2973 812 Ἀκοινώνητος
3008 743 3035 795 6
3068 741 3256 805 λαῖκδς
3282 743 3312 795 6
3341 743 3739 814 ἀντοφθαλμῶν
3777 748 3844 817 τῇ
3869 762 3997 798 συν-

2411 833 2515 903 όδῳ
2534 849 2546 862 ·
2571 835 2598 886 6
2626 833 2682 887 δέ
2711 834 2995 906 κληρικδς,
3033 835 3112 887 ἐτι
3143 836 3238 888 καὶ
3268 835 3682 906 ἀποκήρυκτος.

2485 924 2558 988 ς’.
2601 925 2660 980 '0
2713 927 2894 978 πίστιν
2940 927 3136 997 ἑτέραν
3191 925 3291 992 τῆς
3339 928 3396 977 ἐν
3446 927 3652 998 Νικαίᾳ
3697 927 3998 999 προσάγων

2412 1017 2732 1084 ἐπίσκοπος,
2773 1017 3170 1089 ἠλλοτρίωται·
3211 1019 3397 1083 λαῖκδς
3431 1019 3487 1073 δὲ
3533 1019 3994 1090 ἐξωστράκισται.

2483 1199 2547 1264 ζ’.
2575 1200 2861 1270 Τηρείσϐω
2888 1202 2954 1255 τά
2985 1203 3189 1274 ἑκάστῃ
3223 1205 3464 1275 ἐπαρχίᾳ
3490 1205 3762 1275 προσόντα
3781 1205 3992 1271 δίκαια,

2413 1291 2630 1363 καθαρά
2689 1295 2784 1346 καὶ
2840 1293 3098 1348 ἀϐίαστα.
3159 1297 3218 1350 '0
3264 1295 3321 1348 δὲ
3381 1294 3551 1348 τύπον
3618 1297 3997 1367 ἀντικείμενον

2411 1384 2620 1447 τούτοις
2653 1387 2910 1452 εἰσάγων,
2937 1387 3215 1458 ἀνόνητος.

2483 1482 2553 1545 η’.
2587 1476 2864 1546 Ἀντέχειν
2890 1477 3124 1547 ὀφείλων
3155 1480 3457 1543 Εὐστὰθιος
3488 1498 3655 1552 καρτε
3669 1480 3804 1551 ρῶς·
3832 1482 4003 1536 τοῦτο

2413 1567 2521 1636 γὰρ
2546 1567 2693 1630 ἆπας
2713 1583 2726 1598 ·
2780 1567 2926 1622 νῶτα
2953 1571 3077 1634 δοὺς
3109 1572 3325 1638 ἀφελῶς
3358 1575 3738 1643 παρῃτήσατο.
3780 1574 3998 1627 Θεόδω-

2415 1677 2504 1729 ρος
2535 1662 2666 1726 ἀντὶ,
2707 1661 2903 1714 τούτου
2936 1667 3416 1734 κεχειροτόνηται·
3469 1667 3497 1718 6
3553 1667 3608 1719 δὲ
3661 1665 3866 1720 κλαίων
3900 1668 4006 1719 καὶ

2410 1749 2677 1803 δυσωπῶν
2718 1750 2815 1821 τὴν
2845 1753 3012 1822 τιμὴν
3044 1756 3223 1806 αἰτεῖ·
3281 1757 3310 1807 6
3347 1756 3460 1809 ἀντ’
3504 1757 3715 1808 ἐκείνου
3745 1772 4003 1824 χειροτο-

2412 1841 2582 1904 νήσας
2612 1839 2924 1904 ἀνεύθυνος,
2960 1839 3097 1911 ἔχων
3120 1841 3323 1912 δηλαδὴ
3352 1843 3450 1912 τὴν
3481 1843 3691 1895 ἐκείνου
3715 1843 4006 1914 παραίτηε-

725 1931 1124 1986 recusationem
1144 1947 1240 2002 pro
1264 1933 1492 1988 crimine
1517 1932 1733 1986 habeat.
1762 1931 1879 1984 Hoc
1899 1938 2080 1984 autem
2103 1932 2306 2000 justum

2419 1948 2504 1984 σιν
2528 1933 2644 1984 ἀντ’
2675 1933 3022 2003 ἐγκλήματος
3045 1950 3058 1964 ·
3083 1935 3111 1986 6
3139 1935 3194 1988 δὲ
3224 1935 3571 1989 δεδικαίωται
3607 1936 3768 2004 μόνον
3801 1913 4002 1997 τοῦτο,

722 2042 846 2081 esse
878 2027 1054 2081 visum
1083 2038 1165 2081 est
1189 2066 1202 2089 ,
1255 2027 1608 2096 episcopatus
1639 2041 1837 2081 nomen
1883 2026 2030 2080 illum
2076 2025 2302 2087 habere,

723 2119 1009 2190 ipsamque
1043 2120 1510 2184 communionem,
1567 2120 1821 2189 quodque
1857 2120 1960 2173 hoc
2013 2116 2302 2188 benignius

725 2214 903 2268 visum
945 2213 1038 2268 sit.
1292 2224 1295 2227 '
1400 2213 1402 2215 ’

724 2324 963 2392 Epitomc
1001 2344 1258 2380 canonum
1303 2338 1605 2379 sanctorum
1637 2324 1798 2378 Patre
1825 2323 2156 2379 Chalcedone
2180 2339 2301 2376 con-

1308 2409 1667 2466 gregatorum.

791 2487 845 2541 9..
885 2486 982 2552 Qui
1029 2490 1162 2543 emit
1189 2497 1246 2541 et
1291 2490 1380 2557 qtti
1429 2487 1616 2541 vendit
1665 2487 2103 2548 ordinationem,
2157 2485 2299 2538 circa

723 2581 917 2648 gratius
959 2582 1312 2648 periclitatur.
1368 2580 1476 2635 Lex
1506 2590 1688 2635 autem
1719 2581 1881 2635 etiam
1913 2595 2086 2649 usque
2116 2579 2180 2632 ad
2209 2593 2306 2647 pa-

724 2674 1112 2729 rnmonarium.

785 2767 840 2816 5.
874 2762 978 2828 Qui
1023 2762 1306 2818 domorum
1355 2765 1692 2819 sa-cularium
1744 2778 1930 2818 curam
1976 2762 2302 2832 suscipiunt,

723 2857 1076 2926 corripiendi,
1105 2858 1208 2914 nisi
1246 2859 1384 2914 forte
1415 2859 1482 2913 ad
1516 2857 1743 2914 minoris
1773 2857 2300 2914 administrationem

723 2953 1147 3006 inexcusabilem
1182 2953 1262 3007 lex
1297 2953 1608 3014 vocaverit,
1665 2963 1760 3006 aut
1799 2954 2088 3023 episcopus
2117 2951 2184 3006 ad
2215 2967 2304 3020 pu-

724 3042 975 3110 pillorum
1008 3051 1064 3096 et
1096 3042 1382 3097 viduarum
1416 3058 1602 3096 curam
1640 3043 1967 3098 incitaverit.

789 3133 841 3187 4.
886 3133 1086 3188 Domus
1117 3134 1349 3188 orationi
1386 3134 1582 3200 dicata,
1628 3145 1719 3190 aut
1750 3135 2140 3189 monasterium
2170 3133 2301 3187 citra

2412 2023 2472 2076 τὸ
2523 2025 2623 2093 τῆς
2679 2025 2988 2095 ἐπισκοπῆς
3017 2026 3161 2096 ἔχειν
3192 2028 3386 2096 ὄνομα,
3431 2028 3526 2081 καὶ
3570 2027 3668 2100 τὴν
3699 2027 4000 2082 κοινωνίαν

2411 2113 2616 2184 αὐτήν·
2647 2115 2742 2168 καὶ
2773 2118 2852 2169 ὅτι
2887 2120 3255 2190 χρηστότερον
3285 2119 3550 2174 δέδοκται.

2409 2321 2689 2391 Ἐπιτομὴ
2728 2326 3003 2378 κανόνων
3039 2324 3155 2378 τῶν
3194 2326 3264 2380 ἐν
3293 2325 3642 2393 Καλχηδόνι
3673 2327 3861 2381 ἁγίων
3895 2330 4004 2383 καὶ

2863 2399 3176 2464 μακαρίων·
3211 2396 3510 2464 Πατέρων.

2483 2483 2548 2553 β’.
2593 2485 2651 2538 'U
2680 2486 3044 2556 ἐξωνούμενος
3074 2489 3166 2540 καὶ
3201 2492 3229 2541 6
3266 2489 3597 2557 πιπράσκων
3630 2490 4000 2560 χειροτονίαν,

2410 2577 2540 2645 περὶ
2571 2580 2695 2640 τοὺς
2725 2578 2968 2649 βαθμοὺς
3018 2582 3386 2655 ἐπικινδύνοι·
3424 2583 3451 2635 6
3480 2582 3534 2634 δὲ
3567 2583 3728 2645 νόμος
3761 2585 3867 2647 ἓως
3905 2587 4010 2638 καὶ

2409 2670 2822 2739 παραμοναρίου
2837 2709 2851 2722 .

2479 2765 2549 2826 γ’.
2581 2759 2648 2811 υἱ
2677 2761 2961 2830 κοσμικῶν
3014 2763 3183 2816 οἴκων
3229 2764 3550 2834 ἐπιμέλειαν
3581 2767 4006 2836 ἀναδεχόμεναι,

2411 2855 2783 2924 ἐπιτιμητέοι·
2813 2854 2952 2923 πλὴν
2979 2857 3026 2906 εἰ
3061 2856 3135 2925 μὴ
3158 2856 3380 2909 καλέσει
3414 2857 3577 2926 νόμος
3611 2859 3690 2921 είς
3720 2858 4009 2928 ἀφήλικος

2409 2943 2677 3015 διοίκησιν
2707 2945 3085 3015 ἀπαραίτητος
3105 2964 3118 2977 ·
3146 2947 3177 3015 ῆ
3214 2950 3240 2999 6
3266 2947 3563 3010 ἐπίσκοπος
3592 2947 3843 3016 ὀρφανῶν
3905 2952 4009 3001 καὶ

2409 3035 2594 3104 χηρῶν
2625 3035 2943 3102 ἐπιμέλειαν
2971 3035 3336 3105 ἐπιτρέψειεν,

2481 3125 2543 3177 δ’.
2585 3125 2900 3196 Εύκτήριος
2923 3121 3092 3188 οἶκος,
3125 3126 3157 3196 ἢ
3189 3127 3580 3196 μοναστήριον,
3610 3127 3838 3197 γνώμης
3875 3127 4011 3197 δίχα

723 3225 964 3296 episcopi
1007 3227 1336 3282 sententiam
1380 3244 1490 3282 non
1537 3236 1668 3283 sunt
1709 3227 2063 3282 exstruendo.
2116 3225 2305 3280 Omnis

2412 3214 2507 3269 τοῦ
2551 3217 2853 3268 ἐπισκόπου
2896 3216 3177 3269 ἀσύστατα
3201 3233 3216 3247 ·
3252 3218 3399 3280 am;
3437 3218 3494 3270 δέ
3532 3215 3801 3288 μοναστὴς
3863 3216 4011 3268 ὐπο-

725 3325 904 3369 :tutem
937 3319 1239 3376 monachus
1267 3318 1528 3387 episcopo
1557 3317 1898 3387 subjiciatur,
1940 3332 2119 3386 neque
2150 3331 2179 3368 a
2213 3331 2307 3369 sua

725 3413 1008 3466 mansione
1049 3414 1322 3477 discedat,
1381 3416 1488 3469 nisi
1532 3415 1600 3467 ab
1646 3429 1709 3468 co
1765 3414 2048 3469 invitetur.
2104 3412 2306 3466 Servus

725 3505 929 3573 absque
964 3507 1175 3561 domini
1209 3522 1484 3564 consensu
1519 3508 1874 3564 monasticam
1906 3508 2070 3562 vitam
2099 3521 2166 3560 ne
2192 3521 2308 3558 am-

726 3597 1018 3665 plectatur.

797 3687 848 3740 5.
884 3687 984 3752 Qui
1007 3703 1036 3743 e
1065 3691 1285 3745 civitate
1316 3692 1368 3744 in
1387 3691 1664 3746 civitatem
1685 3688 2308 3754 transeunt,canonibus

725 3780 794 3833 de
825 3781 926 3834 hac
956 3796 1013 3834 re
1046 3785 1271 3837 saneitis
1302 3785 1684 3854 subjiciantur.

797 3873 848 3924 6.
896 3873 954 3925 ln
1008 3875 1282 3946 ntartyriis
1323 3887 1418 3930 aut
1465 3878 1740 3941 oratoriis,
1795 3876 1888 3930 sed
1923 3891 2028 3929 non
2062 3876 2308 3930 absolute

727 3961 1024 4018 crdinubis.
1056 3963 1149 4018 Sin
1185 3981 1312 4020 vero
1336 3967 1430 4035 qui
1449 3967 1733 4021 ordinatus
1754 3976 1860 4032 est,
1883 3965 2049 4036 gradu
2079 3965 2303 4019 excidit.

803 4146 853 4200 7.
893 4144 994 4211 Qui
1029 4146 1171 4201 inter
1205 4147 1431 4201 clericos
1469 4157 1563 4201 aut
1598 4147 1898 4201 monachos
1941 4145 2167 4200 allectus
2199 4156 2301 4210 est,

728 4237 772 4290 si
807 4236 1052 4291 militiam
1091 4246 1185 4291 aut
1218 4237 1536 4308 dignitatem
1564 4245 1880 4308 arroganter
1914 4236 2154 4302 aﬂectet,
2191 4253 2308 4292 ma-

726 4327 977 4381 ledictus.

798 4419 850 4472 8.
893 4419 1139 4473 Clericus
1174 4420 1226 4473 in
1262 4421 1638 4475 mendieorum
1678 4421 1862 4484 domo,
1895 4432 1986 4478 aut
2021 4423 2077 4477 in
2119 4437 2307 4476 mona-

729 4511 895 4564 sterio
940 4511 1142 4580 degens
1196 4513 1434 4581 episcOpi
1492 4513 1641 4567 urbis
1695 4514 1948 4583 potestati
2006 4512 2302 4583 subjaceat.

728 4601 831 4666 Qui
866 4618 992 4655 vero
1023 4603 1089 4656 ab
1117 4617 1184 4656 eo
1214 4603 1407 4667 resilit,
1439 4619 1653 4673 poenam
1687 4606 1897 4660 subeat.

799 4697 850 4750 9.
888 4695 1082 4749 Clerici
1116 4697 1408 4766 litigantes,
1442 4699 1484 4750 si
1530 4698 1720 4752 relicto
1757 4699 2014 4767 episcopo
2048 4697 2113 4751 ad
2142 4711 2311 4751 δαιουτ

729 4788 861 4840 laria
893 4787 1099 4855 judicia
1137 4803 1196 4840 se.
1237 4786 1541 4850 conferant,
1575 4787 1836 4842 canonice
1872 4787 2172 4856 puniantur
2204 4803 2217 4838 :
2250 4800 2313 4838 ac

729 4880 958 4932 clericus
998 4895 1122 4932 cum
1166 4878 1422 4948 episcopo
1447 4879 1784 4932 eontendens
1817 4879 2082 4947 synodum
2120 4891 2313 4945 exspe-

729 4981 881 5027 ctet:
919 4973 1375 5042 metropolitanus
1421 4988 1552 5027 vero
1584 4973 1872 5042 episcopus
1901 4973 1968 5025 ad
1997 4971 2309 5025 Constanti-

729 5064 1104 5133 nepolitanum
1137 5073 1413 5133 provocet.

809 5154 893 5209 10.
935 5154 1172 5208 Duarum
1219 5156 1436 5210 urbium
1463 5156 1711 5212 ecclesiis
1750 5156 1982 5211 clericus
2020 5171 2129 5210 non
2161 5155 2312 5208 addi~

727 5249 873 5304 citur
905 5267 923 5307 :
954 5249 999 5303 si
1044 5263 1171 5302 vero
1201 5247 1448 5303 addictus
1495 5248 1679 5315 fuerit,
1710 5248 1777 5303 ad
1811 5249 2039 5318 primam
2070 5259 2311 5303 reverte-

737 5351 839 5393 tur.
889 5340 942 5394 Si
993 5341 1113 5408 quis
1163 5350 1346 5394 autem
1393 5340 1501 5409 jam
1550 5341 1843 5395 translatus
1890 5341 2072 5406 fuerit,
2116 5341 2312 5410 prioris

731 5435 972 5489 ecclesia:
1023 5447 1203 5486 rerum
1239 5431 1389 5486 nullo
1420 5431 1582 5486 modo
1616 5432 1886 5500 particeps
1921 5431 2010 5485 sit.

802 5523 887 5574 Η.
924 5524 1200 5590 lauperes
1229 5519 1475 5589 epistolis
1505 5521 1782 5582 instructi,
1811 5530 1864 5573 at
1890 5537 1999 5574 non
2034 5535 2311 5574 commen-

729 5613 935 5668 datitiis
978 5613 1170 5667 .litteris
1211 5613 1312 5667 iter
1357 5612 1558 5667 faciant
1602 5629 1616 5666 :
1671 5612 2126 5668 commendatitia:
2163 5612 2308 5668 enim

729 5706 1132 5761 existimatione
1164 5706 1402 5777 praeditis
1430 5706 1648 5766 dantur.

805 5798 891 5851 12.
938 5797 992 5852 In
1025 5799 1161 5853 duas
1191 5797 1498 5867 provincias
1527 5812 1634 5851 una
1662 5798 1938 5868 provincia
1971 5813 2078 5851 non
2109 5797 2308 5852 scindi-

734 5901 840 5956 tur,
895 5894 982 5962 qui
1037 5907 1163 5946 vero
1219 5891 1437 5946 sciderit
1484 5891 1796 5961 episcopatu
1855 5890 2127 5961 dejicitur.
2177 5892 2308 5956 Qum

2415 3307 2664 3375 τετάχθω
2705 3307 2783 3378 τῷ
2834 3308 3140 3377 ἐπισκὸπῳ,
3185 3311 3279 3361 καὶ
3308 3309 3409 3378 τῆς
3452 3309 3640 3376 μονῆς,
3675 3309 3722 3360 εί
3755 3307 3830 3377 μὴ
3863 3309 4010 3387 παρ’

2413 3399 2579 3453 αὑτοῦ
2614 3399 2997 3470 προτρέποιτο,
3041 3400 3115 3470 μὴ
3148 3400 3465 3466 ἀφίσταται.
3502 3400 3698 3463 Δοῦλος
3725 3400 3805 3464 δὲ,
3839 3401 3890 3451 εἱ
3926 3400 4008 3469 μὴ

2413 3490 2611 3561 γνώμῃ
2638 3489 2733 3544 τοῦ
2764 3491 3058 3557 δεσπότου,
3084 3490 3160 3560 μὴ
3197 3491 3498 3559 μοναζέτω.

2485 3677 2544 3732 ε’.
2596 3679 2659 3731 Οί
2713 3677 3134 3748 μεταϐαίνοντες
3179 3679 3245 3731 ἐκ
3291 3679 3499 3741 πόλεως
3542 3679 3619 3740 εἰς
3651 3676 3830 3739 πόλιν,
3866 3675 4010 3739 τοὺς

2415 3769 2544 3841 περὶ
2571 3770 2762 3822 τούτου
2794 3771 3027 3832 κανόνας
3061 3769 3542 3822 ὑποϐλεπέτωσαν.

2487 3867 2561 3925 ς’.
2595 3861 2723 3914 Ἐπὶ
2757 3863 3079 3931 μαρτυρίοις
3124 3864 3156 3931 ἢ
3193 3861 3528 3930 εύκτηρίοις,
3555 3861 3656 3913 οὐκ
3707 3859 4008 3921 ἀπολύτως

2412 3955 2855 4026 χειροτονήσεις·
2908 3955 2956 4006 εί
3005 3955 3062 4006 δὲ
3110 3954 3220 4024 μὴ,
3291 3954 3703 4024 ἀχειροτόνητος
3753 3954 3781 4004 6
3832 3950 4011 4020 δῆθεν

2414 4047 2915 4118 χειροτονούμενος.

2490 4138 2556 4201 ζ’.
2600 4139 2660 4191 ’0
2692 4136 3050 4207 κληρωθεὶςῆ
3082 4151 3342 4205 μονασας,
3376 4136 3410 4204 ἦ
3444 4135 3557 4208 [γρ.
3589 4135 3662 4206 εί]
3687 4135 3780 4186 ἐπὶ
3823 4151 4010 4204 στρα⁹

2409 4232 2580 4295 τείαν,
2616 4231 2648 4300 ἢ
2681 4229 2863 4296 ἀξίαν,
2900 4229 3324 4293 ἀπαυθαδιάσει,
3356 4231 3650 4298 ἐπάρατος.

2483 4416 2551 4487 η’.
2593 4417 2654 4469 '0
2678 4419 2735 4470 ἐν
2763 4416 3016 4485 πτωχείῳ
3055 4415 3086 4486 ἢ
3121 4415 3356 4484 σεμνείῳ
3387 4413 3714 4484 κληρωθεὶς,
3747 4412 4018 4482 βλεπέτω

2411 4509 2510 4580 τὴν
2533 4509 2782 4573 ἐξουσίαν
2805 4507 2897 4560 τοῦ
2933 4508 3236 4561 ἐπισκόπου
3267 4506 3365 4575 τῆς
3413 4506 3642 4569 πόλεως.
3677 4504 3736 4558 Ὀ
3772 4504 3828 4557 δὲ
3871 4504 4015 4557 τώ·-

2413 4619 2507 4655 του
2538 4601 2876 4672 ἀφηνιάζων,
2908 4600 3228 4668 γινωσκέτω
3258 4598 3318 4652 τὸ
3348 4599 3645 4667 ἐπιτίμιον.

2487 4695 2552 4745 θ’.
2618 4693 2890 4762 Κληρικοὶ
2941 4690 3310 4760 δικαζόμενοι,
3348 4691 3395 4742 εί
3439 4690 3703 4758 ἀφέμενοι
3733 4688 3822 4741 τδν
3871 4691 4014 4743 ἐπί*

2416 4801 2640 4849 σκοπον,
2681 4787 2972 4854 κοσμικοῖς
2999 4784 3304 4854 κριτηρίοις
3334 4783 3641 4851 ὁρμήσωσι,
3691 4781 4016 4846 κανονικῶς

2415 4878 2827 4932 εὐθυνέσοωσαν
2849 4891 2864 4905 ·
2903 4878 2998 4929 καὶ
3034 4877 3292 4946 κληρικδς
3346 4875 3628 4944 ἐπισκόπῳ
3662 4875 3974 4944 διαφερόμε
4007 4910 4014 4914 -

2414 4987 2500 5033 νος
2536 4971 2742 5040 μενέτω
2767 4969 2864 5038 τὴν
2894 4967 3140 5020 σύνοδον·
3172 4969 3268 5019 καὶ
3323 4967 3728 5037 μητροπολίτης
3756 4965 4013 5020 ἐπίσκο-

2414 5081 2514 5126 πος
2549 5063 2640 5115 τὸν
2674 5059 3306 5122 Κωνσταντινουπόλεως
3337 5059 3696 5128 ἐξαιτήσοιτο.

2487 5159 2537 5210 ι’.
2591 5152 2694 5204 Δύο
2744 5151 2951 5203 πόλεων
2997 5153 3145 5211 ναοῖς
3190 5149 3449 5219 κληρικὸς
3482 5151 3544 5202 οὐ
3593 5149 4012 5216 καταλέγεται·

2413 5248 2462 5298 εί
2489 5245 2543 5299 δὲ
2579 5243 2966 5314 καταλεχθεὶη,
2998 5241 3078 5312 τῷ
3120 5243 3371 5312 προτέρῳ
3400 5243 3900 5313 ἐπιστραφήσεται.
3935 5243 4016 5296 ει

2411 5339 2469 5391 δὲ
2523 5335 2783 5406 μετετέθη
2835 5352 2918 5396 τις
2941 5336 3064 5405 ήδη,
3095 5336 3169 5406 μὴ
3198 5334 3623 5388 ἐπικοινωνείτω
3663 5336 3807 5389 κατά
3869 5352 4015 5390 ϊινεπ⁵

2411 5433 2612 5503 τρόπον
2633 5433 2745 5492 τοῖς
2775 5430 2873 5498 τῆς
2901 5429 3170 5499 προτέρας
3201 5430 3520 5500 πράγμασιν
3549 5428 3864 5498 ἐκκλησίας.

2489 5529 2578 5575 ια’.
2613 5524 2676 5574 Οἱ
2709 5521 2940 5589 πένητες
2987 5521 3324 5587 ἐπιστολαῖς,
3356 5521 3493 5574 ἀλλά
3526 5523 3600 5592 μὴ
3633 5526 4014 5584 συστατικαῖς

2413 5613 2770 5666 ὀδευέτωσαν·
2815 5611 2869 5663 αί
2913 5611 3022 5680 γὰρ
3072 5612 3396 5666 συστατικαὶ
3441 5614 3507 5683 τῇ
3541 5610 3809 5680 ὑπολήψει
3851 5628 4013 5681 παρ-

2414 5704 2650 5773 έχονται.

2488 5794 2572 5865 ιβ’.
2605 5797 2698 5858 EE;
2736 5796 3004 5866 ἐπαρχίας
3027 5795 3119 5849 δύο
3146 5798 3178 5864 ἡ
3207 5795 3442 5866 ἐπαρχία
3474 5795 3570 5864 μία
3607 5794 3666 5847 ού
3695 5794 3971 5864 τέμνεται
3997 5815 4010 5825 ·

2413 5889 2439 5942 6
2464 5889 2518 5942 δὲ
2545 5887 2744 5959 τεμὼν,
2773 5889 3158 5954 ἀνεπίσκοπος.
3184 5888 3247 5941 ΔΞ
3278 5887 3332 5942 δὲ
3361 5887 3648 5959 γράμμασι
3688 5885 4011 5956 gusti-xx;
