4162 6474
90 452 172 513 εις
1283 450 1620 511 EPITOME
1659 450 2053 516 CANONUM.

3215 462 3321 524 250

99 561 375 631 τιμηοείσαι
406 560 618 622 πόλεις,
647 560 745 628 τῆς
793 560 956 628 τιμῆς
988 560 1415 612 ἀπολαυέτωσαν
1466 562 1648 629 μόνον,
1681 569 1726 626 Α

1695 569 1726 624 Α
1758 578 1938 621 autem
1977 569 2323 637 imperatoris
2371 570 2634 639 rescripto
2675 569 2858 623 scissae
2904 577 3029 622 sunt
3071 568 3338 628 civitates.

94 656 165 705 καὶ
192 655 215 703 ὁ
240 649 468 702 αὐτόθεν
514 652 817 714 ἐπίσκοπος
840 666 854 682 ο
883 654 947 720 τῇ
973 652 1030 703 δὲ
1055 650 1272 720 ἀληθῶς
1306 652 1640 723 μητροπόλει

94 748 145 797 τὰ
161 747 318 797 οἰκεία
348 742 716 806 σωζέσθωσαν
750 746 958 799 δίκαια.

148 931 522 1001 ιγ’.Κληρικὸς
570 931 695 1001 δίχα
743 930 1090 985 συστατικῶν
1134 929 1507 1000 ἀκοινώνητος
1560 920 1639 992 εἰς

97 1026 215 1076 πόλιν
242 1024 457 1091 ἑτέραν.
520 1028 526 1032 ’

151 1114 216 1171 ,δη
254 1114 618 1183 ’ῐ-ῖτερόὸοξος,
649 1115 745 1166 καὶ
772 1113 1006 1184 ψάλτης.
1048 1114 1139 1167 καὶ
1174 1113 1552 1183 ἀναγνώστης.
1594 1114 1641 1166 ei

97 1212 239 1279 γήμας
281 1210 579 1272 ἐτέκνωσε,
618 1210 887 1279 προσάγει
931 1211 998 1276 τῇ
1054 1207 1311 1277 κοινωνίᾳ
1355 1206 1424 1257 τὰ
1456 1207 1645 1270 τέκνα,

98 1304 219 1370 εἰπερ
246 1303 419 1353 ἐκεῖσε
447 1300 816 1370 βεδὰπτισται
837 1316 849 1329 ⁸
878 1301 927 1352 εί
946 1299 990 1352 δ’
1018 1299 1098 1352 ἔτι
1132 1300 1283 1369 μένει
1312 1298 1645 1362 ἀϐάπτιστα,

99 1401 243 1449 (rixari
268 1397 597 1467 βαπτίζεται
626 1398 742 1459 τοῖς
771 1397 1089 1465 αἱρετικοῖς.

153 1578 221 1633 ιε’.
248 1582 579 1632 Διακόνισσα
631 1581 680 1631 εί
714 1580 789 1649 μὴ
821 1579 1235 1648 τεσσαράκοντα
1275 1576 1370 1646 ἔτη
1406 1579 1467 1629 οὺ
1496 1578 1644 1644 γίνε-

100 1692 191 1728 ται·
219 1678 278 1745 τῇ
310 1675 364 1727 δὲ
392 1674 487 1727 διὰ
524 1675 710 1745 γάμου
756 1674 858 1745 τὴν
888 1672 1240 1741 λειτουργίαν
1286 1671 1644 1743 ἐξυϐρισάσῃ,

100 1770 222 1821 ἀνὰθε
233 1787 323 1837 μα.

153 1860 230 1923 ις’.
259 1860 600 1926 Μονάζοντες
656 1860 689 1931 ἢ
738 1860 1073 1930 μονάζουσαι
1122 1859 1200 1930 μὴ
1252 1859 1641 1929 γαμείτωσαν·

100 1952 196 2003 ἐπεὶ
220 1952 456 2005 ἔστωσαν
481 1951 863 2023 ἀκοινώνητοι.

154 2046 223 2107 ιζ’,
249 2044 549 2116 Ἐγχώριος
575 2046 670 2099 καὶ
697 2046 934 2116 ἀγροικὴ
988 2044 1274 2115 παροικία,
1314 2045 1364 2097 εἰ
1392 2060 1645 2114 τριακον-

100 2135 278 2198 ταετίας
302 2137 635 2208 ἐσχέθησαν,
668 2138 1089 2206 κατεχέσθωσαν
1111 2153 1125 2167 ·
1156 2140 1206 2190 εί
1232 2136 1286 2189 δὲ
1316 2137 1521 2205 ταύτης
1554 2136 1641 2186 ἐν-

100 2227 166 2288 1's,-
192 2226 246 2297 [f.
278 2230 574 2297 γεγένηταί
632 2245 717 2289 τις
768 2230 896 2299 περῖ⁵
943 2228 1126 2281 αὐτῶν
1181 2225 1639 2297 ἀμφισὸήτησι;],

104 2313 185 2369 εἷεν
210 2318 481 2371 ὑπόδικον
514 2320 564 2371 εί
594 2317 769 2371 δὲκαὶ
804 2317 1115 2370 κανόνισται
1136 2313 1246 2387 [Ian
1275 2310 1641 2377 κεκαίνισται]

106 2406 343 2475 βασιλικῆς
374 2406 729 2469 ἐκκαλέσεως
770 2405 947 2468 πόλις,
992 2406 1027 2473 ὴ
1084 2404 1238 2467 τάξις
1272 2401 1368 2455 καὶ
1413 2404 1440 2453 ὁ
1476 2402 1642 2462 τύπος

103 2499 417 2553 ἁκολοιθείτω
451 2502 567 2560 τοῖς
603 2498 902 2559 πολιτικοῖς
948 2496 1255 2566 δημοσίοις,
1307 2497 1403 2549 καὶ
1442 2494 1641 2562 ἐκκλη-

105 2592 349 2650 σιαστικαῖς
384 2584 665 2660 [-στικῆ;]
701 2585 1011 2653 παροικίας.
1562 2654 1567 2655 γ

156 2688 228 2751 ιη’.
250 2680 520 2750 Κληρικοὶ
549 2681 647 2733 καὶ
681 2678 1006 2749 μονάζοντες
1047 2678 1094 2729 εἰ
1128 2675 1434 2746 φωραθεῖεν
1475 2675 1507 2743 ἢ
1537 2691 1641 2741 φα-

102 2772 383 2841 τρῶοντες,
445 2772 480 2842 ἦ
543 2772 939 2841 συνομνύμενοι
988 2769 1112 2822 κατ’
1164 2766 1502 2832 ἐπισκόπων,
1534 2766 1642 2817 τῶν

104 2860 284 2929 βαθμῶν
314 2860 493 2914 αὐτῶν
529 2861 762 2914 ἔκτωτοι
796 2857 902 2931 [ἵσ.
941 2858 1258 2929 ἐκπτωτοι].

156 2952 224 3005 tG’.
252 2953 305 3005 Ὀ
332 2956 429 3024 τὴν
460 2953 676 3005 οἰκείαν
704 2951 977 3013 ἀπολέσας
1004 2949 1262 3020 πατρίδα,
1288 2950 1334 3002 εἰ
1356 2948 1444 3000 ἐπ’
1473 2945 1641 3015 ἄλλην

110 3042 389 3111 Ἐκκλησίαν
414 3044 702 3114 ἐλήλυθεν,
736 3045 1147 3111 ἁνεπιτίμητος.

154 3143 209 3189 κ’.
230 3137 557 3199 Ἐπίσκοπος
611 3137 668 3188 δὲ
718 3136 867 3199 ξένον
918 3136 1179 3205 κληρικδν
1233 3134 1639 3204 εἰσδεξάμενος,

109 3230 211 3295 μετά
235 3230 316 3282 τοῦ
346 3229 636 3298 δεχθέντος
661 3227 773 3290 list
798 3229 857 3279 τὸ
886 3228 1271 3296 ἀκοινώνητον.

157 3322 664 3391 κα’.Ἀδοκίμαστος
711 3320 993 3391 κληρικδς,
1037 3321 1070 3390 ἢ
1116 3320 1301 3382 λα’ίκὺς
1343 3320 1644 3372 ἐπισκόπου

108 3414 403 3483 κατηγορῶν,
441 3412 827 3474 ἀνεπίδεκτος.

155 3504 238 3572 ιβ’.
272 3504 324 3557 '0
369 3504 427 3568 ἐξ
479 3502 798 3571 ἀνθρώπων
849 3503 941 3555 τοῦ
995 3504 1297 3555 ἐπισκόπου
1345 3500 1647 3571 γεγενημέ-

108 3612 193 3657 vsa,
216 3597 274 3648 τὰ
302 3599 514 3649 ἐκείνου
542 3594 829 3663 ἁρπάζων,
864 3592 958 3646 τοῦ
994 3592 1202 3661 βαθμοῦ
1235 3593 1644 3663 ἁμαρτήσεται.

152 3687 237 3753 κγ’.
270 3690 329 3741 Ui
367 3688 684 3740 ἐπισκόπου
716 3686 837 3756 δίχα
866 3688 931 3754 τῇ
982 3684 1395 3737 Κωνσταντίνου
1426 3684 1638 3753 διατρί-

110 3778 247 3841 ﬁcri-.3;
289 3780 459 3843 πόλει,
519 3780 622 3829 καὶ
668 3776 915 3847 ταραχὰς
969 3776 1343 3845 ἀνεγείροντες
1376 3772 1483 3848 ita.
1518 3775 1647 3827 ἁνα-

110 3869 376 3941 γεὶροντες],
409 3872 513 3939 τῆς
554 3870 762 3932 πόλεως
789 3868 1225 3922 ἐλαυνέσθωσαν.

160 3959 235 4012 κδ’.
268 3963 651 4031 Μοναστήριον
693 3960 991 4012 ἐπισκόπου
1032 3958 1225 4028 γνώμῃ
1280 3960 1453 4026 παγὲν
1489 3998 1502 4020 ,
1548 3974 1614 4027 με

112 4051 215 4102 vim
244 4054 680 4122 ἁμεταποίητονο
710 4055 801 4104 καὶ
838 4053 918 4104 ὅτι
962 4050 1119 4103 τοῦτο
1173 4050 1280 4122 [ἵσ.
1309 4052 1337 4101 ὅ
1369 4068 1419 4102 τι
1450 4046 1647 4119 τούτῳ]

110 4144 314 4213 ἁνήκοιτο
338 4146 729 4213 ἁνεκποίητον.
772 4145 831 4196 '0
885 4144 929 4196 δ’
984 4144 1161 4206 ἄλλως
1207 4135 1523 4214 ἐπιχειρῶν,
1548 4146 1650 4197 οὐκ

113 4237 368 4299 ἁνεύῧυνος.

160 4334 240 4382 κε’.
289 4328 433 4383 Εἰσω
474 4327 670 4397 μηνῶν
702 4329 868 4396 τριῶν
924 4328 980 4380 αἱ
1029 4327 1138 4379 τῶν
1190 4329 1504 4380 ἐπισκόπων
1563 4343 1651 4377 τε-

115 4418 280 4471 λοῦνται
322 4419 695 4489 χειροτονίαι·
730 4420 1046 4489 παρατείνει
1102 4418 1157 4470 δὲ
1205 4419 1298 4470 τὸν
1334 4419 1523 4487 χρόνον
1583 4418 1649 4470 ἀ-

113 4512 246 4582 νὶγκη
267 4531 339 4576 τις
384 4511 793 4582 ἀπαραίτητος.
845 4511 907 4562 Ei
948 4509 1132 4579 δὲμὴ,
1165 4512 1192 4562 ὁ
1222 4508 1545 4579 χειροτονῶν
1587 4509 1649 4560 τὸ

1754 655 1961 711 honore
2008 658 2260 712 fruantur
2308 670 2538 723 tantum,
2582 672 2637 714 et
2690 662 2781 728 qui
2839 662 3038 715 ibidem
3096 672 3342 717 versatur

1753 750 2089 817 episc0pus:
2144 752 2192 804 ei
2244 768 2373 805 vero
2419 753 2512 821 qui
2562 766 2689 805 vere
2740 753 3190 821 metropolitanus
3236 764 3338 815 est,

1755 839 1970 906 propria
2007 851 2403 895 conserventur
2437 844 2579 911 jura.

1832 932 1917 985 15.
1961 932 2209 986 Clericus
2256 934 2460 1002 absque
2520 932 2981 988 commendatiuis
3036 934 3227 988 litteris
3284 934 3339 988 in

1753 1025 1891 1078 alius
1933 1025 2080 1078 urbis
2120 1026 2562 1079 conununionem
2598 1042 2708 1079 non
2745 1026 3027 1094 recipitur.

1828 1116 1912 1170 M.
1956 1116 2157 1171 Cantor
2185 1128 2238 1171 et
2267 1118 2436 1172 lector
2464 1134 2493 1171 a
2526 1128 2669 1173 recta
2704 1119 2807 1172 ﬁde
2838 1119 3071 1182 alienus,
3110 1119 3152 1173 si
3180 1118 3341 1172 ducta

1756 1226 1923 1264 uxore
1952 1210 2151 1265 liberos
2174 1212 2472 1277 sustulerit,
2505 1226 2599 1265 eos
2629 1217 2695 1265 ad
2716 1214 3155 1266 communionem
3173 1212 3343 1266 addu-

1754 1302 1846 1366 cit,
1880 1304 2147 1372 siquidem
2180 1303 2378 1357 ibidcm
2408 1304 2666 1373 baptizati
2695 1303 2920 1358 fuerim.
2950 1304 3005 1357 Si
3038 1321 3168 1358 vero
3201 1320 3343 1358 non-

1755 1395 1883 1448 dum
1918 1395 2027 1447 sint
2072 1395 2352 1463 baptizati,
2386 1411 2495 1449 non
2531 1396 2767 1466 amplius
2814 1395 3159 1465 haptizantur
3195 1398 3338 1466 apud

1754 1485 2060 1539 haereticos.
3062 1478 3067 1481 ’

1832 1575 1916 1628 15.
1962 1576 2276 1630 lliacouissa
2310 1577 2415 1631 nisi
2455 1578 2813 1649 quadraginta
2854 1594 3025 1631 annos
3074 1591 3197 1631 nata
3236 1594 3340 1630 non

1755 1668 2039 1721 ordinatur
2069 1686 2083 1721 ;
2115 1668 2164 1721 ei
2199 1680 2381 1721 autem
2424 1685 2547 1738 quae
2588 1670 2725 1724 inito
2774 1671 3141 1730 matrimonio.
3188 1686 3343 1726 sacro

1755 1760 1968 1813 muneri
2001 1759 2235 1813 dedecus
2273 1761 2537 1821 attulerit,
2571 1762 2883 1815 anathema.

1830 1851 1914 1904 16.
1959 1851 2205 1904 Monachi
2240 1861 2334 1905 aut
2367 1852 2632 1906 moniales
2665 1854 3077 1908 matrimonium
3110 1870 3177 1909 ne
3211 1868 3343 1907 con-

1754 1945 1973 1997 trahant
2005 1962 2015 1995 :
2052 1944 2321 2012 siquidem
2356 1944 2460 1998 hoc
2491 1943 2742 2009 fecerint,
2773 1948 3338 2000 excommunicentur.

1825 2035 1910 2089 17.
1966 2034 2257 2089 Rusticana
2308 2035 2563 2102 partecia,
2614 2052 2711 2091 seu
2770 2037 2889 2107 pagi
2939 2037 3111 2102 curia,
3150 2038 3193 2091 si
3249 2040 3345 2092 tri-

1751 2130 1896 2199 ginta
1948 2145 2124 2183 annos
2175 2143 2440 2195 possessa;
2494 2127 2721 2193 fuerint,
2785 2129 3168 2198 possideantur
3222 2148 3235 2183 :
3296 2132 3341 2184 si

1750 2228 1930 2273 autem
1966 2219 2104 2271 intra
2138 2217 2268 2271 illud
2310 2228 2523 2286 tempus
2563 2217 2731 2272 fuerit
2772 2218 2950 2287 aliqua
2982 2220 3049 2272 de
3092 2220 3178 2273 his
3209 2236 3345 2274 con-

1752 2311 2035 2374 troversia,
2070 2311 2175 2364 sint
2208 2310 2418 2379 judicio
2463 2310 2682 2363 obnoxii
2732 2326 2919 2364 earum
2971 2326 3339 2381 possessores.

1750 2404 1806 2457 Si
1868 2418 1998 2455 vero
2058 2402 2404 2470 imperatoris
2450 2402 2607 2470 jussu
2660 2401 2789 2455 urbs
2847 2412 3103 2457 renovata
3156 2405 3341 2469 fuerit,

1750 2494 1883 2549 ordo
1913 2511 1974 2547 at:
2013 2493 2184 2547 forma
2218 2494 2465 2546 ecclesia:
2494 2492 2800 2561 parmcialis
2829 2493 3017 2549 civiles
3059 2510 3122 2549 ac
3164 2497 3343 2565 publi-

1750 2604 1841 2642 cas
1872 2587 2241 2641 ordinationes
2271 2596 2550 2655 sequatur.

1824 2681 1909 2733 18.
1952 2678 2146 2733 Clerici
2179 2693 2242 2732 ac
2282 2678 2535 2732 monachi
2582 2679 2624 2732 si
2664 2681 2927 2750 comperti
2972 2680 3177 2736 fuerint
3211 2696 3345 2734 con-

1751 2770 2021 2823 venticula
2075 2769 2279 2823 habere
2319 2785 2382 2823 ac
2418 2770 2705 2838 conjurare
2756 2783 2946 2826 contra
2997 2772 3339 2841 episcOpum.

1750 2864 2009 2934 gradibus
2043 2863 2156 2916 suis
2187 2862 2465 2917 excidant.

1826 2958 1907 3012 19.
1953 2955 2055 3021 Qui
2090 2956 2289 3009 amissa
2327 2954 2503 3023 patria
2546 2956 2614 3009 ad
2650 2956 2809 3009 aliam
2838 2956 3141 3010 Ecclesiam
3177 2970 3343 3009 vene-

1752 3052 1841 3113 rit,
1876 3048 2395 3118 irreprehensibilis.

1818 3141 1911 3194 20.
1948 3141 2246 3209 Episcopus
2265 3139 2356 3208 qui
2381 3148 2701 3193 extraneum
2729 3138 2987 3193 clericum
3020 3138 3340 3205 susceperit,

1673 3263 1720 3323 ρ
1753 3248 1877 3287 cum
1905 3242 2159 3300 suscepto
2186 3229 2771 3285 excommunicabitur.

1820 3322 1909 3374 ‘21.
1951 3319 2197 3375 Clericus
2246 3329 2337 3372 aut
2388 3319 2559 3373 laicus
2613 3335 2721 3373 non
2774 3320 3033 3389 probatus
3074 3333 3342 3372 accusans

1749 3414 2087 3483 episcopum,
2118 3411 2470 3480 rejiciendus.

1816 3504 1907 3558 ‘22.
1954 3503 2054 3569 Qui
2092 3504 2351 3573 episcopo
2392 3504 2498 3557 vita
2548 3506 2757 3563 functo,
2809 3503 2951 3557 illius
3002 3503 3141 3556 bona
3176 3502 3340 3571 rapit,

1749 3597 1917 3667 gradu
1946 3596 2247 3663 dejicietur.

1817 3686 1911 3740 23.
1953 3687 2055 3752 Qui
2107 3687 2317 3753 iniussu
2366 3688 2605 3757 episcolii
2660 3686 3135 3755 Constantinopoli
3196 3700 3346 3739 cont-

1752 3788 2038 3832 morautur
2074 3793 2136 3831 ac
2169 3779 2354 3832 turbas
2381 3780 2640 3843 excitant,
2681 3780 2815 3832 urbe
2847 3778 3210 3846 expellantua.

1820 3961 2335 4015 24.1itonasterium
2386 3961 2453 4014 de
2502 3960 2772 4013 sententia
2827 3961 3066 4027 episcopi
3122 3966 3340 4010 exstru-

1750 4065 1917 4119 ctum,
1964 4061 2181 4107 maneat
2228 4052 2588 4115 immutabile,
2634 4061 2689 4105 ct
2737 4049 3001 4119 quidquid
3046 4048 3113 4101 ad
3167 4063 3341 4117 ipsum

1751 4145 1989 4208 pertinet
2031 4158 2098 4195 ne
2142 4143 2432 4196 alienetur.
2478 4141 2579 4206 Qui
2607 4155 2735 4195 vero
2775 4155 2935 4193 secus
2980 4137 3195 4203 fecerit,
3232 4151 3341 4189 non

1751 4237 1856 4292 erit
1892 4237 2166 4289 innoxius.

1818 4329 1909 4381 ‘25.
1955 4331 2095 4380 Intra
2129 4335 2238 4379 tres
2282 4337 2500 4377 menses
2537 4323 2917 4389 episcoporum
2966 4318 3342 4372 ordinationes

1753 4420 2142 4489 perficiantur;
2202 4427 2416 4485 tempus
2446 4428 2575 4468 vero
2607 4421 2861 4481 prorogat
2903 4411 3199 4465 necessitas
3239 4410 3343 4461 ali-

1752 4529 1855 4582 qua
1888 4509 2234 4565 inevitabilis.
2277 4507 2332 4560 Si
2376 4521 2533 4560 secus
2574 4505 2686 4568 ﬁat,
2723 4504 2984 4559 ordinans
3014 4516 3190 4571 pinnae
3236 4502 3341 4553 erit

114 4603 339 4671 ἐπιτίμιον
394 4604 649 4656 εἵσεται·
702 4604 735 4672 ή
789 4602 973 4671 μέντοι
1024 4601 1287 4672 πρόσοδος
1322 4601 1530 4671 μενέτω
1565 4599 1645 4671 τῷ
1679 4606 1757 4660 Di

1698 4606 2035 4668 )obnoxius,
2073 4602 2279 4656 reditus
2317 4610 2496 4654 tamen
2551 4612 2719 4666 penes
2770 4595 3199 4664 dispensatorem
3226 4608 3341 4645 ma-

114 4696 349 4764 οἰκονόμῳ.

159 4787 248 4850 κςᾌ
274 4788 579 4857 Οἰκονόμος
628 4785 733 4839 ἀνὰ
782 4786 963 4849 πάσας
1000 4786 1096 4849 τὰς
1125 4785 1454 4857 Ἐκκλησίας
1512 4786 1651 4840 ἔστω

117 4877 192 4926 ἀπὺ
209 4878 289 4931 τοῦ
316 4881 519 4949 κλήρου
542 4894 559 4907 ·
592 4880 621 4930 ὀ
660 4876 720 4928 δὲ
767 4876 925 4929 τοῦτο
968 4877 1327 4948 καταφρονῶν
1352 4878 1651 4941 ἐπίσκοπος

115 4964 185 5015 σὶκ
207 4968 545 5037 ἀνέγκλητος.

165 5055 247 5118 ις’.
275 5058 548 5128 Κληρικὸς
573 5047 843 5125 ἁρπὰζιιῖν
865 5056 1125 5122 γυναῖκα,
1160 5054 1646 5124 ἁνεκκλησίαστος·

115 5145 196 5200 ὀὸὲ
231 5150 400 5213 λαίκὸς
432 5151 583 5203 ἔστω
610 5147 884 5217 ἀνάθεμα,
936 5147 1077 5200 κατὰ
1116 5146 1277 5199 τοῦτο
1331 5146 1427 5199 καὶ
1458 5146 1487 5197 ὁ
1520 5162 1650 5197 συν-

118 5240 245 5305 αιρῶν
275 5241 378 5313 [Ῐσ.
408 5240 743 5312 ουναινῶν].

165 5338 248 5399 κη’.
281 5336 337 5385 '0
386 5336 484 5404 τῆς
535 5333 672 5393 νέας
718 5331 1017 5394 ἐπίσκοπος
1058 5330 1275 5399 Ῥώμης
1301 5328 1380 5395 τῷ
1410 5328 1511 5396 τῆς
1540 5344 1647 5380 πα·

116 5420 343 5491 ὶαιοτέρας
384 5425 681 5495 ὁμότιμος,
750 5422 838 5475 διὰ
869 5423 967 5492 τὴν
999 5422 1109 5475 τῶν
1146 5424 1441 5491 σκήπτρων
1480 5421 1647 5489 μετά-

118 5526 279 5567 στισιν.

167 5606 245 5659 xii.
289 5610 346 5661 Δί
379 5609 493 5680 [Ion
521 5606 620 5679 Οἱ]
658 5606 884 5670 Πόντου,
916 5607 1010 5659 καὶ
1035 5604 1248 5668 Ἀσίας,
1283 5604 1375 5657 καὶ
1405 5604 1645 5674 Θρᾴκης,

120 5700 187 5745 καὶ
231 5700 269 5750 οἱ
314 5700 584 5770 βάρϐαροι
644 5696 724 5767 τῷ
748 5697 851 5766 τῆς
894 5696 1309 5751 Κωνσταντίνου
1338 5695 1647 5765 κεχειροτό·

121 5802 282 5853 want.

172 5878 219 5932 λ’.
251 5882 303 5937 '0
331 5884 723 5946 καταϐιϐἀζων
773 5882 1068 5935 ἐπίσκοπον
1126 5881 1203 5944 εἰς
1254 5878 1643 5951 πρεσϐύτερον,

1752 4704 1934 4748 ncant.

1822 4785 1913 4838 26.
1955 4783 2309 4852 Dispensator
2358 4782 2411 4833 in
2471 4777 2727 4832 omnibus
2770 4774 3031 4829 Ecclesiis
3080 4772 3147 4826 de
3194 4772 3340 4826 clero

1754 4873 2119 4926 constituatur
2161 4887 2172 4921 :
2224 4868 2316 4937 qui
2364 4880 2492 4920 vero
2535 4864 2638 4918 hoc
2677 4862 2980 4917 contemnit
3027 4859 3338 4929 episcopus,

1753 4961 1983 5015 crimine
2010 4973 2116 5011 non
2148 4965 2315 5013 aret.

1822 5054 1910 5106 27.
1952 5050 2195 5105 Clericus
2217 5046 2503 5101 mulierem
2536 5044 2776 5112 rapiens,
2798 5040 3038 5094 Ecclesia
3064 5037 3336 5106 ejiciatur,

1751 5142 1919 5196 laicus
1950 5156 2079 5193 vero
2107 5138 2177 5191 sit
2200 5136 2514 5197 anathema,
2546 5142 2603 5187 et
2626 5132 2715 5200 qui
2750 5132 2833 5185 his
2858 5128 3132 5185 consentit
3160 5126 3336 5182 eidem

1752 5247 1926 5302 paenae
1954 5230 2296 5298 subjiciatur.

1820 5324 1911 5377 28.
1952 5324 2118 5376 Nova:
2171 5320 2356 5374 Romae
2404 5318 2695 5387 episcOpus
2747 5313 2939 5366 eodem
2980 5326 3102 5364 cum
3134 5307 3338 5361 veteris

1754 5414 1938 5469 Roma:
1999 5414 2255 5482 episcopo
2320 5410 2528 5463 honore
2576 5407 2789 5461 fruatur
2837 5411 3059 5473 propter
3118 5398 3336 5469 Imperii

1755 5508 2187 5561 translationem.

1821 5599 1911 5654 29.
1955 5598 2137 5660 Ponti,
2166 5596 2330 5659 Asiae,
2364 5592 2718 5659 Thraci-irque
2756 5585 2998 5658 episcopi
3026 5599 3090 5638 ac
3121 5582 3333 5638 barbari

1752 5709 1781 5747 a
1810 5689 2416 5758 Constantinopolitano
2443 5685 2787 5739 ordinentur.

1829 5880 1914 5933 ὖυ.
1968 5877 2067 5942 Qui
2117 5874 2429 5945 episcopum
2484 5870 2545 5923 ad.
2606 5866 2902 5937 presbyteri
2969 5860 3189 5934 gradum
3240 5858 3336 5911 de-
