4162 6474
178 407 254 473 253
1357 402 1697 461 EPITOME
1736 402 2129 462 CANONL‘M.

227 522 292 589 ψ’·
327 520 379 572 Ὀ
591 516 687 569 τοῦ
743 514 1122 582 Sumam;
1168 511 1357 573 θύσας.
1406 510 1697 569 ἀνεύθυνος
1727 510 1776 568 Α

174 618 277 671 [στω
301 609 423 679 μετὰ
451 608 511 659 τὸ
549 607 851 676 βάπτισμα.

224 713 291 772 ιγ’.
320 700 747 770 Χωρεπξσκοπος
791 699 853 749 οὐ
884 698 1182 767 χειροτονεί
1214 694 1343 747 ἄνευ
1396 695 1697 761 ἐπιτροπῆς

174 797 438 850 ἐπισκόπου.

226 888 285 940 ιδ’.
341 886 630 954 Ἰερατιχές
699 880 877 951 κρεῶν
936 877 1295 947 ἀπεχόμενος,
1356 874 1697 941 γευσάμενος

173 984 308 1049 μόνον.
340 979 511 1042 οὑτως
539 976 833 1044 ἀπεχέσθω
854 990 868 1004 ο
889 974 937 1025 εἰ
966 974 1022 1024 δε
1059 970 1191 1039 μηδὲ
1224 967 1331 1021 τῶν
1359 965 1420 1038 [Γ.
1456 966 1508 1019 d.
1535 962 1698 1035 μετὰ]

173 1075 349 1139 κρέστος
376 1071 597 1139 γεύοιτο
624 1070 894 1139 λαχάνων,
927 1062 1247 1117 πεπαύσθω.

218 1248 280 1295 ιε’.
321 1242 421 1293 Κάν
470 1256 524 1291 τι
573 1238 671 1303 τῆς
704 1234 1028 1305 Ἐκκλησίας
1062 1229 1422 1303 πρεσὸύτεροι
1466 1224 1697 1295 διαρπά-

170 1348 298 1389 σειαν,
332 1330 470 1381 ἔστω
526 1326 786 1390 ἀεέὁαια,
845 1326 937 1377 καὶ
996 1323 1205 1395 μενέτω
1247 1321 1312 1389 τῇ
1368 1316 1547 1386 κρίσει
1600 1314 1693 1366 τού

168 1425 182 1474 ἑ
196 1424 433 1473 μεισκόπου.

217 1510 292 1573 ις’.
334 1510 386 1561 ὐ
445 1509 886 1576 ἁλογευσάμενος
933 1504 1038 1574 πρὸ
1080 1505 1189 1556 τῶν
1236 1505 1409 1557 εἴκοσι
1462 1503 1691 1575 χρόνων,

165 1603 509 1655 πεντεκαίδεκα
565 1603 745 1652 ἔτεσιν
797 1597 1185 1650 ὑποπιπτέτωο
1238 1598 1286 1649 εἰ
1331 1596 1385 1648 δὲ
1436 1595 1529 1647 καὶ
1592 1597 1692 1663 τὴν

165 1697 332 1751 ἠλοκίαν
354 1694 561 1748 ταύτην
594 1692 861 1761 ὑπερϐὰς,
895 1693 987 1742 καὶ
1030 1691 1263 1758 γυναῖκα
1286 1690 1425 1759 ἔχων
1458 1690 1690 1757 περιπέ-

163 1804 323 1848 πτωκε,
369 1786 531 1838 πέντε
575 1785 667 1836 καὶ
712 1787 883 1835 εἰκοσι
928 1782 1103 1834 ἔτεσιν
1153 1781 1529 1834 ὑποπιπτέτω·
1565 1781 1591 1831 ὑ
1633 1779 1689 1830 δὲ

168 1881 470 1946 ιεὶγυναῖκα
525 1880 686 1946 ἔχων,
722 1878 811 1929 καὶ
848 1877 985 1943 ὑπὲρ
1038 1876 1105 1927 τὰ
1153 1878 1494 1945 πεντήκοντα
1517 1870 1687 1924 τελῶν

162 1975 249 2042 ιτη,
269 1974 385 2041 ἄχρι
412 1970 517 2039 τῆς
549 1969 725 2031 ἐξόδου
753 1968 1125 2021 ὑποπιπτέτω.

214 2151 281 2215 ς’.
321 2153 373 2205 '0
414 2152 617 2219 λεπρὸς
657 2149 1115 2217 ἁλογευσάμενος.
1164 2147 1192 2218 ἦ
1247 2147 1338 2199 διαὶ
1367 2145 1685 2209 λεπρωθεὶς,

157 2262 240 2307 τοις
264 2243 677 2315 χειμαζομένοις
712 2242 1047 2313 συνεύχοιτο.

207 2429 280 2493 ιη’.
319 2424 371 2475 '0
420 2424 723 2485 ὲπισκοπος
766 2422 1059 2487 καταστὰς,
1110 2424 1156 2475 εἰ
1188 2422 1247 2474 οὑ
1280 2421 1495 2489 δέχεται
1530 2421 1684 2489 παρὰ

153 2516 228 2581 τὴν
253 2515 537 2583 παροικίαν
569 2518 645 2575 εἰς
685 2518 747 2584 ἣν
782 2514 1006 2583 ἐκλήθη,
1052 2513 1167 2567 ἀλλ’
1212 2513 1423 2583 ἑτέροις
1454 2512 1685 2566 ἐπισκό-

153 2622 248 2668 ποις
276 2609 497 2676 ἐνοχλεῖ,
555 2608 929 2677 ἁτοριζέσθω·
985 2610 1033 2659 ει
1065 2608 1120 2659 δὲ
1153 2610 1265 2669 τοῖς
1298 2606 1689 2676 πρεσϐυτέροις

148 2698 284 2750 ἐθέλοι
315 2698 789 2768 [συναριθμεῖσθαι
812 2742 825 2760 ,
861 2699 1245 2768 σδναριθμοττο
1270 2696 1288 2770 [
1312 2698 1399 2751 ῖσ.
1456 2714 1680 2766 συναρι-

146 2790 387 2861 θμεξσθω].
419 2793 481 2844 ει
505 2794 564 2844 δὲ
600 2794 828 2853 καὶτοῖς
861 2794 977 2844 ἐκεῖ
1012 2795 1331 2855 ἐπισκόποις
1360 2791 1682 2845 διαστασιά-

151 2884 230 2944 ξει,
254 2884 576 2936 ἁτωθείσθω
606 2887 698 2935 καὶ
730 2883 829 2945 τῆς
856 2883 947 2935 τοῦ
978 2883 1353 2952 πρεσὸυτέρου
1392 2881 1578 2951 τιμῆς.

200 2974 271 3027 ιθ’.
304 2977 360 3029 Ὀ
394 2978 875 3045 ἐπαγγειλάμενος
935 2976 1260 3045 παρθενίαν,
1308 2975 1402 3029 καὶ
1455 2974 1683 3038 ἀθετῶν,

144 3070 423 3137 τετραετίαν
451 3069 805 3136 ἁφοριζέσθω
826 3086 839 3099 ο
868 3071 924 3121 αἱ
952 3070 1010 3122 δὲ
1035 3068 1297 3139 παρθένοι
1329 3068 1404 3131 ὡς
1438 3068 1684 3136 ἀδελφοῖς

142 3176 227 3212 τισι
254 3162 322 3230 μὴ
356 3179 729 3232 προσιτωσαν.

193 3252 247 3305 κ’.
295 3253 351 3305 'H
380 3254 639 3325 μοιχαλ“νς
685 3255 830 3307 καὶὸ
859 3253 1041 3325 μοιχὸς
1089 3252 1386 3308 ἑπταετίαν
1428 3252 1682 3323 ἀφοριζέ-

141 3344 339 3399 σθωῖαν.

190 3442 278 3487 κε’.
326 3439 390 3490 Αἱ
434 3440 640 3507 πόρναι
687 3437 1061 3508 λαμόάνουσαι
1114 3436 1350 3507 φθόρια,
1393 3434 1682 3488 δεκαετίαν

138 3526 584 3583 ὑποπιπτέτωσαν.

183 3618 269 3684 ιβ’.
307 3620 360 3673 '0
391 3624 744 3693 αὐθαιρέτως
774 3622 1102 3693 ἀνδροφόνος
1139 3662 1153 3687 ,
1192 3621 1250 3672 ὲν
1297 3618 1375 3689 τῷ
1410 3619 1556 3671 τέλει
1589 3636 1679 3670 του

136 3710 225 3773 ὃὼυ
256 3718 593 3782 τυγχανέτω.

190 3809 281 3873 κγ’.
346 3810 406 3863 ’0
463 3809 725 3871 ἀκούσιος
772 3810 1058 3878 φονεύ-τὴς,
1098 3806 1422 3860 πενταετίαν
1464 3822 1635 3857 υποπι

131 3902 296 3956 mitti.

181 3999 262 4048 κδ’.
298 3999 354 4049 ’0
379 3994 969 4065 καταμαντευόμενος,
997 4002 1090 4047 και
1120 3995 1148 4046 ό
1174 3994 1408 4060 εἰσάγων
1430 3994 1549 4045 τινὰ
1563 3992 1677 4052 τοῖς

126 4088 259 4150 οἵκοις
284 4090 373 4140 ἐπὶ
400 4088 1086 4155 ἁνευρέσειφαρμακείας,
1132 4086 1163 4156 ἦ
1202 4086 1505 4153 καθάρσει,
1546 4100 1677 4136 πεν-

127 4178 311 4242 ταετίαν
339 4177 733 4229 ὑποπιπτέτω.

178 4267 243 4319 κε’
296 4270 487 4339 Κόρην
539 4284 628 4329 τις
680 4267 1181 4335 μνηστευσάμενος,
1213 4265 1570 4337 προσεφθάρη
1604 4266 1671 4333 τῇ

122 4362 290 4431 ἀδελφῇ
344 4366 553 4431 αὐτῆς,
591 4356 714 4415 εἶτα
747 4361 845 4431 τὴν
873 4362 1114 4431 μνηστὴν
1146 4360 1359 4423 ἔλασεν,
1400 4361 1432 4429 ἡ
1482 4357 1673 4427 πρώτη

120 4452 406 4522 ἀπήγξατο·
448 4456 552 4506 καὶ
610 4455 661 4504 οι
710 4453 1006 4514 συνειδότες
1051 4451 1335 4505 δεκαετίαν
1372 4450 1677 4504 ὑποπιπτέ-

118 4561 286 4600 τωσαν.

352 4633 475 4699 Τῆς
518 4633 593 4685 ἐν
623 4631 1061 4699 Νεοκαισαρείᾳ
1104 4629 1393 4684 συνόδου.

171 4730 229 4786 α’.
251 4733 435 4803 Γήμας
472 4730 876 4801 πρεσϐύτερος,
903 4729 1296 4799 μετα-τιθέσθω.
1336 4729 1675 4796 Ἐξωθεισθω

114 4823 157 4875 δὲ
184 4828 507 4894 πορνεύσας,
538 4824 636 4875 καὶ
669 4822 983 4892 μοιχεύσας.

171 5011 228 5077 β’.
268 5013 333 5066 Ἡ
356 5012 627 5079 ἀδελφοῖς
649 5009 947 5079 γημαμένη
967 5009 1193 5079 δισσοῖς,
1219 5008 1306 5061 διὰ
1334 5008 1450 5075 βίου
1474 5009 1674 5067 παντὸς

113 5101 390 5167 ἐξωθείσθω
409 5118 424 5131 ·
463 5102 519 5153 εἰ
550 5098 610 5150 δὲ
643 5098 783 5151 κατά
810 5097 898 5149 τὸν
929 5097 1158 5151 θάνατον
1192 5099 1410 5161 ἁρνοίτο
1454 5096 1546 5150 τὸν
1573 5099 1672 5165 γά-

114 5210 211 5259 μον,
242 5194 351 5256 ἕξει
382 5192 724 5263 μετάνοιαν·
762 5199 810 5242 ει
844 5190 901 5243 δὲ
924 5190 1264 5261 τελευτήσει,
1301 5188 1387 5258 ιτῷ
1423 5191 1669 5259 μείναντι

113 5286 360 5339 κάκιστον.

166 5374 223 5441 γ’.
257 5377 375 5428 Τῶν
420 5374 771 5444 πολυγιὴεων
801 5374 830 5426 ό
879 5374 1071 5445 χρόνος
1124 5374 1324 5443 σαφὴς,
1370 5374 1431 5425 τὸ
1484 5372 1536 5425 δὲ
1570 5371 1667 5441 τῆς

113 5470 373 5533 μετανοίας
412 5468 724 5522 σπουδαῖον
755 5466 917 5520 αὑτὸν
944 5465 1331 5537 ὑποτέμνεται.

162 5650 215 5704 δ’.
241 5653 299 5705 Δί
329 5653 439 5723 πρὸ
479 5652 601 5704 τῶν
626 5650 898 5721 πορνικῶν
936 5652 1112 5724 ἔργων
1152 5651 1443 5717 ὲπιθυμίαι
1482 5654 1527 5705 εἰ
1568 5653 1664 5718 ἒς).-

114 5741 408 5809 τοδεζονται,
446 5745 556 5798 οὑκ
587 5742 705 5797 ἁθεῖ
739 5744 1138 5809 ἐμποδίζονται.

3279 409 3389 471 254

1880 514 1960 566 l2.
2001 512 2101 577 Qui
2134 522 2262 565 ante
2290 511 2554 581 baptisma
2583 513 2925 579 sacrificavit,
2960 524 3082 585 post
3112 515 3377 585 baptisma

1806 620 1990 656 insons
2030 604 2314 658 habeatur.

1884 699 1959 748 I3.
2002 697 2437 767 (.‘Iiorcpiscopus
2471 712 2576 751 non
2616 698 2828 751 ordinat
2865 698 2981 751 sine
3013 701 3227 753 licentia
3264 704 3379 771 cpi-

1800 805 1966 850 scopi.

1874 882 1957 933 Η.
2001 880 2261 934 Sacerdos
2304 897 2331 933 a
2374 882 2629 935 carnibus
2676 882 2921 935 abstiner
2962 925 2973 936 .
3026 883 3113 935 ubi
3166 892 3374 934 tantum

1800 975 2115 1043 gustaverit,
2150 989 2227 1026 szc
2258 973 2527 1027 abstineat
2558 992 2570 1026 :
2604 972 2650 1027 si
2679 989 2809 1028 vero
2854 991 3027 1040 neque
3072 980 3214 1028 olera
3258 990 3376 1042 qua:

1802 1081 1923 1117 cum
1967 1066 2221 1119 carnibus
2251 1075 2380 1119 sunt
2411 1076 2610 1135 gustet.
2647 1083 2677 1121 a
2720 1066 2995 1134 fungendo
3024 1082 3248 1120 munere
3279 1066 3374 1121 de-

1799 1159 1975 1212 sistat.

1873 1252 1957 1305 15.
2002 1251 2056 1304 Si
2097 1252 2226 1319 quid
2282 1251 2346 1306 ad
2400 1252 2699 1306 Ecclesiam
2751 1253 3029 1322 pertinens
3076 1254 3371 1319 presbvicri

1797 1342 2167 1403 distraxerint,
2216 1342 2266 1394 id
2316 1342 2611 1395 invalidum
2663 1343 2752 1409 sit,
2806 1359 2866 1397 ac
2914 1358 3081 1412 penes
3133 1342 3373 1412 episcopi

1790 1435 2055 1503 judicanm
2090 1442 2325 1487 maneat.

1872 1524 1954 1578 16.
1997 1524 2097 1590 Qui
2158 1531 2343 1578 contra
2396 1526 2659 1580 rationem
2708 1542 2907 1581 venere
2960 1528 3162 1582 abusus
3208 1525 3369 1579 fuerit

1792 1633 1919 1671 ante
1979 1617 2163 1686 viginti
2212 1634 2403 1679 annos,
2453 1618 2763 1686 quindecim
2828 1620 2984 1672 annis
3038 1619 3369 1685 pmnitentize

1791 1710 2114 1777 subjiciatur
2143 1729 2153 1761 :
2189 1709 2229 1762 si
2264 1726 2393 1761 vero
2426 1710 2566 1764 hanc
2594 1720 2807 1764 aetatem
2834 1728 3206 1781 transgressus
3238 1728 3368 1763 uxo-

1794 1818 2016 1869 remque
2060 1803 2265 1853 habens
2303 1801 2354 1853 in
2399 1801 2501 1854 hoc
2547 1813 2830 1869 peccatum
2872 1804 3144 1863 Inciderit,
3176 1801 3366 1867 viginti

1792 1896 2031 1964 quinque
2066 1893 2220 1946 annis
2262 1895 2637 1963 paenitentiam
2685 1904 2807 1965 agat
2852 1911 2864 1946 :
2914 1910 3137 1947 uxorem
3186 1910 3364 1949 autem

1795 1989 2018 2047 habens,
2052 2002 2112 2040 ac
2161 2003 2323 2044 supra
2359 1988 2747 2057 quinquaginta
2784 2002 2956 2041 annos
2986 1997 3143 2041 natus
3199 2005 3365 2057 usque

1792 2078 1859 2133 ad
1888 2078 2090 2130 exitum
2129 2088 2274 2129 Viue.

1866 2168 1948 2221 l7.
1996 2166 2266 2235 chrosus
2308 2167 2398 2235 qui
2434 2177 2622 2221 contra
2660 2167 2925 2221 rationem
2963 2178 3223 2225 versatus,
3273 2177 3366 2220 ant

1790 2260 1953 2312 etiam
1998 2259 2143 2325 lepra
2181 2257 2415 2312 infectus
2445 2257 2626 2321 fuerit,
2658 2273 2783 2312 cum
2822 2258 2887 2311 iis
2928 2260 3017 2327 qui
3060 2274 3087 2311 a
3119 2262 3365 2313 daemone

1790 2351 2118 2405 infestantur
2151 2359 2288 2406 oret.

1863 2441 1949 2495 18.
2014 2443 2313 2510 Episcopus
2366 2443 2714 2505 constitutus,
2778 2442 2821 2496 si
2880 2442 2949 2495 ab
2998 2442 3239 2496 Ecclesia
3297 2444 3360 2495 ad

1790 2550 1949 2602 quam
1980 2545 2204 2587 vocatus
2237 2544 2318 2589 est
2360 2550 2467 2589 non
2512 2536 2825 2604 recipiatur,
2873 2537 2967 2590 sed
3000 2538 3119 2589 aliis
3149 2536 3361 2603 episco-

1791 2632 1873 2696 pis
1924 2630 2199 2699 negotium
2249 2628 2498 2689 facessat,
2530 2632 3049 2685 excommunicatur.
3088 2632 3142 2683 Si
3179 2640 3358 2683 autem

1790 2722 2119 2791 presbyteris
2148 2721 2492 2774 annumerari
2524 2721 2668 2781 velit,
2700 2734 3109 2776 annumeretur.
3143 2722 3195 2775 Si
3236 2739 3363 2775 vero

1790 2814 1856 2867 ab
1887 2814 2152 2881 episcopis
2182 2814 2273 2881 qui
2308 2814 2375 2867 ibi
2408 2814 2612 2882 degunt
2644 2815 2925 2878 dissideat,
2950 2816 3111 2869 etiam
3142 2817 3363 2885 presby—

1790 2915 1995 2959 teratus
2023 2907 2228 2959 honore
2258 2908 2578 2974 expellatur.

1863 3000 1947 3053 l9.
1990 2998 2090 3064 Qui
2124 2998 2484 3067 virginitatem
2517 3000 2796 3069 professus
2828 3013 2931 3062 est,
2963 3016 3025 3055 ac
3059 3011 3243 3054 votum
3286 3001 3361 3053 ir-

1790 3093 1951 3145 ritum
1983 3092 2128 3155 facit,
2161 3093 2523 3160 quadriennio
2568 3095 3085 3149 excommunicetur.
3116 3094 3365 3164 Virgines

1711 3210 1753 3267 ο
1789 3201 1917 3239 vero
1952 3201 2018 3238 ne
2048 3186 2113 3238 ad
2140 3185 2347 3253 aliquos
2379 3199 2632 3253 tanquam
2661 3188 2853 3241 fratres
2879 3189 3159 3242 accedant.

1860 3280 1948 3333 ‘20.
1993 3278 2249 3332 Adultera
2275 3288 2328 3331 et
2355 3279 2568 3334 adulter
2614 3291 2820 3350 septem
2852 3296 3025 3336 annos
3046 3297 3359 3336 excommu-

1787 3374 2058 3427 niccntur.

1856 3466 1944 3519 2|.
1988 3466 2295 3520 Meretrices
2345 3465 2735 3519 medicamenta
2803 3464 3093 3517 enecandts
3159 3463 3360 3517 fetibus

1784 3556 2134 3616 adhibentes.
2166 3556 2355 3611 decem
2399 3571 2572 3610 anncs
2609 3556 2942 3625 poznitentia:
2980 3556 3356 3623 subiiciantur.

1854 3648 1943 3701 2‘2.
1985 3647 2336 3702 Voluntarius
2381 3648 2651 3701 homicida
2711 3648 2764 3701 in
2809 3646 2912 3701 fine
2947 3650 3071 3703 vita:
3114 3663 3358 3703 commu-

1786 3736 2003 3790 nionem
2032 3747 2411 3806 consequatur.

1854 3828 1941 3879 23.
1986 3827 2383 3881 lnvoluutarius
2453 3827 2717 3883 homicida
2760 3826 3132 3897 quinquennio
3179 3827 3355 3894 poeni-

1788 3920 1967 3972 tentia:
2000 3920 2341 3987 subjiciatur.

1850 4012 1939 4065 24.
1981 4010 2084 4076 Qui
2111 4012 2380 4066 vaticiniis
2410 4012 2596 4077 utitur,
2618 4022 2778 4081 atque
2802 4012 3095 4067 introducit
3118 4012 3350 4081 aliquem

1783 4103 1835 4155 in
1869 4103 2057 4157 domos
2109 4104 2425 4172 exquirendi
2454 4104 2700 4157 veneficii
2742 4114 2834 4157 aut
2863 4104 3200 4160 lustrationis
3229 4119 3353 4175 gra-

1782 4194 1875 4258 tia,
1907 4195 2284 4263 quinquennio
2322 4195 2654 4263 pmnitentie
2680 4195 2976 4261 subiaceat.

1848 4287 1935 4340 25.
1980 4283 2205 4351 Quidam
2243 4286 2417 4355 puella
2447 4286 2791 4354 desponsata,
2818 4286 2991 4339 sorori
3019 4285 3137 4353 ejus
3162 4286 3348 4339 vitium

1779 4378 1993 4441 attulit,
2028 4378 2223 4432 oeinde
2270 4393 2526 4447 sponsam
2560 4388 2802 4446 accepit,
2838 4378 3012 4447 prima
3061 4381 3353 4447 suspendio

1780 4470 1944 4523 vitam
1978 4471 2117 4524 finiit
2155 4486 2166 4521 :
2203 4472 2235 4523 ii
2264 4474 2426 4525 etiam
2466 4472 2557 4540 qui
2595 4470 2721 4524 facti
2746 4471 2947 4525 conscii
2979 4481 3125 4534 sunt,
3150 4472 3351 4525 decen-

1707 4557 1750 4612 D
1780 4563 1872 4617 nio
1899 4565 2228 4629 paenitentia:
2257 4564 2638 4631 subiiciantur.

2224 4655 2429 4723 Synodi'
2456 4654 2913 4710 Νεοιωεανιρηειε.

1853 4746 1902 4799 ί.
1947 4746 2233 4816 Presbyter
2274 4748 2365 4814 qui
2400 4763 2619 4801 uxorem
2660 4748 2893 4812 duxerit,
2920 4748 3222 4817 deponatur
3258 4764 3271 4799 :
3302 4746 3344 4799 si

1780 4854 1909 4891 vero
1947 4847 2215 4893 scortatus
2266 4838 2428 4892 fuerit
2453 4848 2547 4893 aut
2596 4841 2900 4895 moechatus
2937 4840 3120 4905 fuerit,
3160 4840 3346 4909 expel—

1780 4931 1941 4985 latur.

1846 5022 1898 5075 9.
1944 5021 2135 5075 Mulier
2164 5037 2283 5090 qum
2312 5023 2526 5077 duobus
2560 5023 2817 5079 fratribus
2844 5026 3111 5094 nupserit,
3146 5042 3240 5096 per
3265 5036 3344 5081 to-

1778 5120 1883 5163 tam
1903 5111 2065 5163 vitam
2088 5112 2389 5179 expellatur
2416 5130 2429 5166 :
2462 5113 2503 5167 si
2524 5128 2652 5167 vero
2674 5114 2832 5167 morti
2862 5115 3102 5182 proxima
3131 5118 3343 5182 nuptias

1775 5205 2043 5272 repudiet,
2069 5205 2441 5272 paenitentiam
2464 5215 2829 5275 consequetur
2860 5230 2872 5259 .
2908 5208 2952 5261 si
2974 5222 3102 5262 vero
3123 5208 3341 5271 obterit,

1774 5296 2049 5365 superstiti
2081 5298 2196 5350 viro
2233 5298 2548 5364 pessimum.

1844 5391 1897 5444 ὅ.
1943 5392 2143 5445 Eorum
2165 5391 2253 5459 qui
2284 5391 2447 5444 multa
2475 5394 2814 5447 matrimonia
2844 5394 3175 5447 contrahunt
3203 5402 3339 5447 tem-

1772 5496 1874 5553 pus
1914 5491 2121 5536 certum
2170 5491 2253 5535 est
2286 5499 2297 5534 :
2336 5484 2669 5553 poznitcntiaa
2719 5499 2848 5540 vero
2906 5487 3142 5540 studium
3208 5486 3338 5541 illuil

1774 5575 2036 5645 praecidit.

1843 5666 1894 5720 4.
1926 5665 2391 5735 Concupiscentne
2431 5664 2805 5722 fornicationis
2831 5683 2991 5738 opera
3023 5668 3335 5737 praeceden-

1774 5765 1853 5808 tes
1883 5754 1924 5805 si
1960 5753 2342 5823 impediantur,
2394 5771 2502 5811 non
2538 5756 2655 5811 sine
2692 5757 2875 5814 divino
2921 5758 3121 5813 auxilio
3164 5756 3333 5827 impe-

1772 5845 2011 5898 diuntur.
