4162 6474
149 457 224 521 957
1329 449 1663 511 El‘lTOME
1707 455 1792 512 (1A

1329 449 1663 511 ΕΡΙΤΟΜΕ
1707 454 2092 516 (IANOVUM.

3256 465 3363 530 258

142 572 228 620 εον
278 564 397 617 ἀλλὰ
425 543 636 633 μαλλον
692 562 941 622 διάκονος
980 561 1272 614 στέλλοιτο.
1302 561 1426 624 Τοῖς
1455 565 1534 624 εἰς
1561 564 1658 630 τὴν
1691 569 1732 625 Α
1764 580 1785 618 s

1716 575 1732 625 ι
1764 575 1937 625 setur.
1973 568 2106 634 quin
2134 566 2316 633 potius
2340 567 2604 624 diaconus
2638 571 2903 625 mittatur.
2927 570 2995 625 lis
3021 587 3150 626 vero
3173 579 3264 642 qui
3297 579 3359 630 ad

142 657 371 726 ἐκκλησίαν
397 655 802 724 προσφεύγουσι
837 650 1000 704 παντὶ
1030 651 1205 703 σθένει
1234 650 1546 718 βοηθητέον.

190 757 239 818 η’,
273 747 509 815 Ἀδ;λ;ροῦ
549 747 682 817 πρὸς
722 745 946 811 ἀδελφὸν
1011 745 1464 805 ἀποστέλλοντος,
1498 747 1525 795 ὁ
1559 764 1660 812 μη-

142 841 396 910 τροπολίτης
427 843 520 891 τὸν
547 840 848 892 ἀπόστολον
876 837 1111 905 ίσχυέτω
1131 854 1144 867 ·
1181 836 1272 888 καὶ
1297 836 1499 905 γράφει
1519 840 1657 905 πρὸς

143 939 228 994 τοις
251 937 298 986 ἐν
328 928 399 992 οἷς
428 934 459 999 ή
493 932 715 994 ἀξίωσις
748 931 1076 995 ἐπισκόπου,
1102 928 1195 981 τοῦ
1237 930 1540 982 ἀποστόλου
1565 933 1659 983 ἀν-

140 1026 221 1076 τιλσ
230 1025 500 1091 μὸανεσθαι
511 1066 523 1078 .

192 1115 237 1167 0'.
285 1119 547 1183 ’Δγοραίος
581 1115 962 1183 σχολαστικὸς,
1000 1116 1032 1182 ἥ
1060 1115 1338 1176 πλούσιος,
1365 1116 1412 1165 εί
1442 1115 1514 1183 μὴ
1537 1117 1658 1178 τοὺς

143 1209 273 1274 ἱεροὺς
301 1208 473 1273 διέλθῃ
496 1207 762 1273 βαθμοὺς,
789 1209 1087 1268 ἐπίσκοπος
1118 1208 1178 1258 οὑ
1217 1205 1572 1258 καθίσταται·
1600 1207 1658 1256 τὸ

143 1299 178 1348 ἑὲ
200 1297 284 1348 τῶν
307 1297 521 1364 βαθμῶν
552 1296 826 1364 διάστημα
859 1296 918 1347 οὺ
974 1295 1092 1345 λίαν
1144 1296 1424 1361 ὀλιγοστόν
1447 1312 1459 1324 ·
1493 1295 1557 1346 δι’
1597 1289 1657 1344 οὗ

141 1391 182 1438 τὸ
204 1389 391 1456 δόκιμον
438 1389 539 1457 τῆς
580 1390 819 1448 πίστεως
867 1403 880 1416 ’
911 1389 1005 1439 καὶ
1037 1387 1441 1453 καλοκάγαθίας
1493 1385 1657 1439 αὑτοῦ

144 1480 450 1549 δοκιμάζοιτο.
497 1480 556 1532 Ὁ
600 1481 711 1550 γὰρ
745 1482 968 1550 ἑτερως,
1007 1479 1286 1546 νεόφυτος.

191 1671 232 1716 ι’.
260 1665 309 1718 '0
352 1664 830 1735 προσκαλούμενος
883 1662 1182 1716 ἐπίσκοπον
1239 1663 1298 1728 ἐξ
1331 1665 1650 1728 ἐπισκόπου,

143 1758 206 1809 τοῦ
221 1758 669 1827 προσκαλουμένου
693 1757 902 1809 ἰδιώτου
921 1757 1306 1824 τυγχάνοντος,
1330 1759 1403 1826 μὴ
1431 1759 1656 1825 συνεχέ-

143 1867 286 1920 στερον
332 1851 708 1921 δημηγοροίη·
747 1849 937 1918 μῶμος
990 1850 1102 1918 γὰρ
1136 1848 1230 1900 τοῦ
1280 1849 1514 1911 ίδιώτου,
1560 1850 1654 1901 καὶ

1771 659 2058 712 ecclesiam
2084 660 2409 730 eoiilugiunt
2449 663 2577 715 totis
2610 665 2822 716 virilius
2850 671 3308 721 succurrendum.

1845 753 1898 804 8.
1939 755 1991 804 Si
2043 752 2209 804 frater
2261 757 2323 807 ad
2369 754 2590 808 fratrem
2650 765 2859 810 mittat.
2909 759 3358 825 uietropolitanus

1771 845 2026 896 nuntium
2058 845 2251 897 litteris
2275 849 2387 900 suis
2413 859 2641 903 muniat.
2662 850 2971 915 scribziiqiie
2999 850 3062 901 ad
3087 866 3199 910 eos,
3220 867 3357 918 quos

1768 937 2057 1005 episcopus
2093 951 2245 1009 rogat
2290 953 2344 993 ut
2378 946 2630 994 nuntium
2656 945 2980 1013 suscipiat.

1840 1117 1892 1169 9.
1935 1117 2189 1172 Foreusis
2236 1120 2593 1176 scholasticus
2630 1132 2720 1176 aut
2762 1125 2933 1184 dives,
2996 1127 3096 1175 nisi
3134 1143 3226 1191 per
3268 1143 3355 1178 sa-

1767 1225 1888 1263 eros
1919 1213 2137 1265 ordines
2161 1217 2454 1276 transierit,
2500 1232 2605 1267 non
2642 1233 2856 1268 creatur
2891 1219 3359 1283 episcoiiiis.Gi'a-

1769 1302 1934 1354 duum
1984 1317 2162 1355 autem
2201 1305 2552 1360 interstitiqu
2598 1324 2662 1358 ne
2709 1312 2872 1360 niniis
2917 1311 3076 1362 breve
3123 1327 3207 1366 sit.
3249 1329 3356 1378 quo

1770 1395 1944 1462 major
1981 1395 2100 1446 liili-i
2131 1413 2450 1465 tuorumque
2490 1404 2772 1466 probitatis
2811 1406 2941 1468 eius.
2970 1405 3215 1469 probatio
3258 1410 3356 1457 lia—

1768 1487 1884 1540 beri
1921 1488 2111 1554 possit.
2149 1491 2247 1551 Qui
2275 1491 2419 1542 enim
2450 1495 2604 1542 aliter
2643 1498 3014 1554 constituitur,
3047 1500 3354 1567 iie0pliytus

1768 1590 1870 1632 05L

1839 1673 1921 1726 l0.
1967 1673 2264 1742 Episcopus
2307 1677 2374 1728 ab
2421 1677 2678 1744 episcopo
2727 1685 3056 1736 accersitus.
3095 1685 3134 1734 si
3173 1685 3214 1734 is
3259 1684 3348 1750 qui

1764 1780 1991 1821 accers-t
2027 1773 2311 1821 immeritus
2338 1772 2426 1829 sit,
2450 1785 2516 1822 ne
2538 1772 2698 1821 uiiiiis
2725 1785 2938 1826 assidue
2962 1779 3346 1832 eoncionetur:

1764 1859 1864 1911 lioc
1895 1863 2040 1912 enim
2078 1861 2328 1928 imperito
2358 1862 2458 1912 erit
2516 1865 2770 1914 dedecori
2795 1903 2807 1920 ,
2842 1867 3034 1926 illeque
3065 1871 3347 1935 episcopa-

145 1945 350 2013 μνηστεία
372 1945 465 2011 τῆς
498 1941 809 2010 ἐπισκοπῆς
855 1942 1068 2008 ἐκείνῳ,
1100 1944 1194 1994 καὶ
1229 1942 1518 2009 ἀμφότερα
1552 1945 1649 1996 οὐκ
1687 1945 1724 1998 Β
1760 1963 1788 2004 ιι

1692 1945 1724 1998 Β
1760 1963 1870 2004 tum
1914 1954 2119 2006 ambire
2154 1954 2442 2010 videbitur.
2481 1971 2540 2006 ac
2588 1967 2816 2023 utraque
2861 1963 3335 2024 reprehendenda.

142 2037 376 2102 ἀμώμητα.
413 2035 688 2102 Ἀνάγκης
719 2034 838 2102 δίχα
882 2033 1129 2102 βαρείας.
1165 2035 1505 2106 δυσχερέςιτὸ
1535 2039 1652 2086 ἐπι-

143 2126 335 2178 τλιίστον
360 2127 447 2177 τὸν
479 2127 781 2178 ἐπίσκοπον
819 2125 916 2191 τῆς
942 2126 1151 2186 οίκείας
1187 2125 1485 2192 ἐκκλησίας
1513 2127 1654 2176 ἀπο-

140 2217 470 2283 λιμπὰνεσθαι.

190 2309 258 2363 ια’.
291 2313 611 2373 Ἐπίσκοπος
644 2313 866 2382 κτήσεις
925 2312 1267 2381 κεκτημένος
1305 2309 1652 2380 ὑπερορίους,

138 2403 336 2471 είμίλλει
367 2405 587 2468 ταύταις
644 2407 798 2467 ίέναι,
827 2406 1123 2474 χρονιζὲιω
1148 2406 1221 2474 μὴ
1255 2402 1416 2456 πλέον
1445 2405 1656 2472 Κυρια-

139 2493 219 2545 iiti
245 2496 391 2565 τριῶν
419 2497 808 2567 διαστήματος.
846 2496 1003 2550 οὕτω
1037 2497 1144 2568 γάρ
1175 2499 1208 2567 ἡ
1241 2499 1416 2549 οἰκεία
1466 2497 1652 2549 τοῦτον

140 2589 292 2658 ποίμνη
323 2589 779 2661 καταπλουτήσει,
837 2592 932 2643 καὶ
979 2589 1141 2652 αὐτὸς
1197 2588 1399 2659 ἄτυφος
1461 2588 1651 2657 διαμέ-

138 2695 256 2732 νοιτο.

188 2770 255 2838 ιβ’.
291 2771 345 2825 ’0
371 2773 456 2826 τὸν
483 2773 853 2843 ἀκοινώνητον
877 2771 1102 2826 ἄλλοθεν
1130 2768 1412 2834 κοινωνίᾶς
1463 2772 1650 2836 ἀξιῶν,

144 2866 246 2931 μετὰ
265 2866 454 2932 γνῶσιν
483 2869 587 2918 οὑκ
619 2866 931 2927 ἀνεύθυνος.
1269 2859 1282 2866 ’

186 2960 254 3027 ιγ’.
297 2961 352 3015 Ὀ
385 2963 513 3030 παρ’
548 2961 805 3029 ὀξυχόλου
833 2960 1165 3028 κατάκριτος
1188 2957 1508 3027 ἐπικουρίας
1534 2957 1648 3008 δεό-

140 3073 275 3119 μενος,
320 3059 414 3108 οὑκ
469 3059 828 3118 ἀνάκουστος.
883 3056 1046 3125 Ἀχρι
1095 3054 1152 3107 δὲ
1185 3054 1284 3121 τῆς
1325 3054 1646 3122 ἐπικουρίας

135 3145 285 3217 inieci;
306 3149 688 3217 ἀκοινώνητος.

184 3237 246 3290 ιδ’.
278 3238 370 3289 Τὸν
400 3240 686 3308 ἀλλότριον
730 3238 1032 3307 ὑπηρέτην,
1073 3237 1356 3306 ἀλλότριος
1389 3237 1511 3305 δίχα
1550 3236 1650 3304 τῆς
1673 3287 1717 3348 C

134 3329 294 3384 ἐκείνου
309 3330 523 3402 γνώμης
548 3330 726 3401 ἐμόαθ
736 3348 835 3400 μον
849 3329 1134 3395 καθιστὰς,
1153 3329 1500 3396 καθίστησιν,
1527 3327 1646 3382 ἀλλ’

133 3421 353 3476 ἀϐέϐαιον.

182 3522 247 3572 ιε’.
267 3519 322 3573 οε
336 3519 423 3571 ἐπὶ
445 3517 546 3588 τῆς
563 3517 677 3572 τῶν
695 3518 1010 3571 ἐπισκόπων
1035 3515 1368 3586 βραδύτητος
1395 3515 1534 3585 ὅροι,
1551 3512 1647 3565 καὶ

135 3608 199 3658 ἐπὶ
220 3609 590 3681 πρεσϐυτέρων
625 3609 720 3660 καὶ
742 3609 1005 3661 διακόνων
1041 3610 1227 3678 ἔχουσι
1249 3607 1504 3675 δύναμιν.

187 3699 246 3764 ις’
297 3703 517 3766 ’Δδίκως
566 3705 865 3763 ἐπίσκοπος
907 3702 1286 3770 ἐλαυνόμενος,
1342 3701 1390 3752 εἰ
1433 3699 1526 3752 ἐπὶ
1547 3698 1648 3769 τὴν

133 3790 358 3864 ἀλλοτρίαν
403 3795 609 3862 διάγοι,
639 3795 878 3860 δεκτέος,
909 3796 1012 3858 ἐως
1047 3796 1146 3864 τὴν
1176 3793 1332 3862 ὓδριν
1363 3793 1648 3846 ἐπανασώ-

134 3897 253 3937 ὕθίῗῧ.

183 3972 247 4036 ιζ’.
278 3975 524 4040 Ἀδεκτος
571 3979 602 4029 ό
627 3977 907 4046 κληρικὸς,
942 3979 970 4028 ὁ
1001 3977 1076 4048 μὴ
1114 3977 1285 4031 τελῶν
1318 3979 1396 4040 είς
1427 3977 1528 4046 τὴν
1555 3977 1649 4029 ἐκ·

136 4065 312 4132 γᾲησίαν
349 4070 402 4119 ἐν
519 4067 890 4135 κεκλήρωται.
947 4070 1277 4138 Εὑτυχιανὸς
1331 4071 1518 4137 μέντοι
1553 4071 1648 4121 καὶ

133 4157 343 4222 Μουσαῖος
379 4163 688 4214 ἐπισκόπου
730 4162 924 4230 κλῆσιν
955 4163 1053 4214 οὐκ
1083 4162 1480 4231 ἐκδικήσουσιν.
1519 4164 1646 4216 Κοι-

136 4251 306 4313 νωνιιᾶς
343 4251 451 4321 [Ian
487 4253 806 4324 κοινωνίας]
837 4255 1016 4322 μέντοι
1049 4255 1191 4306 κατά
1233 4256 1359 4316 τοὺς
1391 4256 1636 4320 λαῖκοὲις,

135 4343 198 4395 ἐὰν
225 4345 479 4409 ἐθέλωσιν,
511 4345 914 4408 ἐπιτεύξονται.

180 4437 247 4506 ιη’.
288 4439 338 4491 Ὀ
368 4439 430 4491 τά
467 4439 652 4502 καλῶς
680 4443 772 4491 καὶ
795 4440 1102 4509 θεαρέστως
1133 4439 1465 4507 ἐνηνεγμένα
1491 4439 1645 4507 τύφῳ

137 4533 485 4598 apsum-fidat
548 4533 921 4602 πειρώμενος,
957 4533 1058 4584 οὐκ
1091 4533 1386 4594 ἐπίσκοπος
1409 4547 1421 4559 ·
1459 4532 1649 4584 τεθεα-

1761 2044 1888 2096 Sine
1925 2062 2067 2111 gravi
2114 2045 2440 2098 necessitate
2479 2046 2785 2099 diutissime
2823 2051 3141 2116 episcopum
3176 2068 3202 2103 ιι
3249 2068 3344 2105 sua

1760 2136 1950 2188 abesse
1990 2136 2243 2197 ecclesia,
2277 2137 2555 2203 iiiilignuni
2591 2149 2693 2188 est.

1833 2317 1916 2370 11.
1959 2316 2260 2385 Episcopus
2317 2319 2407 2386 qui
2462 2322 2834 2386 possessiones
2889 2336 3036 2376 extra
3091 2326 3343 2381 dimcesis

1760 2422 1874 2461 sua:
1911 2407 2111 2460 limites
2140 2407 2324 2468 liabet,
2359 2408 2401 2460 si
2437 2422 2530 2460 eas
2564 2411 2631 2460 sit
2673 2411 2968 2472 invisurus,
3008 2429 3074 2466 ne
3108 2418 3342 2484 amplius

1757 2515 1917 2568 quam
1953 2509 2064 2552 tres
2090 2499 2398 2553 Doininicas
2423 2509 2686 2554 moretur.
2718 2502 2809 2556 Sic
2838 2507 2985 2558 enim
3018 2522 3188 2574 ipsius
3213 2524 3337 2578 grex

1759 2608 1823 2646 eo
1855 2591 2085 2654 fruetur,
2119 2592 2342 2661 ipseque
2371 2591 2544 2645 fastus
2581 2594 2889 2662 suspicione
2923 2598 3146 2651 carebit.

1831 2776 1915 2828 12.
1959 2774 2059 2840 Qui
2109 2777 2634 2831 excommunicatum
2681 2779 2749 2832 ab
2791 2781 2900 2833 alio
2953 2785 3340 2840 communione

1758 2867 2031 2936 dignatur.
2064 2883 2120 2921 re
2145 2870 2360 2937 cognita
2402 2884 2508 2922 non
2541 2880 2623 2923 est
2655 2873 2858 2924 insons.

1832 2961 1916 3012 15.
1956 2961 2034 3012 Ab
2068 2962 2327 3014 iracundo
2355 2963 2748 3016 condemnatus
2773 2964 2814 3018 si
2851 2965 3053 3020 auxilio
3082 2967 3337 3038 indigeat,

1756 3050 2060 3104 audiendus
2091 3064 2190 3106 esu
2223 3052 2527 3122 Quousque
2550 3070 2676 3108 vero
2706 3059 2964 3109 auxilium
3012 3059 3338 3126 impetrave-

1757 3143 1841 3204 rit,
1877 3146 2382 3197 exconiinunicatus
2417 3156 2656 3199 maneat.

1825 3234 1908 3286 14.
1951 3236 2202 3286 Alienum
2239 3236 2549 3290 ministrum
2598 3239 2643 3292 si
2702 3240 2823 3308 quis
2863 3241 2999 3294 citra
3037 3241 3182 3295 illius
3217 3242 3337 3312 epi-

1753 3323 1902 3392 se0pi
1924 3338 2251 3377 consensum
2278 3326 2332 3378 in
2362 3326 2547 3395 aliquo
2588 3328 2754 3397 gradu
2787 3332 3104 3398 constituat,
3129 3333 3339 3388 constit-

1755 3415 1857 3466 tiiit
1883 3414 2128 3482 quidem.
2155 3415 2248 3470 sed
2281 3418 2555 3471 ordinatio
2586 3420 2823 3473 invalida
2852 3429 2952 3474 est.

1831 3505 1912 3558 15.
1957 3505 2030 3558 Ea
2071 3522 2191 3575 quae
2225 3508 2292 3561 de
2334 3510 2558 3577 lougiori
2594 3511 2976 3578 episcoporum
3019 3527 3170 3567 mora
3203 3514 3339 3570 deﬂ-

1753 3596 1863 3649 nita
1892 3607 2038 3659 sunt,
2072 3601 2125 3649 in
2157 3599 2483 3668 presbyteris
2512 3609 2567 3654 et
2585 3603 2832 3656 diaconis
2868 3603 2974 3656 vim
3015 3604 3244 3660 habent.

1825 3687 1910 3740 16.
1957 3687 2258 3756 Episcopus
2299 3693 2498 3755 injuste
2531 3693 2811 3760 expulsus,
2840 3694 2886 3748 si
2929 3696 2982 3747 iii
3017 3699 3195 3750 aliena
3241 3712 3335 3751 ec-

1752 3781 1914 3834 clesia
1942 3783 2119 3850 degat.
2152 3785 2540 3850 suscipiendus
2563 3795 2665 3846 est.
2697 3788 2872 3841 donec
2912 3789 3222 3857 propulsata
3248 3791 3334 3843 in-

1749 3872 1892 3938 juria
1925 3874 2153 3940 pristino
2181 3879 2344 3928 statui
2377 3880 2662 3930 restitutus
2689 3880 2777 3933 sit.

1824 3963 1908 4015 17.
1940 3961 2183 4017 Clericus
2217 3981 2323 4018 non
2359 3969 2560 4036 ili-gens
2594 3971 2647 4020 in
2685 3970 2912 4024 ecclesia
2947 3971 2998 4024 in
3033 3989 3140 4041 qua
3187 3977 3336 4031 ordi-

1751 4065 1910 4108 natus
1939 4067 2040 4117 est,
2072 4071 2176 4109 non
2218 4067 2301 4111 est
2344 4061 2704 4126 recipiendus.
2739 4061 3110 4128 Eutycliianus
3146 4075 3330 4123 tamen

1750 4161 1804 4204 et
1836 4152 2065 4206 Musaeus
2091 4155 2330 4222 episcopi
2365 4157 2782 4223 appellationem
2815 4171 2922 4210 non
2948 4161 3052 4212 sibi
3095 4161 3337 4217 vindica-

1755 4247 1891 4300 bunt
1925 4263 1936 4298 :
1971 4251 2411 4302 communionem
2445 4265 2575 4302 vero
2602 4265 2724 4303 cum
2773 4251 2945 4315 laicis,
2991 4253 3034 4305 si
3069 4261 3336 4313 voluerint

1752 4347 2176 4405 consequentur.

1829 4431 1912 4484 18.
1956 4430 2212 4499 Quisquis
2227 4445 2289 4485 ea
2321 4447 2440 4500 quin
2469 4444 2617 4488 recte
2647 4445 2782 4490 etex
2816 4439 3001 4494 divino
3021 4444 3336 4509 prascripto

1756 4524 1897 4579 edita
1913 4533 2061 4585 sunt,
2095 4539 2186 4590 per
2216 4526 2579 4590 arrogantiam
2615 4529 2938 4585 labefactare
2957 4543 3202 4594 conatur,
3228 4548 3336 4586 non

136 4623 248 4686 stiva;
271 4626 319 4677 δὲ
350 4628 654 4686 ἐπίσκοπος
683 4625 981 4676 ἐπίσκοπον
1008 4626 1308 4694 ἐρχόμενον
1338 4627 1394 4676 ἐν
1424 4640 1648 4693 στρατη·
1681 4612 1726 4668 D
1755 4630 1779 4665 ε

1692 4612 1726 4668 D
1755 4625 1837 4668 est
1879 4617 2188 4682 episcopus.
2250 4614 2552 4683 Episcopus
2591 4619 2632 4670 si
2680 4620 2875 4674 viderit
2915 4629 3234 4690 episcopum
3270 4625 3335 4678 ad

134 4713 253 4781 πέδῳ,
280 4717 527 4784 ἐμποδὼν
588 4717 663 4785 μὴ
696 4715 950 4779 γινέσθω,
1008 4716 1053 4766 εί
1096 4717 1245 4784 γνοίη
1298 4715 1438 4768 κατά
1471 4715 1646 4766 τιτῶν

134 4809 483 4876 προειρημένων
503 4807 807 4876 ἐρχόμενον
828 4822 840 4836 ·
864 4807 913 4858 εί
932 4805 976 4859 δ’
1005 4806 1203 4871 ἄλλως,
1222 4806 1643 4876 προαννελλέτω

132 4897 172 4946 τὸ
200 4899 557 4968 ἀκοινώνητον.

140 5082 356 5154 Ἐπιτομὴ
380 5088 663 5140 κανόνων
688 5081 900 5207 τῶνέὼε
932 5085 980 5136 Γ
983 5083 1170 5152 (irrng
1191 5084 1495 5152 μακαρίων
1530 5087 1646 5137 Πα-

761 5171 793 5206 τ
826 5169 966 5207 οων.

761 5169 966 5208 τεοων.

761 5171 826 5207 τε
909 5171 966 5208 ν.

178 5253 229 5300 a’.
255 5248 336 5317 Τῷ
373 5248 668 5302 ἀθετοῦντι
698 5248 789 5299 τὸν
821 5171 1052 5319 ςόῑιιμον
1083 5247 1285 5319 γάμον,
1323 5249 1418 5301 καὶ
1444 5249 1523 5320 τῷ
1552 5266 1650 5302 κα-

133 5340 378 5407 ταιρίνοντι
406 5343 499 5395 τὸν
537 5338 978 5410 κμοφαγοῦντα,
1012 5340 1137 5410 δίχα
1178 5339 1405 5394 πνικτοῦ
1442 5343 1538 5392 καὶ
1566 5343 1643 5392 εἰ-

133 5426 384 5498 διὺοθύτου,
414 5433 698 5502 ἀνάθεμα.

182 5520 229 5590 β’.
252 5525 332 5594 Τῷ
363 5528 612 5579 πείθοντι
665 5524 855 5578 δοῦλον
884 5527 1187 5596 ἀναχωρεῖν
1214 5526 1306 5579 τοῦ
1354 5526 1638 5590 δεσπότου,

134 5609 382 5680 Θεοσεὸείας
431 5620 741 5685 προφάσει,
801 5619 896 5671 καὶ
927 5619 1002 5690 τῷ
1045 5620 1452 5690 ,διακρινομένῳ
1487 5638 1647 5688 μετα-

132 5700 371 5773 λαμϐάνειν
401 5710 511 5764 ἀπὸ
543 5707 944 5780 πρεσϐυτέρων
999 5711 1345 5779 ὑπογυναίων
1375 5713 1645 5782 ἀνάθεμα.

180 5901 234 5963 τ’.
261 5899 313 5952 ὐ
334 5901 418 5955 τὸν
453 5902 605 5957 θεῖον
638 5897 789 5954 οἷκον
831 5903 1308 5973 εὐκαταφρόνητον
1339 5902 1642 5975 ὀνομάζων,

1760 4708 1935 4756 aulam
1962 4705 2222 4772 principis
2253 4718 2495 4770 euntem,
2534 4723 2600 4761 ne
2624 4711 2694 4761 sit
2719 4727 2766 4761 ei
2810 4713 3215 4779 impedimento,
3263 4715 3336 4766 si-

1757 4797 1973 4865 quidem
2005 4802 2317 4865 cognorerit
2342 4814 2465 4851 eum
2497 4801 2564 4852 ob
2591 4801 2790 4870 aliquid
2823 4820 3010 4857 eorum
3043 4821 3162 4872 qua:
3195 4822 3326 4874 prae-

1759 4889 1900 4943 dicta
1939 4899 2085 4952 sunt,
2113 4890 2405 4957 proﬁcisci.
2432 4889 2683 4958 Siseciis,
2719 4899 3332 4950 exeommunicationem

1758 4982 1806 5033 ei
1837 4981 2141 5035 denuntiet.

1761 5095 1997 5165 Epitome
2021 5112 2280 5151 canonum
2306 5110 2608 5153 sanctorum
2629 5100 2850 5154 Patrem
2879 5101 2932 5153 in
2964 5100 3174 5173 Gaugra
3211 5120 3334 5158 con-

2374 5183 2730 5240 gregalorum.

1829 5261 1881 5312 1.
1937 5261 2264 5330 lniprobanti
2290 5263 2583 5331 legitimum
2631 5266 3072 5327 matrimonium,
3116 5275 3168 5319 et
3202 5281 3332 5320 con-

1757 5351 2032 5406 demiianti
2068 5367 2260 5406 carnes
2327 5356 2773 5422 manducantem,
2832 5360 3035 5427 absque
3070 5357 3332 5413 suﬂocato

1756 5452 1811 5497 et
1839 5443 2157 5513 iilolothyto,
2189 5446 2491 5500 anathema.

1825 5535 1880 5589 2.
1918 5536 1975 5589 Ei
2018 5537 2107 5603 qui
2142 5551 2298 5590 servo
2338 5540 2628 5607 persuadet
2662 5550 2719 5593 ut
2750 5556 2778 5594 a
2817 5541 3039 5596 domino
3081 5542 3328 5609 recedat,

1757 5632 1973 5699 pietatis
2003 5642 2264 5700 pra-textu
2287 5674 2300 5695 ,
2330 5644 2490 5704 atque
2525 5636 2573 5688 ei
2606 5636 2698 5705 qui
2737 5636 2947 5690 dubitat
2988 5636 3332 5690 communio-

1756 5738 1881 5777 nem
1909 5739 1936 5776 a
1961 5723 2290 5793 presbyteris
2314 5721 2661 5781 matrimonio
2684 5728 2891 5797 junctis
2917 5727 3184 5796 accipere,
3206 5741 3332 5780 aua-

1760 5817 1960 5870 thema.

1829 5905 1882 5959 5.
1919 5903 2022 5969 Qui
2067 5903 2158 5959 Dei
2189 5905 2408 5962 domum
2446 5907 2907 5978 contemptibilem
2945 5920 3064 5962 esse
3098 5905 3246 5969 dicit,
3276 5915 3331 5958 et
