4162 6474
144 451 210 515 Ξὸί
1315 442 1653 504 EPITOME
1690 442 2080 506 CANONUM.
3237 441 3343 503 202

144 566 250 615 sim
294 556 594 612 ἐπισκόπῑυ
618 572 633 587 ·
666 557 693 608 6
717 555 774 608 δέ
831 553 989 607 τοῦτο
1032 552 1248 622 τολμῶν
1292 554 1665 624 ὑπερϐαίνειν,
1696 556 1744 616 Α
1773 554 1787 608 1

1709 556 1744 615 Α
1773 554 1877 609 hoc
1909 557 2125 619 audeat,
2166 556 2488 626 deponatur.
2525 555 2685 611 Urbis
2716 556 3006 626 cpiscopus
3047 554 3352 608 facite-ber-

143 655 197 723 εἴη
217 648 575 721 καθῃρημένος
598 664 610 677 ·
641 648 734 700 καὶ
768 646 795 698 ό
818 646 915 715 τῆς
950 644 1159 707 πόλεως
1182 645 1478 708 ἐπίσκοπος
1512 648 1657 697 ποιεῖ
1763 646 2100 715 episcopum.

143 738 517 812 χωρεπίσκοπον.

190 831 255 886 ια’.
297 830 346 882 '0
373 827 615 899 προσιὼν
636 828 961 900 αὐτομάτως
990 828 1068 898 τῷ
1096 828 1305 899 βασιλεῖ
1332 828 1651 890 ἐπίσκοπος,

1839 831 1924 885 tl.
1962 830 2014 883 Si
2050 830 2371 899 cpiscopus,
2410 839 2503 885 aut
2556 830 2841 903 presbyter
2882 841 3075 900 sponte
3124 847 3186 884 ac
3237 832 3355 886 sine

144 926 165 994 ἢ
200 920 564 993 πρεσδιὴερος,
628 921 725 973 καὶ
758 921 881 990 οὐχὶ
943 920 1234 983 κελευστὸς
1275 920 1411 990 πρὶς
1438 920 1531 972 τοῦ
1559 920 1656 987 τῆς
1767 936 1787 989 ι

1767 922 2057 989 provinciae
2088 925 2495 992 metropolitani
2521 927 2678 994 jussu
2714 926 3101 993 imperr'orem
3134 924 3351 991 adierit,

143 1015 276 1089 χώρας
293 1011 711 1082 μητροπολίτου,
744 1014 882 1083 μετὰ
902 1012 1000 1082 τῆς
1021 1011 1307 1074 κοινωνίας
1340 1010 1657 1063 ἐκπιπτέτω
1769 1028 1786 1066 ί

1176 1011 1307 1074 »νίας
1340 1010 1657 1063 ἐκπιπτέτω
1769 1014 2153 1068 communione
2195 1031 2258 1070 ac
2296 1014 2556 1085 dignitate
2587 1017 2819 1070 excid-at.

145 1107 207 1157 καὶ
230 1106 307 1174 τῆς
331 1104 512 1168 ἀξίας.

193 1196 258 1265 ιβ’.
289 1198 339 1249 '0
362 1194 757 1268 καθῃρημένος
804 1195 853 1247 εί
889 1194 1135 1265 ἐνοχλοίη
1181 1194 1259 1265 τῷ
1310 1191 1542 1264 βασιλεῖ,
1572 1192 1657 1243 αἱ·

1844 1192 1933 1245 12.
1979 1193 2270 1262 Depositus
2307 1194 2349 1248 si
2396 1194 2703 1248 molestiam
2749 1194 3093 1263 imperatoris
3136 1196 3361 1249 auribus

146 1291 260 1343 τείτω
284 1289 498 1342 σύνοδον
530 1287 777 1359 μείζονα,
827 1287 923 1353 καὶῐ
949 1289 1009 1341 τὸ
1057 1287 1270 1342 ἐκεῖθεν
1323 1285 1483 1350 δόξαν
1516 1300 1659 1337 στοι-
1772 1298 1789 1334 ‹

1772 1283 2048 1344 exhibeat,
2076 1284 2344 1353 synodum
2376 1285 2638 1354 majorem
2664 1293 2834 1355 petat,
2864 1286 3115 1356 illiusque
3139 1292 3362 1342 decreto

146 1383 279 1450 χείτω.
325 1379 382 1434 Et
408 1380 466 1433 δὲ
494 1380 591 1433 καὶ
634 1375 791 1444 αὖθις
817 1380 1248 1448 ἀποδυσπετοίη,
1278 1378 1421 1433 ἔστω
1437 1374 1658 1431 ἀνέλπι-
1773 1394 1789 1427 s

1773 1386 1895 1430 stet.
1929 1376 2086 1443 Quod
2121 1378 2164 1432 si
2209 1394 2399 1432 rursus
2429 1379 2762 1449 indignetur,
2802 1380 3047 1450 pristina:
3088 1381 3362 1452 dignitatis

148 1489 246 1535 στος.
1775 1470 2161 1537 recuperanda:
2193 1471 2338 1523 nulla
2363 1470 2412 1524 ei
2444 1486 2569 1539 spes
2600 1487 2719 1525 esse
2746 1482 2944 1540 potest.

199 1570 267 1629 ιγ’.
318 1562 373 1614 Εἰ
408 1560 642 1631 μηδενὸς
670 1560 974 1627 ἀξιοῦντος,
1026 1560 1325 1623 ἐπίσκοπος
1368 1561 1447 1622 εἰς
1496 1558 1668 1622 ἄλλην

1844 1561 1932 1613 13.
1962 1561 2015 1614 Si
2052 1563 2270 1616 nemine
2302 1574 2526 1632 rogante
2549 1563 2839 1632 episcopus
2869 1564 2921 1616 in
2947 1564 3108 1617 aliam
3140 1564 3362 1633 provin-

147 1652 356 1723 ἐπαρχίαν
371 1653 533 1722 ἀπίῃ,
568 1652 663 1705 καὶ
695 1652 1051 1722 χειροτονοίη,
1087 1651 1197 1718 ξκαὶ
1223 1651 1454 1717 διοικοίη
1486 1648 1665 1718 πράγ-
1771 1671 1790 1707 (

1771 1653 1912 1707 ciam
1949 1669 2007 1707 se
2040 1653 2316 1715 conferat,
2356 1655 2682 1723 ordinetque
2726 1670 2789 1709 ac
2829 1670 2918 1709 res
2967 1655 3311 1709 administret
3348 1673 3358 1709 :

148 1762 276 1811 ματα·
304 1746 437 1799 αὑτά
488 1762 549 1798 τε
587 1745 771 1813 ἄκυρα
802 1746 975 1813 μένει,
1010 1744 1110 1796 καὶ
1166 1745 1375 1805 ἐκεῖνος
1400 1740 1664 1809 καθαιρε-
1776 1744 1786 1795 i

1400 1740 1664 1809 καθαιρε-
1776 1744 1892 1813 ipsa
1929 1744 2085 1799 irrita
2108 1753 2352 1809 manent,
2386 1755 2550 1814 atque
2574 1745 2666 1800 ille
2703 1748 3026 1815 deponetur.

144 1837 337 1905 ύήσεται.

195 1888 281 1981 ιδ’.
395 1916 701 1981 ἐπισκόπου
756 1924 1103 1998 κρινομένου,
1158 1926 1207 1978 οἱ
1252 1925 1353 1993 τῆς
1392 1926 1663 1997 ἐπαρχίας
1703 1888 1746 1945 Β

1721 1888 1746 1945 3
1850 1923 1934 1976 H.
1964 1922 2018 1975 Si
2047 1932 2301 1976 accusato
2331 1924 2589 1994 episcopo
2615 1924 2909 1993 provincia:
2934 1929 3175 1998 episcOpi
3219 1931 3364 1985 inter

144 2021 374 2075 ἐπίσκοποι
394 2021 766 2092 διαφέροιντο,
798 2018 1168 2089 μετακλητέον
1212 2018 1321 2072 ἀπὸ
1348 2018 1458 2072 τῶν
1493 2018 1665 2081 πέλας
1779 2030 1787 2067 t

1779 2030 1837 2069 se
1869 2014 2211 2084 discrepent,
2240 2016 2326 2068 alii
2360 2028 2490 2070 sunt
2521 2032 2551 2071 e
2582 2018 2779 2072 vicinis
2806 2019 2939 2073 locis
2969 2021 3269 2100 advocandi
3298 2024 3362 2077 ad

144 2112 329 2182 ἐτέρους,
359 2116 436 2174 είς
468 2112 844 2183 ἀναμφίεολον
863 2110 1302 2182 ἀμφισόήτησιν.
1777 2125 1787 2160 t

1154 2126 1302 2181 ησιν.
1777 2108 2206 2162 controversiam
2231 2116 2381 2161 certo
2412 2107 2794 2163 diritncndam.

195 2204 258 2257 ιε’.
297 2207 629 2259 Ἑπισκόπου
701 2203 1084 2275 δικαζομένου,
1146 2204 1195 2254 σί
1230 2202 1339 2265 πᾶς
1393 2201 1668 2271 ἐπαρχιῶ-

1849 2198 1933 2251 15.
1972 2198 2247 2252 Accusata
2269 2198 2547 2268 episcOpo,
2581 2200 2623 2253 si
2651 2201 2897 2256 omnium
2924 2204 3216 2273 provincia:
3254 2206 3365 2273 epi-

144 2312 213 2365 της
241 2296 520 2359 ἐπίσκοπος
574 2296 880 2365 ἁδιάφωνος
936 2295 1200 2365 κρίνοιτο,
1251 2292 1562 2346 παλινδικία
1602 2292 1664 2344 οὐ
1775 2306 1787 2342 ε

1775 2304 2068 2357 scoporum
2109 2288 2397 2343 sententiae
2437 2291 2740 2346 concordes
2789 2293 2921 2357 sint,
2975 2296 3364 2367 redintegratio

141 2393 323 2456 γίνεται.
1776 2397 1784 2433 ε

1776 2382 2007 2435 actionis
2032 2396 2143 2435 non
2170 2380 2347 2435 datur.

196 2482 271 2545 ις’.
315 2483 366 2535 Ὀ
419 2482 548 2552 δίχα
572 2481 794 2534 συνόδου
825 2481 1062 2548 τελείας,
1094 2484 1187 2536 καὶ
1208 2481 1376 2537 αὐτοῦ
1419 2481 1515 2535 τοῦ
1554 2499 1665 2551 μη-

1849 2472 1935 2525 ιο.
1965 2471 2067 2537 Qui
2093 2472 2230 2526 citra
2254 2472 2520 2543 integram
2544 2474 2832 2545 synodum,
2859 2487 3026 2546 atque
3049 2478 3224 2547 ipsum
3250 2494 3368 2534 me-

141 2574 404 2639 τροπολίτου
457 2574 555 2626 ἐπὶ
603 2573 971 2643 σχολάζουσαν
1025 2573 1322 2644 ἐκκλησίαν
1362 2572 1666 2643 ἐπιπηδῶν,
1779 2574 1784 2612 ι

1779 2562 2167 2631 tropolitanum
2208 2562 2260 2615 in
2282 2575 2564 2618 vacantem
2594 2565 2879 2619 ecclesiam
2920 2567 3147 2634 invadit,
3170 2584 3365 2638 quam-

141 2662 261 2737 λῖινῇ
290 2665 560 2735 σχολάζων
595 2665 921 2736 ἀπόὸλητος.
1780 2670 1784 2679 “

1780 2654 1862 2708 vis
1886 2654 2001 2723 ipse
2032 2669 2260 2709 munere
2296 2664 2473 2719 vacet,
2502 2655 2804 2724 ejiciendus
2832 2667 2935 2713 est.

191 2756 258 2819 ιζ’.
302 2757 690 2826 ’Δκοινώνητος
746 2759 773 2809 6
803 2756 1097 2825 δεξάμενος
1156 2754 1521 2825 χειροτονίαν,
1576 2755 1671 2808 καὶ

1847 2746 1933 2798 17.
1973 2744 2076 2810 Qui
2124 2755 2381 2815 suscepto
2411 2747 2606 2802 ordine
2634 2749 2701 2803 ab
2727 2764 2793 2804 eo
2821 2751 3015 2815 resilit,
3044 2767 3366 2808 excommu-

140 2846 295 2916 πιότης
318 2846 689 2916 ἀποσκιρτῶν,
714 2846 820 2910 ἓως
855 2846 1161 2917 μεταγνοὺς
1191 2844 1559 2907 καταδέξοιτο.
1781 2858 1783 2893 1

1781 2843 2015 2906 nicatur,
2054 2857 2343 2911 quousque
2371 2844 2697 2913 pmnitentia
2725 2844 2924 2899 ductus
2950 2862 3154 2903 munus
3188 2848 3366 2902 susci-

1776 2933 1909 3000 pini.

190 3024 263 3093 ιη’.
296 3025 592 3094 Μετεχέτω
638 3025 739 3093 τῆς
773 3026 937 3096 τιμῆς
966 3023 1270 3088 ἐπίσκοπος
1301 3027 1330 3078 6
1357 3042 1671 3095 χειροτονη-

1852 3024 1939 3078 18.
1980 3022 2284 3094 Episcopus
2316 3025 2606 3081 ordinatus
2652 3026 2862 3081 honore
2910 3026 3142 3092 fruatur,
3182 3029 3305 3084 licet
3338 3044 3367 3082 a

138 3118 240 3179 ίεὶς,
266 3119 349 3170 καὶ
392 3117 469 3185 μὴ
496 3118 793 3187 δεχόμενος
826 3118 962 3187 πρὸς
1003 3117 1103 3187 τῆς
1142 3119 1347 3181 πόλεως
1371 3133 1387 3150 ·
1437 3118 1533 3170 καὶ
1562 3118 1672 3170 λει-
1780 3146 1781 3149 η

1780 3115 1999 3169 civitate
2030 3131 2138 3170 non
2166 3118 2489 3187 recipiatur,
2512 3128 2833 3189 tantumque
2867 3136 3067 3175 munus
3091 3122 3253 3176 obeat
3272 3140 3369 3176 ex-

137 3209 385 3278 τουργείτω
418 3212 607 3278 μόνον,
636 3210 923 3279 ἀναμένων
956 3210 983 3261 ὅ
1022 3227 1075 3262 τι
1122 3209 1189 3262 ἂν
1217 3210 1249 3279 ἡ
1280 3211 1373 3278 τῆς
1396 3210 1668 3285 ἐπαρχίας
1698 3219 1743 3279 c

1721 3219 1743 3279 ς
1781 3218 2036 3277 spectans
2066 3210 2326 3279 quidquid
2343 3211 2639 3280 provincia:
2655 3214 2894 3282 synodus
2913 3214 3364 3283 pronuntiaverit.

140 3300 447 3366 σποςαίνοιτο
469 3299 715 3360 σύνοδος.

188 3387 256 3441 ιε’.
286 3390 342 3441 εξ
390 3392 468 3458 μὴ
512 3389 735 3449 σύνοδος
767 3388 873 3456 ειη,
912 3389 1005 3441 καὶ
1038 3388 1066 3439 ὁ
1128 3388 1537 3459 μητροπολιτης
1591 3390 1666 3459 μὴ

1850 3395 1935 3449 19.
1970 3394 2189 3463 Absque
2229 3396 2437 3465 synodo
2471 3406 2525 3450 et
2564 3397 2985 3465 metropolitano
3022 3412 3092 3450 ne
3131 3396 3225 3450 ﬁat
3252 3397 3371 3466 epi-

139 3479 323 3543 ςίνέσθω
350 3483 673 3543 ἐπίσκοπος.
709 3481 771 3533 Ei
808 3481 864 3533 δὲ
907 3481 995 3532 διά.
1039 3498 1089 3534 τι
1135 3480 1397 3551 δυσχερὲς
1454 3482 1528 3552 μὴ
1557 3499 1676 3534 συν·
1778 3505 1782 3540 ε

1778 3502 1997 3557 seopus.
2028 3487 2085 3540 Si
2115 3496 2298 3542 autem
2340 3497 2562 3558 propter
2591 3488 2824 3558 aliquam
2853 3488 3228 3543 difﬁcultatem
3253 3504 3364 3543 non

137 3572 304 3635 ἁτπντο
324 3575 585 3635 ᾶπαντες,
604 3572 740 3635 τέως
755 3573 803 3624 οι
823 3571 1038 3632 πλείους
1058 3572 1090 3642 ἥ
1113 3574 1436 3644 γράμμασιν
1458 3573 1675 3627 ἕποιντο
1777 3608 1780 3624 .

1777 3581 2132 3635 convenerint
2154 3595 2364 3643 omnes,
2388 3581 2606 3634 interim
2632 3582 2816 3651 plures
2840 3581 2924 3635 vel
2958 3581 3155 3635 litteris
3174 3596 3366 3635 assen—

139 3664 391 3735 σᾶμψηᾳοι.
431 3666 498 3718 Ei.
553 3665 602 3718 δ’
655 3665 798 3717 οὓτω
844 3664 939 3717 τοῦ
970 3666 1297 3735 πράγματος
1345 3665 1671 3736 τελουμένου
1780 3688 1782 3696 ε

1780 3672 2003 3726 tiantur.
2036 3671 2091 3727 Si
2132 3688 2264 3726 vero
2304 3688 2364 3727 re
2405 3672 2479 3726 ita
2526 3684 2750 3742 peracta
2784 3673 3121 3728 contendant
3160 3672 3358 3743 aliqui.

140 3759 445 3821 έιλονεικοίἐν
475 3775 649 3823 τινες,
683 3759 715 3827 ή
741 3756 852 3809 τῶν
877 3756 1120 3809 πλεόνων
1144 3756 1324 3827 ψῆφος
1350 3756 1670 3827 ἐνισχυέτω.
1779 3779 1783 3833 ς

940 3758 1120 3809 ,εόνων
1144 3756 1324 3827 ψῆφος
1350 3756 1670 3827 ἐνισχυέτω.
1779 3763 2015 3833 plurium
2042 3762 2361 3834 suﬂ‘ragium
2388 3764 2583 3817 valeat.

184 3857 238 3903 κ’.
280 3850 614 3913 Ἐπίσκοπος
638 3851 733 3903 καὶ
762 3849 1053 3903 ὑπολαϐὼν
1080 3848 1192 3921 [ῖσ.
1220 3850 1327 3902 ὑπὸ
1352 3848 1518 3921 λαῶν]
1556 3849 1676 3918 βιαο

1849 3852 1939 3906 20.
1982 3852 2311 3922 EpiscOpus,
2341 3852 2445 3905 nisi
2488 3851 2539 3906 vi
2568 3867 2598 3905 ι
2638 3851 2855 3920 populis
2891 3852 3037 3907 illata
3068 3850 3218 3906 etab
3250 3851 3369 3923 epi-

136 3940 438 4006 ζόμενος,καέ
473 3941 585 3994 ὑπὸ
613 3939 927 3992 ἐπισκόπων
964 3936 1409 4007 ἀναγκαζόμενος
1432 3938 1507 4007 μὴ
1540 3933 1673 4005 μεθ-

1574 3933 1673 3987 »εθ-
1781 3942 1961 4012 scepis
1990 3950 2235 4013 cogatur,
2259 3943 2315 3997 in
2343 3942 2503 3999 aliam
2524 3942 2822 4012 pacticiam
2850 3956 2922 3997 ne
2956 3950 3217 3997 transeat.

136 4030 321 4084 κτάσθω
344 4033 422 4093 είς
445 4029 751 4098 παροικίαν
774 4028 986 4097 ἑτέραν.

187 4123 274 4175 ια’.
325 4123 797 4193 Ἐπιχειροτονεῖν
826 4137 978 4182 τινας
1029 4119 1328 4181 ἐπίσκοπος
1373 4118 1437 4171 ἐκ
1467 4117 1673 4180 πόλεως

1852 4124 1942 4178 21.
1985 4124 2289 4193 Episcopus
2322 4140 2387 4178 ex
2431 4124 2563 4178 urbe
2606 4122 2661 4176 in
2706 4122 2897 4177 urbem
2930 4122 2997 4177 ad
3032 4124 3373 4182 ordinandas

133 4216 188 4273 ei;
218 4215 351 4266 πόλιν
386 4216 462 4284 μὴ
521 4214 749 4275 ἐπιὲτω,
800 4209 913 4264 ἀλλ’
948 4210 1201 4282 ἢγνώμῃ
1232 4210 1326 4263 τοῦ
1354 4209 1661 4263 ἐπισκόπου

1780 4217 1991 4286 aliquos
2027 4232 2094 4270 ne
2130 4219 2321 4281 abeat,
2375 4226 2741 4285 prmtcrquam
2815 4215 2885 4269 de
2926 4215 3079 4271 urbis
3128 4216 3371 4287 episc0pi

134 4306 203 4371 τῆς
229 4307 445 4371 πόλεως.
489 4305 559 4358 Εἰ
592 4304 639 4357 δ’
667 4302 785 4370 οὖν,
843 4302 1102 4367 ἀϐέϐαιος
1136 4304 1171 4373 η
1220 4302 1547 4375 χειροτονία,
1581 4301 1678 4354 καὶ

1784 4307 2074 4362 sententia.
2112 4306 2207 4360 Sin
2234 4321 2385 4374 vero,
2423 4305 2657 4360 invalida
2683 4314 2768 4359 est
2806 4304 3099 4369 ordinatio,
3128 4305 3358 4376 ipseque

132 4394 293 4460 ἐγεῖνος
324 4399 617 4460 ὑπόδικος.

1780 4398 1989 4469 judicio
2023 4398 2314 4453 obnoxius.

180 4486 265 4556 xﬂ'.
296 4490 383 4560 Μὴ
416 4488 696 4559 μεθιστᾷν
727 4485 915 4558 ἕτερον
945 4485 1039 4538 ἐπὶ
1086 4488 1153 4556 τῇ
1180 4485 1345 4557 ἐξόδῳ
1376 4484 1676 4541 ἐπίσκοπον
1704 4536 1757 4561 ἢ

1726 4537 1757 4561 η
1846 4490 1936 4545 99.
1975 4491 2276 4561 Episcopus
2316 4490 2373 4543 in
2407 4488 2561 4543 exitu
2587 4488 2713 4542 vitae
2729 4490 3247 4544 constitutus-lium
3266 4506 3369 4559 pro

130 4579 150 4627 ὁ
174 4581 443 4646 ἐπίσκοπος
469 4600 482 4613 ·
533 4582 755 4635 ἐκείνου
778 4581 835 4635 δὲ
863 4578 1245 4651 κοιμηθέντος,
1275 4577 1413 4648 μετὰ
1454 4578 1675 4631 συνόδου
1704 4577 1755 4596 ν

1728 4577 1755 4595 ⁷
1790 4599 1849 4638 se
1871 4586 2186 4653 episcopum
2205 4596 2275 4635 ne
2294 4581 2590 4636 constituat
2612 4589 2927 4649 :postquam
2946 4589 3125 4634 autem
3151 4581 3239 4635 ille
3266 4581 3371 4636 cb-

131 4672 209 4724 τῶν
252 4677 480 4746 ἐχόντων
518 4675 627 4740 τὴν
667 4673 939 4738 ἐξουσίαν,
986 4674 1016 4725 6
1072 4671 1222 4737 ἄξιος
1259 4669 1675 4742 προϐεϐλήσθω.

1787 4676 2097 4735 dormierit.
2124 4690 2249 4728 cum
2280 4688 2469 4728 eorum
2506 4672 2599 4742 qui
2637 4680 2963 4741 potestatem
3002 4671 3208 4727 habent
3239 4686 3370 4728 coa-

1787 4776 1975 4832 ventu,
2006 4766 2205 4837 dignus
2236 4774 2473 4820 creetur.

293 4857 464 4911 Παντὶ
488 4853 573 4925 τῷ
606 4851 799 4924 κλήρῳ
820 4853 889 4907 τὰ
912 4855 1010 4922 τῆς
1042 4851 1340 4923 ἐκκλησίας
1373 4850 1532 4920 Θέμις
1558 4851 1677 4905 δια-

1860 4861 1951 4914 25.
1986 4858 2107 4913 Τοιὶ
2136 4858 2283 4913 clero
2323 4873 2412 4912 res
2467 4856 2715 4911 ecclesiae
2752 4868 3082 4925 cognoscere
3124 4852 3267 4917 licet,
3312 4865 3370 4910 ut

131 4946 469 5009 γινώσκεσθαι,
526 4948 627 5000 ἵνα
676 4944 769 4997 τοῦ
830 4945 1131 4997 ἐπισκόπου
1182 4942 1567 5010 τελευτῶντος,
1607 4944 1678 4998 τὰ

1787 4951 2091 5006 decedente
2138 4950 2417 5019 epiSCOpo,
2458 4948 2704 5004 ecclesia:
2746 4962 2867 5017 quae
2908 4961 3007 5001 sua
3050 4956 3180 5001 sunt
3232 4962 3367 5001 con-

132 5041 261 5091 οἰκεία
277 5041 371 5111 τῆς
400 5038 721 5110 ἐκκλησίας
743 5036 1171 5105 διαφυλάττηται
1191 5052 1204 5067 ·
1228 5035 1296 5089 τὰ
1320 5036 1377 5089 δὲ
1427 5034 1523 5090 τοῦ
1552 5037 1676 5089 ἐπι-

1786 5054 2073 5101 serveutur
2110 5060 2125 5098 :
2159 5060 2282 5113 qua:
2312 5058 2442 5098 vero
2464 5050 2597 5098 sunt
2611 5040 2874 5111 episcopi,
2905 5040 3057 5108 juxta
3087 5038 3231 5095 illius
3257 5038 3372 5094 dis-

132 5132 289 5186 udam
318 5134 461 5188 κατὰ
484 5133 594 5204 τὴν
634 5131 846 5184 ἐκείνου
882 5131 1148 5200 διοικῆται
1178 5130 1444 5195 διάταξιν.

978 5132 1148 5200 ,κῆται
1178 5130 1444 5195 διάταξιν.
1787 5137 2112 5206 positionem
2144 5136 2621 5191 administrentur.

186 5228 267 5282 κδ’.
299 5230 506 5299 Κύριος
546 5230 578 5279 6
616 5226 918 5289 ἐπίσκοπος
947 5224 1056 5278 τῶν
1086 5225 1187 5294 τῆς
1216 5224 1513 5294 ἐκκλησίας
1537 5223 1679 5277 lato)

1858 5231 1948 5285 24.
1992 5229 2293 5300 Episcopus
2325 5242 2509 5281 rerum
2541 5226 2609 5280 ad
2647 5222 2932 5278 ecclesiam
2970 5220 3363 5290 pertinentium

133 5323 460 5391 πραγμάτων·
521 5325 576 5373 εί
615 5318 675 5371 δέ
713 5317 789 5388 μὴ
832 5319 1092 5384 ίκανοῖτο,
1126 5320 1239 5380 τοῖς
1272 5315 1550 5371 ίκανοῦσιν
1583 5318 1681 5370 αὺ-

1787 5326 2114 5390 potestatem
2153 5318 2387 5371 habeat:
2429 5315 2475 5369 si
2506 5321 2687 5367 autem
2720 5325 2832 5364 non
2871 5308 2944 5364 sit
2970 5317 3263 5363 contentus
3306 5306 3370 5360 iis

131 5412 238 5476 τῶν,
261 5416 323 5468 τὰ
359 5415 418 5468 δέ
449 5413 779 5485 πράγματα
815 5411 912 5463 καὶ
945 5411 1069 5473 τοὺς
1101 5410 1305 5479 πόρους
1351 5408 1678 5479 μεταϐάλλοι

1786 5427 1907 5482 quae
1976 5410 2270 5473 sumciunt,
2322 5423 2410 5462 res
2448 5420 2580 5458 vero
2628 5418 2693 5457 ac
2760 5401 2969 5457 reditus
3018 5398 3265 5454 ecclesia:
3312 5398 3366 5451 in

131 5502 201 5572 τῆς
226 5505 535 5577 ἐκκλησίας,
580 5502 662 5575 μὴ
704 5501 844 5573 μετὰ
897 5500 1123 5572 γνώμης
1156 5500 1250 5554 τοῦ
1293 5500 1522 5572 κλήρου,
1556 5503 1676 5554 εισ-

1788 5504 2000 5559 alieuos
2022 5517 2155 5557 usus
2181 5498 2493 5559 transferat,
2512 5496 2719 5564 absque
2747 5493 2877 5548 cieri
2907 5492 3159 5554 consilio,
3177 5489 3368 5561 synodi

131 5599 405 5662 πραττέσθω
456 5598 634 5658 δίκας
666 5594 804 5664 πρὸς
868 5593 967 5663 τῆς
1014 5594 1257 5648 συνόδου.
1301 5593 1363 5646 Εἰ
1396 5592 1453 5647 δέ
1488 5592 1677 5647 καὶτὰ

1784 5595 2051 5663 judicium
2084 5592 2295 5648 subeat.
2328 5589 2384 5645 Si
2416 5604 2548 5643 vero
2585 5603 2647 5642 ea
2685 5585 2851 5640 etiam
2880 5598 3001 5653 qua
3040 5581 3370 5655 pauperibus

133 5691 315 5760 πένησιν
364 5691 721 5760 ὀφειλόμενα
766 5688 847 5749 εἰς
887 5687 1078 5740 ἑαυτὸν
1136 5686 1541 5758 σφετερίζεται,
1585 5686 1677 5740 καὶ

1788 5687 2082 5750 debentur,
2105 5684 2211 5739 sibi
2242 5682 2341 5754 ipsi
2375 5681 2634 5745 vindicet,
2664 5678 2737 5731 ita
2774 5674 2938 5730 etiam
2973 5672 3179 5743 synodo
3202 5671 3370 5726 ratio—

132 5781 236 5834 rizu
254 5787 309 5853 τῇ
347 5783 559 5854 συνόδῳ
582 5782 751 5848 λόγον
772 5778 1091 5834 ἀποδιδότω.

509 5801 559 5854 ῳ
582 5782 751 5848 λόγον
772 5778 1091 5834 ἀποδιδότω.
1788 5795 1911 5834 nem
1944 5778 2152 5833 reddat.
