4162 6474
783 451 895 513 263

1016 561 1253 630 Epilome
1277 574 1536 612 canonum
1565 558 1749 627 synodi
1798 555 2123 610 Laodiceam.

861 676 912 726 ιι.
948 671 1202 741 Bigamus
1233 669 1276 724 si
1325 684 1430 723 non
1456 668 1667 722 occulte
1703 664 2113 720 matrimonium
2165 660 2370 720 inierit,

787 764 876 818 ubi
913 763 1193 832 paululum
1230 775 1422 830 poenas
1453 759 1707 818 subierit,
1749 758 1936 810 insons
1979 754 2264 809 habeatur.

858 856 915 909 2.
947 855 1049 919 Qui
1088 854 1252 907 varis
1273 852 1487 906 delictis
1531 849 1774 904 obstricti
1804 857 1953 912 sunt,
1985 848 2030 901 si
2075 845 2142 899 iis
2179 843 2377 914 agnitis

787 949 1174 1007 conﬁteantur,
1207 962 1270 999 ac
1299 960 1396 1014 pro
1427 958 1616 997 eorum
1641 945 1849 996 ratione
1889 938 2266 1009 paenitentiam
2312 951 2374 990 a-

791 1048 937 1110 gant.
963 1037 1122 1092 facile
1157 1037 1512 1104 recipiuntur.

863 1141 912 1192 ὅ.
949 1139 1162 1192 Recens
1209 1136 1565 1199 illuminatus,
1606 1132 1773 1188 sacris
1814 1131 2104 1186 ordinibus
2153 1144 2257 1182 non
2295 1137 2380 1182 est

793 1231 1040 1283 idoneus.

861 1323 914 1375 ι.
955 1322 1224 1376 Sacerdos
1252 1321 1439 1373 ienora
1473 1332 1579 1372 non
1607 1317 1828 1387 accipit.

866 1413 1332 1468 5.0rdinationes
1379 1427 1566 1470 coram
1600 1411 1948 1465 audientibus
2000 1416 2214 1462 tantum
2269 1421 2379 1461 non

801 1508 954 1560 ﬁunt.

863 1601 916 1651 ti.
946 1596 1228 1650 llzreticis
1259 1611 1406 1649 sacra
1435 1594 1578 1647 :cdcs
1609 1594 1906 1646 inaccessa.

877 1692 928 1742 7.
972 1687 1259 1742 Novatiani
1325 1695 1380 1739 et
1432 1686 1936 1750 Quartodecimam,
1992 1685 2095 1736 nisi
2151 1691 2376 1735 caeteras

799 1783 1037 1835 Inereses
1098 1795 1367 1846 suamque
1400 1780 1805 1846 abjurent,non
1835 1786 1962 1829 sunt
1999 1773 2331 1843 suscipiendi
2370 1790 2382 1822 .-

801 1882 923 1940 post
974 1879 1155 1924 tamen
1188 1868 1590 1937 abjuratiunem
1625 1877 1795 1928 uncti,
1847 1866 2278 1920 communicent.

870 2055 921 2108 8.
965 2053 1202 2123 Phryges
1254 2051 1630 2121 penitentiam
1697 2056 1953 2118 agentes/
1977 2048 2160 2102 denuo
2207 2050 2391 2118 bapti-

801 2147 957 2200 zandi
989 2157 1138 2204 sunt,
1163 2145 1293 2197 licet
1329 2143 1472 2213 apud
1507 2143 1629 2195 illos
1660 2142 1712 2193 in
1744 2141 1949 2194 clerum
1988 2141 2222 2210 cooptati
2252 2143 2384 2196 sint.

871 2241 925 2292 9.
959 2239 1061 2303 Qui
1105 2238 1157 2289 in
1201 2235 1535 2290 cmmeteriis
1581 2243 1636 2288 et
1687 2233 1960 2303 martyriis
2002 2234 2384 2290 hereticorum

800 2340 940 2390 orat,
968 2327 1478 2383 excommunicatus
1507 2334 1612 2380 est.

875 2421 960 2474 10.
999 2420 1180 2474 Vidua:
1199 2433 1440 2472 seniores
1467 2417 1520 2470 in
1543 2417 1769 2471 ecclesia
1800 2431 1865 2471 ne
1904 2417 2266 2486 baptizantor.

880 2511 968 2562 11.
1007 2510 1142 2563 Cum
1182 2508 1439 2560 haeretica
1471 2505 1792 2560 afﬁnitatem
1826 2521 1890 2560 ne
1913 2507 2232 2563 contrahas.

875 2605 965 2656 12.
995 2601 1100 2667 Qui
1133 2601 1236 2654 ﬁde
1261 2615 1324 2652 ac
1353 2600 1479 2653 vitae
1521 2598 1730 2651 ratione
1763 2599 2186 2667 probatissimus
2219 2611 2385 2671 atque

803 2696 1216 2750 eruditissimus
1245 2701 1349 2756 est,
1377 2691 1608 2746 idoneus
1625 2699 1712 2745 est
1739 2689 1831 2759 qui
1855 2691 1908 2744 in
1938 2692 2257 2762 episcopum
2283 2696 2382 2748 eli-

835 2795 981 2841 atur.

877 2879 1032 2930 15.Α
1088 2875 1442 2930 saecularibus
1497 2873 1728 2938 electus,
1776 2891 1885 2930 non
1925 2883 2011 2929 est
2046 2874 2386 2931 ordinandus

803 2971 1114 3042 episcopus.

876 3062 964 3115 14.
999 3059 1196 3112 Sancta
1227 3059 1292 3111 ad
1324 3057 1482 3110 aliam
1507 3057 1797 3126 parmciam
1825 3058 1988 3123 mitti,
2011 3058 2314 3129 indignum.

879 3155 964 3207 15.
997 3151 1261 3204 Nullusin
1299 3153 1591 3204 ambonem
1631 3150 1898 3214 ascendit,
1929 3153 2177 3221 exceptis
2201 3151 2268 3205 iis
2289 3151 2382 3218 qui

808 3248 874 3299 de
890 3245 1076 3300 codice
1103 3244 1308 3314 legunt.

884 3336 968 3389 16.
1007 3334 1296 3406 Evangelia
1324 3344 1487 3401 atque
1520 3331 1750 3402 apostoli
1802 3334 2050 3405 legantur
2076 3332 2344 3390 Sabbatis.

889 3516 972 3570 l7.
1007 3516 1064 3570 In
1090 3514 1454 3570 conventibus
1480 3514 1746 3568 lectiones
1763 3512 2002 3582 psalmos
2030 3518 2377 3570 intersecent.

887 3695 972 3750 18.
1013 3693 1172 3751 Horis
1203 3695 1374 3750 Nonis
1391 3710 1452 3750 ac
1479 3693 1738 3765 Vesperis
1762 3693 1967 3748 eadem
2000 3708 2196 3763 preces
2229 3707 2391 3763 pera-

815 3797 1028 3856 gantur.

887 3881 972 3933 19.
1018 3881 1147 3934 Post
1189 3879 1714 3934 catechumenorum
1770 3876 2074 3931 orationem
2128 3876 2393 3945 poeniten-

817 3971 950 4023 tium
988 3985 1178 4038 preces
1230 3969 1552 4032 oﬂ‘erantur,
1585 3977 1771 4036 postea
1822 3982 1952 4020 vero
2003 3966 2279 4020 ﬁdelium:
2333 3982 2396 4020 ac

820 4071 940 4128 ιιοει
967 4074 1152 4128 pacem
1183 4059 1385 4112 oblatio
1414 4056 1528 4123 ﬁat,
1565 4056 1697 4110 solis
1728 4055 2108 4110 sacerdotibus
2139 4071 2239 4126 pro
2261 4071 2391 4126 sug-

818 4162 972 4223 gestu
1005 4150 1346 4204 sedentibus.

886 4244 975 4296 20.
1013 4245 1278 4296 Diaconus
1305 4241 1407 4294 nisi
1433 4241 1620 4308 jussus
1655 4238 1860 4294 sedeat.

889 4339 978 4391 21.
1011 4334 1148 4388 Vasa
1199 4335 1447 4388 minister
1491 4347 1560 4387 ne
1606 4342 1790 4402 tangat
1815 4371 1833 4397 ,
1873 4345 2053 4401 neque
2089 4333 2232 4387 enim
2269 4345 2389 4384 ora-

823 4430 961 4480 rium
1005 4427 1264 4479 induitur.

889 4518 980 4573 22.
1015 4519 1220 4574 Cantor
1242 4526 1300 4572 et
1326 4517 1498 4571 lector
1523 4531 1627 4570 non
1656 4513 1838 4569 ferunt
1885 4517 2143 4569 orarium.

891 4702 982 4755 25.
1015 4698 1204 4755 Omnis
1231 4698 1462 4753 clericus
1495 4711 1801 4767 cauponam
1836 4694 2045 4766 ingredi
2075 4710 2182 4749 non
2212 4695 2391 4750 debet.

892 4795 980 4848 24.
1021 4793 1224 4848 Panem
1254 4801 1307 4846 et
1339 4792 1563 4846 calicem
1593 4791 1844 4845 minister
1875 4805 1982 4843 non
2011 4790 2126 4844 dat.

895 4888 986 4940 25.
1021 4884 1136 4940 Non
1164 4885 1492 4947 exorcissat,
1531 4884 1631 4938 nisi
1662 4887 1754 4952 qui
1783 4884 1850 4938 ab
1896 4885 2153 4954 episcopo
2189 4888 2258 4938 ad
2298 4885 2397 4938 hoc

827 4996 1024 5035 tnunus
1050 4987 1337 5048 provectus
1366 4987 1467 5032 est.

895 5073 983 5125 26.
1009 5074 1091 5125 Ab
1117 5071 1273 5124 altari
1299 5071 1530 5124 clericus
1561 5079 1742 5138 partes
1765 5083 1867 5123 non
1897 5068 2075 5123 oﬂ'ert.

898 5167 988 5220 27.
1040 5167 1334 5218 Accnhitus
1371 5175 1423 5218 et
1463 5179 1648 5236 agape
1685 5166 1738 5217 in
1782 5165 2030 5219 ecclesiis
2078 5180 2185 5218 non
2234 5163 2388 5219 ﬁunt.

895 5350 982 5404 28.
1019 5349 1363 5405 Christianus
1414 5365 1481 5404 ne
1509 5351 1836 5414 sabbatizet,
1866 5351 1961 5404 sed
1997 5351 2168 5420 prima
2191 5352 2293 5407 hoc
2316 5363 2397 5407 est

833 5441 1109 5496 Dominica
1139 5441 1225 5496 die
1253 5442 1498 5495 ferietur.

902 5537 996 5591 29.
1027 5535 1163 5590 Cum
1190 5537 1511 5591 mulieribus
1540 5537 1704 5590 lavari
1735 5536 1910 5591 nefas.

902 5631 995 5686 50.
1021 5631 1332 5701 Accipiendi
1378 5644 1529 5698 sunt,
1567 5648 1674 5687 non
1707 5633 1868 5687 dandi
1903 5634 2172 5688 haereticis
2211 5635 2264 5689 in
2293 5651 2406 5690 ma-

835 5723 1149 5777 trimonium
1174 5723 1348 5778 liberi.

904 5815 994 5868 51.
1060 5814 1449 5872 Ιίιετριίοοτυιη
1527 5820 1941 5874 benedictiones
1997 5817 2403 5872 maledictiones

836 5913 962 5957 sunt
979 5906 1281 5960 censendzc.

1886 439 2184 504 SYMEON
2201 440 2268 500 IS
2311 440 2512 501 ΜΕΤΑ
2525 439 2622 499 ΡΗ
2635 440 2729 498 ΙὶΑ
2739 435 2896 498 5Τ.Ἐ

3953 439 4061 503 284

2403 563 2451 619 Α
2536 551 2820 620 Ἐπιτομὴ
2846 551 3121 604 κανόνων
3151 551 3258 620 τῆς
3282 551 3352 605 ἐν
3386 551 3700 620 Λαοδικείᾳ
3735 551 4026 610 συνόδου.

2549 665 2618 718 α’.
2665 665 2723 717 ’0
2772 665 2847 736 μὴ
2902 663 3077 732 λάθρα
3130 669 3386 737 γαμήσας
3421 667 3676 737 δίγαμος,
3739 667 3896 736 ὀλίγα
3952 671 4072 734 τοῖς

2477 758 2776 829 ἐπιτιμίοις
2805 761 3096 828 σχολάσας,
3131 761 3449 826 ἀνεύθυνος.

2553 848 2618 920 β’.
2653 851 2716 903 Οἱ
2752 851 3030 921 διαφόροις
3079 853 3424 922 ἀγνοήμασιν
3475 853 3779 916 ἐαλωκότες
3808 893 3821 914 ,
3861 853 3909 906 εἰ
3947 853 4076 906 ἐπι·

2481 942 2699 1011 γνόντες
2736 942 3102 1012 ὀμολογοῐντο,
3133 944 3412 1012 ἀναλόγως
3451 946 3783 1008 μετανοοίεν,
3831 943 4075 1014 εὐπρόσ-

2480 1034 2683 1087 δεκτοι.

2554 1131 2620 1184 γ’»
2663 1125 2724 1180 ’0
2751 1127 3132 1197 νεοφώτιστος,
3162 1130 3571 1201 ἀνιεράτευτος.

2554 1309 2617 1364 δ’.
2649 1311 2856 1374 Τόκους
2887 1311 3158 1382 ίερατικὸς
3291 1313 3346 1366 d.
3377 1313 3466 1384 οὐ]
3493 1311 3784 1380 λαμϐάνει.

2563 1407 2624 1458 ε’.
2651 1405 2715 1457 Ai
2747 1408 3074 1476 χειροτονίαι
3105 1407 3192 1458 ἐπ’
3225 1406 3597 1475 ἀκροωμένοις
3626 1408 3686 1457 οὐ
3704 1407 3969 1474 γίνονται,

2566 1586 2639 1650 ς’.
2669 1588 2975 1657 Αἱρετικοῖς
3005 1588 3066 1640 τὸ
3103 1586 3248 1657 ἱερὸν
3278 1585 3610 1638 ἀνεπίϐατον

2565 1681 2630 1744 ζ’.
2660 1681 2993 1734 Ναυατιανοὶ
3037 1680 3134 1731 καὶ
3176 1678 3854 1748 Τεσσαρεσκαιδεκατῖται,
3914 1677 3966 1730 εί
4006 1680 4083 1746 μη

2490 1772 2591 1834 τάς
2615 1789 2674 1824 τε
2706 1771 2869 1834 ἄλλας
2901 1770 3142 1842 αἱρέσεις
3194 1767 3672 1837 ἀναθεματίζοιεν,
3713 1769 3807 1820 καὶ
3864 1768 3969 1838 τὴν
4000 1770 4054 1819 οἱ

2493 1864 2667 1924 κείαν,
2715 1863 3097 1932 ἀπρόσδεκτοι.
3132 1862 3290 1916 Μετά
3320 1861 3503 1931 μέντοι
3528 1861 3589 1912 τὸ
3623 1860 3871 1930 ἀνάθεμα
3925 1860 4082 1930 χριό-

2494 1973 2668 2025 μενοι,
2691 1956 3144 2009 κοινωνείτωσαν.

2559 2049 2630 2119 η’.
2671 2048 2890 2120 Φρύγας
2951 2049 3292 2118 μεταμέλους
3349 2044 3840 2110 ἀναϐαπτίζεσθαι,
3899 2045 3952 2097 εί
3987 2046 4088 2098 καὶ

2489 2147 2618 2216 παρ’
2651 2145 2883 2203 ἐκείνοις
2924 2141 3333 2212 κεκλήρωνται.

2562 2239 2628 2294 θ’.
2689 2241 2746 2289 't)
2798 2241 3182 2310 κοιμητηρίοις
3246 2239 3340 2291 καὶ
3397 2237 3721 2308 μαρτυρίοις
3775 2233 4086 2306 αἱρετικῶν

2485 2332 2872 2401 ἐπευχόμενος,
2902 2329 3296 2397 ἀκοινώνητος.

2564 2430 2616 2476 ι’.
2655 2423 3021 2493 Πρεσϐύτιδες
3053 2424 3110 2474 ἐν
3136 2421 3401 2489 ἐκκλησίᾳ
3433 2421 3506 2490 μὴ
3534 2418 4014 2490 βαπτιζέσθωσαν.

2567 2514 2655 2570 ια’.
2682 2516 2958 2586 Αίρετικῳ
3001 2515 3076 2585 μὴ
3113 2513 3470 2566 συνάλλασσε.

2573 2608 2662 2677 ιβ’.
2717 2609 2775 2662 Ὀ
2831 2609 3012 2661 πίστει
3057 2609 3150 2661 καὶ
3201 2606 3446 2676 πολιτείᾳ
3495 2605 3931 2675 εὐδοκιμώτατος
3989 2606 4091 2658 καὶ

2492 2703 2836 2773 λογιώτατος,
2863 2701 3170 2771 ἐπιτήδειος
3191 2701 3268 2764 εἰς
3303 2700 3621 2751 ἐπίσκοπον.

2565 2874 2651 2936 ιγ’.
2700 2864 3082 2926 Ἀνεπίλεκτος
3113 2865 3142 2916 ὁ
3164 2863 3448 2931 κοσμικοῐς
3479 2860 3864 2931 ἐκλεγόμενος.

2561 3050 2643 3104 ιδ’.
2675 3045 3096 3116 Διαπέμπεσθαι
3123 3044 3192 3098 τά
3213 3045 3347 3112 ἆγια
3373 3045 3456 3107 είς
3479 3043 3794 3112 παροικίαν,
3831 3042 4090 3107 ἀνάξιον.

2561 3143 2644 3196 ιε’.
2683 3142 2743 3195 Ei
2779 3143 2855 3211 μὴ
2879 3140 2988 3193 ἀπὸ
3015 3137 3297 3208 διφθέρας,
3331 3136 3506 3198 οὐδεὶς
3539 3135 3938 3204 ἀμδωνίζεται.

2571 3331 2667 3395 ις’.
2701 3329 3008 3396 Εὑαγγέλια
3052 3325 3147 3376 καὶ
3187 3320 3480 3377 ἀπόστολοι
3514 3319 4092 3387 ἀναγινωσκέσθωσαν

2498 3428 2610 3487 τοῖς
2640 3423 2930 3476 Σὰὃόασιν.

2571 3514 2660 3581 ιζ’.
2697 3516 2785 3568 Ἐν
2809 3516 2928 3577 ταῖς
2975 3513 3268 3576 συνάξεσιν
3294 3511 3354 3565 αἱ
3400 3507 3736 3578 ἀναγνώσεις
3780 3506 3911 3567 τοὺς
3948 3504 4095 3572 ψαλο

2505 3609 2638 3679 μοὺς
2665 3606 3176 3676 περικοπτέτωσαν.

2575 3705 2664 3768 ιη’.
2709 3698 3013 3762 Ἐννὰταις,
3048 3697 3312 3767 ἑσπέραις
3342 3695 3398 3749 αἱ
3434 3693 3594 3747 αὐταὶ
3623 3689 3781 3760 εὐχαὶ
3811 3691 4092 3743 ἐπιτελεί-

2505 3791 2718 3843 σθωσαν

2576 3883 2660 3938 ιθ’.
2694 3883 2851 3936 Μετά
2895 3882 2996 3951 τὴν
3033 3880 3144 3932 τῶν
3191 3876 3616 3947 κατηχουμένων
3652 3874 3838 3944 εὐχὴν,
3871 3874 3994 3926 τῶν
4037 3877 4098 3926 ἐν

2509 3975 2767 4046 μετανοίᾳ
2790 3971 3164 4043 προσάγεσθαι
3190 4010 3206 4036 ,
3247 3971 3342 4023 καὶ
3377 3967 3512 4040 μετά
3538 3965 3693 4020 τοῦτο
3724 3967 3821 4036 τὴν
3846 3965 3964 4016 τῶν
4000 3984 4097 4016 ττι-

2507 4067 2684 4120 στῶν·
2720 4069 2814 4121 καὶ
2874 4066 3014 4136 μετά
3059 4067 3307 4134 εἰρήνην,
3353 4064 3452 4132 τὴν
3507 4063 3786 4128 ἀναφορὰν
3813 4057 4097 4125 γίνεσθαι,

2509 4159 2920 4229 βηματιζόντων
2947 4159 3124 4227 μόνων
3151 4156 3260 4209 τῶν
3288 4154 3499 4225 ἱερέων.

2577 4247 2645 4304 κ’.
2691 4248 3042 4311 ’Λκέλευστος
3078 4247 3152 4316 μὴ
3185 4241 3502 4308 καθεξέσθω
3523 4241 3784 4303 διάκονος.

2577 4347 2683 4394 κα’.
2719 4339 2938 4392 Σκευῶν
2959 4339 3236 4409 ὑπηρέτης
3273 4339 3346 4407 μὴ
3372 4336 3596 4390 ἅπτοιτο
3623 4349 3640 4364 ο
3689 4334 3748 4386 οὐ
3787 4332 3900 4400 γὰρ
3936 4332 4102 4402 ὠρα-

2507 4451 2619 4504 ριον
2646 4433 3027 4503 ἀμφιέννυται.

2579 4521 2682 4592 κβ’.
2734 4521 2957 4592 Ψάλτης
3002 4519 3097 4573 καὶ
3139 4518 3495 4587 ἀναγνώστης
3535 4517 3596 4570 οὐ
3639 4532 3899 4586 φορουσιν
3943 4515 4106 4586 ὡρα-

2429 4612 2472 4666 D
2506 4631 2639 4684 ριον.

2581 4713 2686 4773 κγ’.
2719 4707 2900 4768 Ἅπας
2927 4705 3189 4774 κληρικὸς
3221 4703 3618 4774 ἀκαπήλευτος.

2583 4800 2677 4852 κδ’.
2719 4802 2918 4870 ’Δρτον
2940 4800 3034 4854 καὶ
3057 4800 3318 4868 ποτήριον
3349 4800 3378 4851 ὁ
3405 4797 3685 4868 ὑπηρέτης
3713 4795 3774 4848 οὐ
3810 4795 4067 4849 δίδωσιν.

2582 4892 2678 4946 κε’.
2723 4894 2837 4946 Οὐκ
2881 4891 3214 4962 ἐφορκίζειό
3257 4892 3330 4960 μὴ
3376 4890 3508 4961 παρ’
3547 4889 3847 4942 ἐπισκόπου
3890 4890 4108 4959 ἀγόμε·

2509 5004 2617 5048 νος.

2580 5086 2691 5142 κς’.
2743 5077 2872 5130 Ἀπὸ
2900 5077 3083 5138 ἑστίας
3113 5075 3370 5142 κληρικδς
3405 5074 3627 5145 μερίδας
3649 5074 3747 5126 οὐκ
3780 5075 4008 5141 ἄγεται.

2581 5169 2682 5232 κζ’.
2719 5168 3009 5222 Ἀκοῦϐιτα
3032 5169 3122 5221 καὶ
3144 5169 3353 5235 ἀγάπαι
3377 5168 3462 5220 ἐπ’
3490 5168 3786 5236 ἐκκλησίας
3818 5168 3882 5220 οὐ
3918 5169 4110 5234 γίνου.

2507 5279 2618 5316 ται.

2581 5363 2685 5426 κη’.
2722 5357 2797 5410 Οὐ
2835 5354 3146 5408 σαϐϐατίσει
3178 5353 3518 5424 Χριστιανὸς,
3562 5351 3698 5405 ἀλλὰ
3736 5352 4004 5420 σχολὰσει
4039 5356 4106 5421 τῇ

2511 5456 2556 5502 α’
2594 5449 2798 5519 ἡμέρᾳ,
2825 5450 2992 5518 ἧγουν
3022 5451 3086 5516 τῇ
3118 5449 3390 5517 κυριακῇ.

2585 5541 2688 5594 κθ’.
2721 5539 2939 5604 Γυναιξὶ
2961 5539 3069 5590 τῶν
3085 5538 3359 5607 ἀθεμίτων
3384 5537 3777 5593 συλλούσασθαι
3794 5537 4105 5591 κωλυτέον.

2581 5631 2647 5686 λ’.
2688 5631 3005 5701 Λαμὸἀνειν
3029 5630 3089 5682 οὐ
3115 5629 3316 5682 διδόναι
3344 5631 3452 5692 τοῖς
3501 5631 3792 5698 αίρετικοίς
3850 5630 3939 5693 είς
3971 5647 4106 5684 συν-

2512 5729 2709 5793 ἀφειαν
2745 5725 2934 5777 τέκνα.

2583 5817 2683 5870 λα’.
2727 5817 2966 5882 Ἀλογίαι
3003 5815 3059 5868 αί
3089 5814 3197 5868 τῶν
3223 5813 3514 5885 αἰρετικῶν
3538 5812 3801 5880 εὐλογίαι.
