4162 6474
761 435 871 496 287

1888 416 2263 478 SYMEONIS‘
2304 415 2880 475 ΜΕἹΛΡΙΙΗΑΞΤᾸΞ

3905 410 4012 478 268

762 541 1071 600 continens,
1102 532 1244 589 etab
1276 544 1443 585 uxore
1474 526 1764 589 abstineat,
1789 535 1843 578 nt
1869 524 2137 594 postulata
2163 522 2338 592 impe-
2370 575 2373 584 γ

2473 524 2606 591 ιγνὸς
2635 502 2775 576 ἔστω
2802 522 2897 575 καὶ
2931 520 3223 591 ἐγκρατὴς,
3256 519 3351 574 καὶ
3373 518 3631 588 γυναικὸς
3657 519 4009 590 ἀπεχόμενος,

767 642 929 686 ιιιειιι.

834 726 887 776 7.
917 724 973 776 ln
1007 718 1210 789 quibus
1259 714 1430 769 laicus
1465 710 1775 783 corrigitur,
1810 709 1862 764 in
1894 708 1982 764 his
2026 705 2196 762 multo
2226 719 2339 759 ma-

763 831 844 883 gis
867 814 1103 869 clericus
1137 807 1562 879 praedamnatum

837 907 893 962 8.
936 890 1222 972 Presby’tcr
1270 914 1299 951 a
1349 896 1570 967 proprio
1612 893 1875 965 episcopo
1914 890 2335 953 condemnatus,

767 1000 1077 1055 facultatem
1110 992 1331 1048 habebit
1364 989 1428 1043 ad
1449 988 1659 1041 vicinos
1674 987 1963 1057 episcopos
2000 981 2339 1053 appellandi;

2445 616 2532 668 ἵνα
2566 613 2673 667 τῶν
2696 612 3032 682 αἰτουμένων
3061 612 3493 681 ἐπιτυγχάνοιεν.

2515 706 2579 772 ζ’.
2623 707 2712 759 Ἐν
2742 700 2822 769 οἷς
2852 706 2879 758 6
2907 703 3091 768 λαῖκὸς
3120 702 3421 767 εὐθύνεται,
3451 700 3661 765 τούτοις
3702 702 3730 755 6
3762 704 4019 776 κληρικὸς

2445 799 2856 870 περισσότερον.

2514 890 2585 963 η’.
2615 890 2996 962 Πρεσϐύτερος
3028 886 3159 959 παρ’
3200 886 3506 940 ἐπισκόπου
3543 888 4025 955 καταγινωσκόμε-

2444 1002 2555 1047 νος.
2594 986 2707 1046 τοῖς
2734 984 2963 1053 πλησίον
3022 982 3344 1044 ἐπισκόποις
3398 976 3650 1047 ἐγκαλεῖν
3703 978 3817 1051 [γρ.
3852 981 4025 1033 ἐκκα-

770 1095 852 1147 sin
883 1102 1063 1145 autem
1089 1082 1460 1158 appellaverit,
1476 1080 1741 1135 sacrificia
1770 1088 1953 1132 tamen
1987 1074 2185 1131 offerat
2228 1072 2342 1127 Deo

2473 1077 2583 1151 εἶν]
2618 1076 2944 1149 ἐαθήσεται’
2986 1076 3119 1130 εἰδὲ
3149 1076 3249 1147 μὴ,
3281 1075 3531 1146 ἁγίασμα
3577 1074 3655 1145 τῷ
3701 1074 3821 1145 Θεῷ
3851 1089 4021 1143 προσιρ

772 1185 1010 1240 schisma
1037 1180 1246 1234 faciens
1269 1184 1323 1231 et
1357 1174 1596 1238 inﬂatus,
1625 1172 1918 1227 anathema
1939 1169 2030 1225 sit.

840 1279 891 1332 9.
924 1275 1247 1343 Episcopum
1274 1285 1304 1325 e
1340 1269 1507 1342 gradu
1554 1281 1654 1319 suo
1692 1264 1988 1334 deiectum,
2035 1261 2208 1316 sinon
2274 1258 2345 1312 sit

772 1361 1011 1433 perfecta
1046 1358 1305 1431 synodus,
1340 1357 1547 1409 interea
1588 1350 1876 1407 duodecim
1900 1350 2194 1405 observant
2225 1346 2342 1417 epi-

772 1456 955 1526 scopi,
989 1463 1043 1507 et
1076 1451 1447 1522 presbyterum
1480 1463 1594 1512 sex,
1618 1455 1673 1501 et
1714 1446 2003 1499 diaconum
2037 1453 2167 1496 tres.

849 1549 935 1602 10.
965 1547 1203 1600 Primate
1234 1542 1487 1610 jubente,
1520 1550 1574 1595 et
1608 1550 1718 1593 tres
1748 1536 1981 1607 cpisc0pi
2008 1535 2347 1587 constituant

2446 1169 2667 1238 αγὰγοι,
2705 1166 2904 1237 σχίζων
2934 1167 3029 1220 καὶ
3059 1167 3497 1236 πεφυσιωμένος,
3532 1165 3673 1219 ἔστω
3712 1164 3983 1233 ἀνάθεμα.

2519 1255 2585 1312 θ’.
2626 1257 2953 1311 Ἐπίσκοπον
3001 1256 3356 1326 ἐκϐληθέντα,
3412 1256 3509 1310 ἐὰν
3544 1256 3621 1327 μὴ
3669 1256 3851 1309 τελεία
3895 1252 4026 1306 σύν-

2449 1354 2589 1416 οδος,
2639 1355 2779 1416 τέως
2821 1353 2916 1407 καὶ
2952 1350 3161 1406 δώδεκα
3208 1350 3562 1423 ἐπιτηροῦσιν
3587 1349 3896 1412 ἐπίσκοποι,
3926 1347 4028 1400 καὶ

2452 1445 2827 1519 πρεσϐύτερον
2853 1445 2934 1511 ἐξ,
2963 1444 3058 1499 καὶ
3088 1445 3333 1499 διάκονον
3363 1445 3537 1514 τρεῖς.

2526 1546 2576 1595 ι’.
2604 1538 2711 1593 Τοῦ
2744 1537 3117 1608 πρωτεύοντος
3162 1536 3542 1597 ἐπιτάττοντος
3561 1577 3576 1601 ,
3604 1536 3695 1587 καὶ
3730 1535 3875 1605 τρεῖς
3902 1533 4031 1584 ἐπί-

778 1643 1093 1711 episcopum
1142 1655 1156 1691 :
1200 1636 1293 1705 qui
1339 1643 1519 1688 autem
1560 1630 1795 1701 proprim
1857 1626 2191 1682 confessioni
2256 1633 2350 1678 aut
2455 1651 2647 1688 σκοποι
2672 1631 3005 1686 καθιστῶσιν
3035 1631 3363 1683 ἐπίσκοπον·
3391 1629 3495 1682 οδε
3528 1629 3623 1698 τῆς
3653 1628 3861 1689 οἰκείας
3898 1628 4035 1695 ὁμοο

780 1727 1170 1798 subscriptioni
1206 1725 1548 1784 adversatur,
1576 1726 1790 1774 suomet
1829 1716 2036 1788 judicio
2054 1712 2352 1786 ignominia

2473 1723 2697 1795 λογίαςῆ
2733 1722 3058 1794 ὑπογραφῆς
3109 1722 3370 1785 ἐναντίος,
3426 1719 3638 1774 οίκοθεν
3669 1720 3780 1786 ἒξοι
3817 1719 3877 1770 τὸ
3904 1718 4033 1771 ἄτι-

780 1824 1077 1878 notabitur.

852 1919 936 1971 ll.
976 1914 1205 1984 Propter
1241 1910 1478 1979 inopiam
1505 1921 1625 1976 qu:e
1681 1913 1764 1958 est
1808 1902 1863 1957 in
1901 1899 2128 1971 Tripoli,
2207 1911 2351 1953 unus
2383 1884 2424 1940 Β

785 2011 1078 2081 episcOpus
1108 2006 1174 2059 ad
1211 2002 1536 2074 legationem
1568 1997 1790 2053 sufficit.

861 2104 949 2155 l2.
1004 2099 1308 2169 Episcopus
1358 2103 1451 2148 aut
1509 2092 1739 2147 clericus
1790 2089 1952 2144 causa
1999 2082 2267 2142 criminali
2307 2083 2358 2137 ei

783 2196 1051 2257 instituta,
1077 2191 1123 2246 si
1157 2189 1343 2244 relicta
1376 2186 1615 2241 Ecclesia
1633 2183 1913 2254 adjudicia
1936 2180 2151 2253 publica
2170 2194 2359 2235 recur-

2457 1834 2577 1887 μον.

2534 1918 2624 1965 ια’.
2651 1911 2749 1963 Διά
2772 1909 2869 1981 τὴν
2894 1910 2974 1972 εἰς
3003 1907 3265 1978 Τρίπολιν
3294 1907 3524 1974 ἔνδειαν,
3555 1907 3651 1961 καὶ
3692 1902 3771 1970 εἷς
3804 1906 4045 1960 ἐπίσκοο

2460 2021 2562 2067 πος
2595 2005 2673 2067 είς
2702 2003 3110 2073 τοποτηρησίαν
3133 2002 3421 2074 ἐπᾴρκιος.

2534 2096 2621 2167 ιβ’.
2663 2096 3014 2160 Ἐπίσκοπος,
3056 2095 3089 2165 ἢ
3139 2094 3400 2164 κληρικὸς
3442 2090 3851 2163 ἐγκληματικοῦ
3885 2108 4047 2145 κεκι-

2461 2192 2695 2262 νημένου
2735 2192 3087 2260 πράγματος,
3141 2190 3190 2241 εί
3244 2189 3343 2258 τὴν
3372 2187 3669 2258 ἐκκλησίαν
3709 2187 3894 2255 ἀφεὶς,
3924 2188 4049 2246 τοῖς

786 2297 867 2341 rat
891 2284 1293 2345 ctabsolvalur,
1323 2279 1602 2351 preprium
1634 2277 1835 2331 amittit
1865 2275 2090 2348 gradum
2116 2291 2129 2327 :
2154 2273 2199 2329 si
2231 2285 2361 2327 vero

2473 2283 2741 2354 δημοσίοις
2779 2283 3142 2353 προσδράμοι,
3205 2281 3299 2335 καὶ
3350 2280 3742 2349 δικαιούμενος,
3779 2278 3871 2330 τὸν
3907 2276 4050 2329 ἴδιον

786 2392 842 2436 ct
873 2381 926 2434 in
983 2378 1128 2433 civili
1177 2375 1398 2446 negotio
1438 2372 1626 2436 vineit,
1677 2372 1725 2426 si
1748 2372 1851 2427 hoc
1893 2376 2189 2439 sequatur,
2235 2378 2359 2437 pro-

2473 2376 2705 2448 ἐπολέσῃ
2763 2375 3002 2446 βαθμόν·
3044 2376 3093 2428 εί
3124 2373 3375 2443 ὑπερέξει
3427 2373 3484 2426 δέ
3506 2372 3599 2425 καὶ
3621 2370 3716 2424 ἐπὶ
3754 2366 4048 2422 πολιτικοῦ

789 2475 964 2545 prium
1002 2471 1166 2525 etiam
1198 2468 1409 2523 amittet
1437 2464 1684 2537 gradum.

860 2658 947 2711 15.
982 2655 1037 2709 Si
1071 2653 1242 2725 gratia
1272 2660 1364 2706 aut
1396 2650 1522 2705 odio
1572 2647 1787 2718 judiees
1834 2642 2186 2699 ecclesiastici
2229 2640 2361 2712 judi-

789 2765 940 2803 casse
977 2746 1227 2803 convinci
1259 2753 1557 2814 nequeant,
1610 2740 1704 2811 qui
1751 2738 2044 2808 appellavit
2092 2752 2202 2789 non
2259 2734 2356 2789 de-

791 2842 1047 2895 l‘cnditur.

859 2935 947 2987 14.
996 2932 1050 2987 Si
1075 2940 1260 3003 partes
1286 2928 1551 3001 elegerint
1600 2925 1826 2997 iudices,
1864 2924 1932 2978 ab
1981 2921 2066 2976 his
2113 2935 2223 2974 non
2240 2918 2365 2973 abs-

790 3028 1005 3082 cedant.

869 3116 952 3168 l5.
991 3112 1253 3167 Sacerdos
1285 3125 1395 3167 non
1426 3109 1485 3163 fit
1512 3117 1752 3162 curator.

2464 2464 2783 2538 κενραλαίου,
2811 2468 2861 2521 εί
2889 2467 3062 2538 τούτῳ
3097 2468 3319 2536 ποιχεῖ,
3345 2466 3436 2518 τὸν
3472 2464 3604 2517 ἴδιον
3649 2460 3914 2516 ἀπολέσει
3945 2458 4053 2528 βα-

2466 2560 2496 2615 θ
2509 2561 2629 2631 μέν.

2539 2659 2626 2719 ιγ’.
2662 2650 2931 2713 Δικαστὰς
2961 2648 3474 2718 ἐκκλησιαστικοὺς,
3528 2647 3575 2699 εί
3623 2645 3701 2714 μὴ
3732 2643 4054 2712 ἐλέγχοιντο

2467 2747 2610 2799 κατὰ
2643 2744 3016 2815 προσπάθειαν
3046 2742 3079 2813 ἢ
3132 2740 3487 2796 ἀντιπάθειαν
3519 2736 4057 2808 προδεδιῳκηκότες,

2467 2838 2725 2907 ἐγκλητος
2759 2835 2821 2908 [Ῑ.
2859 2834 3144 2905 ἔκκλητος]
3180 2834 3485 2902 γινόμενος,
3521 2830 3622 2884 οὑκ
3656 2830 3954 2899 ἀμύνεται.

2541 2927 2621 2981 ιδ’.
2667 2927 2790 2979 Ἐὰν
2834 2927 2902 2979 τὰ
2959 2927 3099 2996 μέρη
3127 2925 3483 2989 ἐπιλέξωνται
3529 2922 3808 2987 δικαστὰς,
3836 2920 4060 2973 τούτων

2473 3020 2547 3090 μὴ
2580 3017 3022 3083 ἀφιστὰσοωσαν.

2542 3112 2623 3164 ιε’.
2667 3111 2728 3162 'U
2753 3110 2931 3179 ἱερεὺς
2956 3109 3241 3178 κουράτωρ
3265 3108 3325 3160 οὑ
3361 3108 3591 3174 γίνεται.

866 3204 952 3257 16.
980 3204 1179 3259 Lector
1218 3203 1388 3273 pubes
1433 3200 1631 3265 factus,
1670 3206 1763 3253 aut
1809 3196 2225 3261 continentiam,
2270 3202 2363 3247 aut

2544 3204 2639 3268 ις’.
2679 3203 2737 3257 Ὀ
2756 3202 2947 3272 ἓνηϐος
2972 3201 3322 3270 ἀναγνώστης
3349 3200 3381 3271 ἢ
3411 3202 3755 3270 ἐγκράτειαν,
3797 3199 3829 3269 ἦ
3884 3197 4064 3262 συζυ-

796 3297 1112 3367 eonjugium
1139 3294 1485 3365 proﬁteatur.

871 3391 958 3444 17.
992 3390 1093 3456 Qui
1125 3390 1193 3444 ad
1238 3389 1586 3443 diaconatum
1640 3394 1763 3440 ante
1814 3399 1916 3437 xxv
1961 3396 2133 3435 annos
2176 3392 2371 3449 prove-

797 3491 920 3537 ctns
948 3492 1051 3545 est,
1091 3497 1202 3536 non
1236 3489 1319 3534 est
1348 3480 1632 3534 diaconus.

874 3576 957 3631 18.
995 3575 1187 3629 Lector
1214 3587 1321 3626 non
1345 3569 1607 3626 salutabit
1639 3567 1921 3640 pepulum.

872 3668 960 3723 19.
1011 3666 1211 3720 Placita
1255 3664 1613 3718 conciliorum
1673 3661 1896 3715 auribus
1927 3658 2046 3727 ejus
2091 3655 2181 3725 qui
2227 3654 2374 3711 ordi-

804 3760 1020 3816 nandus
1050 3767 1157 3821 est,
1192 3756 1631 3810 inculcabuntur.

872 3852 966 3906 20.
1009 3850 1259 3905 Defuncti
1282 3847 1496 3916 corpori
1526 3844 1863 3900 Eucharistia
1889 3859 1997 3897 non
2029 3844 2188 3898 datur
2230 3855 2375 3896 :non

807 3943 953 3995 etaim
980 3939 1215 3995 comedit
1252 3947 1346 3991 aut
1371 3936 1529 3991 bibit.

877 4034 968 4086 2i.
990 4031 1093 4085 Per
1117 4029 1482 4101 ignorantiam
1516 4026 1795 4096 presbyter
1819 4040 1925 4079 non
1951 4024 2190 4094 baptizat
2229 4036 2377 4078 mor-

811 4135 985 4177 tuum.

876 4212 966 4264 22.
1003 4210 1304 4280 Episcopus
1335 4209 1425 4279 qui
1457 4218 1746 4263 accusatur
1776 4216 1831 4262 et
1856 4208 1908 4262 in
1958 4209 2221 4278 judicium
2279 4210 2376 4265 ad-

810 4301 1048 4365 ducitur,
1084 4300 1279 4354 habeat
1325 4300 1556 4353 duorum
1598 4300 1871 4353 mensium
1916 4302 2173 4369 spatium,
2210 4302 2379 4371 siqui-

811 4393 934 4445 deni
984 4391 1153 4443 altera
1208 4404 1334 4459 pars
1371 4389 1601 4458 alicujus
1658 4403 1826 4444 mora:
1867 4391 2072 4445 auxilio
2118 4392 2375 4461 indigeat.

813 4484 1003 4537 Postea
1026 4490 1206 4535 autem
1241 4482 1283 4535 si
1310 4496 1418 4535 non
1436 4480 1737 4535 occurrerit
1766 4496 1796 4534 a
1839 4483 2223 4537 communione
2262 4485 2377 4553 pri-

2473 3296 2597 3365 γίαν
2620 3294 2971 3365 όμολογείτω.

2548 3388 2631 3453 ιζ’.
2682 3388 2738 3440 Ὀ
2778 3386 2885 3456 πρὸ
2912 3386 3020 3438 τῶν
3046 3390 3123 3437 κε’
3156 3384 3362 3455 χρόνων
3385 3383 3649 3446 διάκονος,
3684 3385 3745 3436 οὑ
3780 3383 4063 3443 διάκονος.

2548 3568 2637 3641 ιη’.
2674 3569 3051 3639 ’Δναγνώστης
3073 3566 3134 3619 οὑ
3162 3565 3531 3635 προσκυνήσει
3556 3564 3645 3616 τὸν
3677 3564 3869 3634 δῆμον.

2551 3665 2635 3717 ιϐ’.
2670 3664 2752 3716 Τὰ
2784 3665 2904 3725 ταῖς
2928 3660 3165 3723 συνόδοις
3194 3659 3423 3725 δόξαντα
3451 3658 3480 3710 6
3530 3655 4074 3727 χειροτονηθησόμε-

2477 3774 2565 3820 νος
2592 3757 2932 3809 ἐνωτίσεται.

2548 3848 2615 3902 κ’.
2659 3847 2748 3911 Τῷ
2774 3845 3196 3914 τελευτήσαντος
3229 3842 3442 3911 σώματι
3470 3839 3787 3910 εὐχαριστία
3824 3839 3891 3891 οὐ
3920 3838 4073 3891 δίδο-

2477 3957 2589 3993 ταιο
2626 3940 2688 3992 οὑ
2717 3938 2827 4007 γὰρ
2860 3934 3030 3988 ἐσθίει
3059 3934 3092 4004 ἦ
3132 3933 3296 3986 πίνει.

2549 4030 2656 4085 κα’.
2706 4030 2923 4098 Ἀγνοίᾳ
2949 4026 3318 4095 πρεσϐύτερος
3346 4024 3407 4077 οὑ
3449 4022 3701 4093 βαπτίζει
3746 4022 3839 4075 τὸν
3874 4022 4081 4075 τελευ-

2477 4126 2736 4194 τήσαντα.

2551 4216 2657 4287 κβ’.
2697 4210 3187 4283 Κατηγορούμενος
3232 4208 3551 4270 ἐπίσκοπος,
3600 4206 3695 4259 καὶ
3757 4205 4084 4273 ἀγόμενος,

2479 4309 2651 4379 ἐχέτω
2685 4306 2868 4376 μηνῶν
2888 4305 2984 4358 δύο
3014 4304 3216 4356 ἔνδοσιν
3237 4318 3251 4332 ·
3284 4301 3445 4371 εἴπερ
3488 4298 3752 4368 ὲτὲρωθέν
3784 4300 3907 4350 ἐστι
3968 4300 4083 4367 τῆς

2482 4400 2816 4471 βραδυτῆτος
2850 4398 3093 4467 βοήθεια.
3140 4394 3301 4462 Ἑξῆς
3351 4392 3409 4445 δέ
3440 4392 3502 4443 τὸ
3553 4389 3928 4459 ἀκοινώνητον
3954 4392 4087 4459 εχει

2484 4492 2560 4563 μὴ
2593 4491 2909 4559 ὑπαντήσας
2930 4503 2941 4515 ³
2975 4488 3069 4539 ἐὰν
3098 4487 3157 4539 δὲ
3189 4482 3649 4555 παρουσιάζοντος
3678 4480 3771 4534 τοῦ
3808 4498 4086 4552 κατηγο-

814 4586 967 4630 vatur
997 4593 1010 4640 ;
1037 4576 1080 4629 si
1112 4590 1240 4628 vero
1268 4584 1535 4644 praasente
1565 4586 1903 4639 accusatore,
1944 4586 2235 4632 accusatus
2281 4591 2373 4633 au-

2485 4582 2752 4654 ρουμένου
2781 4583 2810 4635 6
2828 4578 3301 4650 κατηγορούμενος
3334 4575 3646 4646 ἀποφεύγῃ,
3677 4573 3789 4638 ἔξει
3818 4574 3884 4627 τὺ
3900 4576 4086 4628 ἀκοι-

810 4666 997 4735 fugiat,
1029 4668 1059 4717 a
1080 4664 1459 4719 communione
1485 4664 1803 4733 privabitur.

881 4757 972 4811 25.
1004 4760 1307 4811 Accusator
1324 4756 1417 4824 qui
1434 4755 1819 4819 calumniatur.
1843 4769 2127 4812 accusator
2146 4774 2255 4813 non
2273 4769 2374 4816 est.

880 4848 969 4900 24.
1005 4846 1340 4901 Clericorum
1384 4845 1479 4899 ﬁlii
1521 4861 1647 4900 cum
1710 4846 1988 4902 haereticis
2032 4850 2381 4905 matrimonio

811 4956 919 4993 non
949 4941 1272 5010 junguntur.

880 5033 969 5084 25.
1013 5031 1115 5096 Qui
1160 5046 1245 5084 res
1280 5046 1463 5085 sacras
1496 5039 1754 5095 tractant,
1791 5032 1859 5085 ab
1895 5033 2154 5088 uxoribus
2184 5048 2381 5088 secun-

812 5125 939 5178 dum
972 5123 1188 5191 propria
1221 5130 1423 5176 statuta
1455 5123 1786 5177 abstineant.

880 5216 968 5270 26.
1017 5214 1124 5269 lies
1159 5213 1415 5268 Ecclesiae
1439 5215 1600 5268 vendi
1634 5229 1743 5270 non
1773 5214 2011 5283 debent;
2033 5218 2076 5271 si
2102 5232 2231 5272 vero
2261 5217 2383 5272 red-

813 5313 958 5364 ditus
986 5324 1097 5363 non
1147 5308 1360 5373 habeat,
1418 5310 1689 5363 sententia
1721 5309 2099 5380 episcoporum
2142 5313 2384 5367 vendun-

815 5414 924 5457 tur.
956 5402 1014 5456 Si
1038 5409 1219 5455 autem
1254 5401 1555 5455 necessitas
1584 5416 1691 5453 non
1761 5401 1899 5456 ferat
1942 5413 2000 5455 ut
2048 5404 2382 5469 consulatur,

817 5495 1058 5551 vendens
1093 5493 1301 5547 vicinos
1334 5494 1621 5563 episcopos
1650 5496 1883 5549 vocabit.
1919 5496 1974 5549 Si
2007 5512 2135 5552 vero
2164 5498 2269 5553 hoc
2312 5499 2383 5552 ita

815 5602 921 5641 non
954 5587 1136 5649 faciat,
1173 5585 1282 5639 Deo
1311 5595 1366 5639 et
1396 5582 1630 5641 concilio
1655 5602 1779 5641 reus
1813 5597 2078 5642 teneatur.

884 5678 974 5730 27.
1011 5676 1300 5747 Presbyter
1347 5677 1631 5733 convictus
1657 5688 1712 5733 et
1752 5680 2022 5748 pmnitens
2068 5689 2127 5734 nt
2164 5695 2384 5750 promo-

815 5769 1021 5823 rendus
1072 5783 1181 5822 non
1232 5768 1619 5841 rebaptizatur,
1665 5786 1845 5841 neque
1887 5779 1947 5825 ut
1982 5770 2152 5826 laicus
2188 5772 2385 5827 iterum

816 5863 1120 5916 ordinatur.

2480 4691 2716 4729 νωνητον
2724 4714 2736 4727 .

2551 4709 2655 4834 κγ’.
2690 4763 3118 4833 Διαϐαλλόμενος
3147 4761 3472 4831 κατήγορος,
3498 4760 3558 4812 οὐ
3586 4759 3925 4829 κατήγορος.

2555 4860 2653 4914 κδ’.
2679 4859 2983 4928 Αίρετικοῖς
3007 4856 3175 4908 τέκνα
3196 4853 3477 4925 κληρικῶν
3498 4852 3559 4903 οὑ
3592 4852 3963 4905 συνάπτεται.

2558 5039 2654 5092 κε’.
2684 5039 2746 5089 Οί
2781 5038 2849 5089 τὰ
2896 5035 3014 5106 ἱερᾶ
3052 5033 3437 5105 χειριζόμενοι,
3476 5034 3570 5085 καὶ
3597 5032 3705 5084 ἀπὸ
3738 5031 3850 5083 τῶν
3909 5050 4081 5103 aug-

2487 5130 2619 5182 ϐίων
2669 5129 2811 5181 κατὰ
2844 5128 2968 5189 τοὺς
3003 5126 3164 5187 ίὸίους
3202 5124 3360 5195 ὄρους
3404 5122 3971 5193 ἐγκρατευέσθωσαν.

2556 5227 2668 5286 κς’.
2702 5221 2952 5289 Ἀπρατα
2978 5217 3044 5270 τὰ
3077 5216 3504 5286 ἐκκλησιαστικὰ
3552 5214 3882 5284 πράγματα.
3925 5217 4000 5270 ΕΞ
4036 5219 4100 5272 δὲ

2490 5313 2563 5384 μὴ
2596 5312 2854 5381 πρόσοδον
2885 5311 3007 5380 ἔχῃ,
3044 5309 3237 5382 γνώμῃ
3267 5310 3375 5361 τῶν
3405 5310 3718 5361 ἐπισκόπων
3747 5312 4099 5378 πιπράσκε-

2485 5423 2595 5459 ται.
2638 5404 2699 5457 Εί
2750 5404 2806 5456 δὲ
2845 5406 3059 5474 ἀνάγκη
3101 5404 3198 5471 οὑχ
3243 5403 3491 5473 ὑπομένῃ
3536 5401 3595 5454 τὸ
3636 5400 4099 5469 βουλεύσασθαι,

2487 5501 2609 5561 τοὺς
2649 5498 2896 5566 γείτονας
2947 5497 2975 5548 6
3025 5497 3352 5565 πιπράσκων
3415 5495 3720 5548 καλέσεται.
3780 5494 3845 5547 Ei.
3896 5496 3949 5550 δ’
3990 5502 4102 5568 οὐχ

2487 5589 2650 5653 οὕτω,
2674 5590 2794 5660 Θεῷ
2832 5591 2926 5642 καὶ
2951 5592 3017 5659 τῇ
3051 5588 3256 5658 συνόδῳ
3284 5588 3602 5650 ὑπεύθυνος.

2561 5679 2660 5744 κζ’.
2688 5681 3067 5750 Πρεσϐύτερος
3099 5680 3471 5750 ἐλεγχόμενος,
3516 5680 3609 5733 καὶ
3634 5683 4105 5749 μεταγινώσκων

2488 5774 2562 5834 ὡς
2608 5774 2917 5844 προκόψων,
2952 5774 3051 5827 οὑκ
3083 5771 3533 5842 ἀναϐαπτίζεται,
3582 5774 3699 5827 οὐδὲ
3743 5775 3821 5837 ὡς
3884 5777 4107 5843 liud;

2492 5860 2645 5930 αὖθις
2676 5865 3139 5937 κεχειροτόνηται.
