4162 6474
779 411 879 469 271

1902 404 2280 466 SYMEONIS
2323 407 2900 470 METAPHRASTIE

3922 416 4024 479 272

778 526 1002 595 uigenas
1057 522 1359 591 baptizatos
1406 536 1526 575 esse
1590 529 1899 585 testentur,
1968 538 2068 577 nec
2133 522 2231 592 ipsi
2291 537 2344 576 se

2460 524 2796 595 εὑρίσκονται
2828 526 3039 593 νηπίων
3066 524 3147 578 ὅτι
3179 525 3558 595 βεϐάπτισται,
3590 526 3710 581 οὐδὲ
3745 528 3882 582 αὐτὰ
3912 532 4026 582 tm-

779 622 1040 683 ‘naptisma
1065 612 1341 681 accepisse
1372 612 1743 675 meminerint,
1783 612 2149 681 baptizentur.

847 702 936 756 50.
982 700 1049 756 Ut
1104 703 1399 771 episcopus
1450 718 1557 755 non
1598 704 1869 768 turbetur,
1927 703 2108 757 adsint
2163 704 2351 759 defen-

776 810 944 849 SOPBS.

846 890 932 944 5|.
973 889 1217 945 Clericus
1268 890 1496 945 crimine
1553 892 1835 944 convictus
1890 890 1931 943 si
1989 890 2180 945 adesse
2239 907 2349 946 sua:

774 1000 951 1039 causa
990 985 1126 1039 velle
1158 984 1320 1045 dicat,
1370 984 1509 1037 intra
1561 999 1767 1037 annum
1799 998 2019 1037 causam
2044 983 2303 1040 defendat
2333 1002 2347 1039 :

778 1090 965 1149 postea
996 1094 1125 1133 vero
1155 1094 1263 1133 non
1298 1079 1637 1134 admittatur.

758 1156 783 1172 “
848 1174 935 1226 ΕΞ.
977 1171 1079 1237 Qui
1105 1172 1338 1241 aliquem
1367 1172 1433 1225 de
1459 1174 1639 1226 alieno
1660 1172 1993 1227 monasterio
2021 1173 2267 1243 suscipit,
2295 1183 2351 1228 et

774 1267 839 1315 ad
870 1263 1183 1317 clericatum
1245 1272 1547 1331 promovet,
1601 1263 1683 1317 vel
1715 1278 1816 1319 suo
1840 1264 2170 1320 monasterio
2209 1280 2351 1334 pra:-

776 1357 907 1416 ﬁcit,
941 1358 1044 1410 erit
1072 1372 1099 1408 a
1128 1358 1513 1411 communione
1541 1356 1771 1411 alienus.

852 1454 934 1507 55.
981 1453 1279 1522 Episcopus
1320 1454 1412 1523 qui
1447 1453 1731 1509 haereticos
1774 1453 1859 1507 vel
1887 1452 2138 1508 ethnicos
2162 1451 2353 1508 scribit

778 1549 1047 1609 haeredes,
1081 1547 1370 1611 anathema
1402 1546 1488 1598 sit.

844 1641 935 1694 Si.
980 1640 1179 1695 Altaria
1232 1654 1350 1707 qua:
1388 1638 1443 1691 in
1512 1639 1656 1708 agris
1714 1647 1808 1693 aut
1860 1637 2033 1692 vineis
2080 1648 2351 1692 exstructa

778 1744 907 1786 sunt
940 1732 1212 1800 inquibus
1241 1731 1485 1800 reliquiae
1515 1731 1744 1801 alicujus
1786 1731 2039 1800 martyris
2072 1745 2183 1784 non
2224 1740 2354 1785 sunt

775 1827 1047 1896 repositae,
1080 1826 1183 1879 nisi
1214 1825 1393 1894 populi
1432 1827 1697 1878 tumultus
1725 1823 1838 1889 fiat,
1870 1832 2209 1877 evertuntur.

848 1918 938 1972 55.
982 1917 1242 1971 Similiter
1269 1929 1323 1970 et
1346 1929 1684 1985 quiecunque
1728 1928 1826 1984 per
1857 1913 2123 1967 insomnia
2154 1928 2352 1968 vanas-

773 2026 880 2077 que
912 2010 1269 2064 revelationes
1312 2006 1594 2077 eriguntur
1624 2006 1762 2061 male
1780 2006 2119 2062 cohaerentes
2137 2013 2349 2070 statum,

776 2115 829 2156 et
859 2103 1145 2157 simulacra
1170 2103 1371 2156 omnia.

842 2194 929 2247 56.
967 2192 1084 2246 Non
1114 2202 1413 2260 antepones
1441 2190 1505 2245 iis
1532 2190 1624 2261 qui
1652 2200 1704 2245 te
1735 2190 2049 2261 praecedunt
2075 2190 2347 2261 teipsum:

771 2287 864 2339 sed
897 2283 1161 2353 sequeris.
1198 2283 1302 2348 Qui
1346 2291 1533 2336 autem
1586 2283 1795 2350 priores
1849 2283 2187 2351 contemnit,
2223 2297 2351 2337 con-

776 2377 1102 2432 temnendus
1132 2376 1248 2445 ipse
1277 2383 1377 2430 est.

848 2467 932 2519 5'7.
978 2464 1079 2528 Qui
1120 2463 1262 2516 intra
1302 2461 1536 2517 Africam
1585 2464 1870 2519 ordinatus
1898 2475 2002 2531 est,
2034 2464 2226 2519 all'erat
2259 2464 2349 2519 lito

776 2570 916 2612 teras
956 2572 1119 2610 manu
1152 2554 1371 2626 propria
1399 2555 1629 2625 scriptas
1666 2556 1811 2611 illius
1852 2557 1945 2626 qui
1988 2572 2211 2611 manum
2247 2557 2350 2610 im-

776 2650 978 2717 posuit.

845 2742 933 2795 58.
975 2741 1330 2810 Imperatores
1382 2739 1470 2806 qui
1513 2740 1566 2790 in
1617 2738 1817 2806 pietate
1851 2739 1961 2791 nati
2013 2748 2162 2801 sunt,
2205 2748 2261 2793 et
2296 2740 2348 2793 iu

777 2836 879 2889 ﬁde
918 2835 1164 2897 enutriti,
1199 2832 1453 2887 Eeclesiis
1502 2846 1661 2900 opem
1714 2832 1854 2886 ferre
1885 2832 2105 2897 debent,
2136 2846 2259 2886 cum
2289 2830 2346 2883 Β.

776 2926 940 2979 Paulo
970 2925 1245 2994 indigente
1290 2924 1525 2977 militum
1572 2938 1767 2977 manus
1811 2923 2163 2978 factiosorum
2214 2938 2349 2978 con-

774 3021 1123 3089 spirationem
1155 3020 1398 3073 dissolvit
1427 3019 1466 3069 ¹.

845 3114 930 3167 59.
977 3112 1277 3166 Hazreticus
1335 3126 1437 3164 nec
1503 3109 1717 3181 legandi
1775 3118 1971 3177 potens
2029 3124 2131 3165 nec
2184 3110 2343 3181 legati

2459 618 2784 688 μέμνηνται,
2816 618 3286 688 βαπτιζέσθωσαν.

2529 708 2592 765 ν’.
2633 713 2753 766 ἰνα
2788 712 2863 782 μὴ
2897 716 2926 765 ό
2968 713 3265 774 ἐπίσκοπος
3320 715 3756 785 παρενοχλῆται,
3786 716 4026 769 εστωσαν

2455 800 2676 855 ἔκδικοι.

2525 897 2621 943 va’.
2680 890 3065 962 Ἐλεγχόμενος
3124 894 3378 965 κληρικὸς
3434 896 3522 948 ἐπ’
3572 896 3900 968 ἐγκλήματι,
3934 899 4029 951 ἐὰν

2454 985 2903 1051 ὲπαγωνίσασθαι
2951 986 3120 1055 λέγοι,
3174 988 3325 1051 ὲντδς
3385 989 3634 1041 ἐνιαυτοῦ
3683 990 4021 1057 ἀγωνίζοιτο.

2456 1077 2610 1130 Μετὰ
2634 1078 2691 1131 δὲ
2726 1078 2901 1142 τοῦτο,
2930 1080 3070 1135 ἔστω
3100 1080 3494 1150 ἀπρόσδεκτος.

2531 1171 2631 1242 νβ’.
2678 1175 2735 1226 ὐ
2765 1172 2825 1238 ἐξ
2871 1174 3158 1244 ἀλλοτρίας
3202 1175 3324 1229 τινὰ
3367 1177 3534 1246 μονῆς
3574 1176 4030 1247 προσδεχόμενος,

2453 1267 2546 1320 καὶ
2574 1268 2785 1335 ὲνάγων
2816 1267 2912 1337 τὴν
2944 1268 3386 1337 προσκλήρωσιν,
3418 1269 3451 1339 ἡ
3481 1270 3584 1339 τῆς
3611 1270 3819 1332 οἰκείας
3864 1271 4031 1338 μονῆς

2454 1360 2774 1431 ἠγεμονίαν,
2807 1359 2918 1425 ἕξει
2953 1360 3014 1412 τὸ
3043 1359 3426 1429 ἀκοινώνητον.

2524 1449 2619 1519 νγ’.
2641 1451 2967 1515 Ἐπίσκοπος
2993 1454 3301 1521 αίρετικοὺς
3325 1453 3640 1524 ἢἝλληνας
3662 1453 4034 1523 κληρονόμους

2453 1541 2702 1610 γράφων,
2735 1542 2878 1595 ἑστω
2914 1542 3183 1613 ἀνάθεμα.

2524 1634 2616 1691 νδ’,
2661 1636 3035 1706 Θυσιαστήρια
3071 1640 3129 1689 ὲν
3175 1636 3419 1707 ἁγροῐςῆ
3462 1638 3750 1708 ἀμπελῶσι
3782 1639 4035 1692 συνιστά-

2458 1743 2613 1797 μενα,
2666 1730 2723 1781 ὲν
2756 1724 2835 1790 οἷς
2890 1728 2953 1781 οὐ
3009 1728 3261 1797 λείψανον
3308 1733 3483 1782 κεῖται
3542 1729 3836 1799 μάρτυρος,
3871 1738 3921 1781 εί
3959 1729 4041 1796 μὴ

2453 1819 2711 1890 δημόσιος
2758 1820 2985 1890 θόρυϐος
3018 1821 3248 1889 γίνεται,
3285 1822 3744 1892 καταστρέφεται.

2527 1912 2620 1965 ve’.
2657 1913 2764 1964 Καὶ
2791 1913 2859 1966 δι’
2885 1915 3155 1967 ἐνυπνίων
3197 1916 3292 1967 καὶ
3332 1915 3727 1983 ἀποκαλύψεων
3770 1914 4036 1967 συνίστα-

2453 2022 2544 2059 ται
2580 2007 2845 2075 ματαίων,
2870 2007 3169 2074 ἀσύστατα,
3205 2007 3368 2074 ξόανα
3401 2008 3639 2073 ἅπαντα,
3674 2009 3768 2062 καὶ
3808 2007 4036 2062 εἴδωλα.

2524 2190 2633 2249 νς¹.
2665 2187 2738 2239 Οὐ
2772 2187 3134 2257 προτιμήσεις
3170 2187 3262 2241 τὸν
3314 2190 3454 2259 πρὸς
3501 2189 3564 2242 οὐ
3610 2189 3737 2260 [τῶν
3768 2190 3877 2261 πρὸ
3906 2190 4046 2265 σοῦ]

2458 2275 2708 2338 σεαυτὸν,
2761 2276 2876 2330 ἀλλ’
2921 2276 3403 2351 ἐπακολουθήσεις.
3450 2279 3508 2332 Ὀ
3565 2278 3621 2332 δὲ
3677 2280 4047 2351 περιφρονῶν

2453 2372 2577 2433 τοὺς
2608 2371 2929 2441 προτέρους,
2961 2350 3457 2441 εὐκαταξρρὸνητος.

2522 2464 2618 2529 νζ’.
2664 2464 2721 2517 Ὀ
2759 2467 2837 2525 είς
2886 2466 2984 2534 τὴν
3025 2466 3291 2535 Ἀφρικὴν
3320 2468 3865 2537 κεχειροτονημένος,
3906 2471 4044 2521 ἐπιδ

2457 2555 2676 2623 φερέτω
2737 2554 2832 2607 τοῦ
2889 2555 3288 2619 ὲπιτεθεικότος
3322 2560 3481 2629 χεῖρα
3537 2560 3756 2629 γραφὴν
3812 2560 4052 2630 ίδιόχει-

2455 2662 2566 2716 ρον.

2536 2741 2639 2805 νη’.
2677 2738 2740 2789 Ol
2776 2740 3130 2808 γεννηθέντες
3167 2740 3224 2792 δὲ
3255 2740 3528 2810 εὐσεϐείᾳ,
3565 2740 3661 2792 καὶ
3693 2743 3878 2793 πίστει
3915 2743 4049 2795 δια-

2454 2836 2750 2899 τραφέντες
2780 2829 3038 2899 βασιλεῖς,
3063 2835 3218 2901 χεῖρα
3247 2834 3503 2901 παρέχειν
3524 2835 3646 2894 ταῖς
3677 2832 4053 2903 Ἐκκλησίαις

2451 2920 2778 2985 ὀφείλουσιν·
2813 2924 2937 2974 ἐπεὶ
2970 2924 3061 2975 καὶ
3092 2923 3306 2976 Παύλου
3344 2924 3623 2992 δεομένου,
3658 2928 4053 2993 στρατιωτικὴ

2453 3013 2573 3080 χεὶρ
2596 3014 2693 3079 τὴν
2723 3014 2829 3065 τῶν
2858 3015 3110 3068 ἀτάκτων
3137 3014 3348 3067 διέλυσε
3383 3017 3705 3084 σύμπνοιαν.

2524 3103 2621 3157 νθ¹.
2651 3106 2935 3174 Αίρετικὸς
2994 3107 3374 3175 ἁλεγάτευτος,
3424 3110 3520 3161 καὶ
3563 3108 4053 3179 καταλιμπάνειν,

774 3222 939 3275 man
973 3214 1080 3269 est,
1113 3213 1166 3259 ct
1202 3203 1457 3273 indignus
1487 3204 1577 3272 qui
1607 3203 1947 3271 relinquendi
1986 3203 2066 3257 vel
2094 3204 2344 3271 capiendi

2460 3195 2546 3248 καὶ
2563 3195 2861 3266 λαμόάνειν
2895 3198 3185 3268 συνήθειαν
3214 3201 3452 3266 ἀνάξιος·
3472 3203 3502 3254 ό
3521 3201 3581 3255 δὲ
3605 3200 4053 3271 μεταστρέφων.

774 3297 1166 3353 consuetudine
1230 3296 1441 3350 fruatur
1508 3312 1521 3349 :
1593 3297 1687 3365 qui
1717 3305 1899 3351 autem
1943 3311 2002 3350 se
2053 3296 2342 3361 convertit,

776 3394 989 3463 tngnus.

843 3484 932 3537 60.
977 3482 1335 3537 Exsecutores
1391 3478 1589 3532 dantur
1654 3487 1877 3548 prepter
1942 3477 2344 3533 ecclesiasticas

773 3578 804 3630 ὁ
835 3576 1386 3723 I(‘31::‘lilttesilefensores
1410 3662 1497 3731 qui
1534 3671 1856 3730 potestatem
1892 3660 2217 3716 defendendi
2249 3662 2345 3716 ha-

778 3763 962 3815 beant.

846 3857 931 3911 62.
969 3857 1069 3922 Qui
1096 3871 1159 3909 ex
1189 3849 1482 3905 Donatistis
1523 3856 1937 3911 convertuntur,
1982 3856 2035 3901 et
2067 3847 2345 3917 postulant

774 3949 1021 4017 proprios
1044 3949 1329 4018 episcopos
1358 3946 1448 4015 qui
1481 3943 1729 3995 conversi
1766 3950 1914 4003 sunt,
1950 3954 2058 3993 non
2091 3949 2220 3993 sunt
2254 3956 2344 3994 re-

777 4038 1008 4105 pellendi
1040 4057 1052 4090 :
1099 4039 1199 4091 hoc
1230 4052 1359 4090 vero
1394 4033 1648 4088 defuncto
1672 4046 1773 4084 nec
1814 4031 2045 4084 alterum
2086 4046 2343 4101 suscepe-

774 4133 902 4196 rint,
932 4132 974 4184 si
998 4132 1065 4184 ad
1087 4131 1250 4184 alium
1277 4126 1623 4197 confugerint
1646 4134 1917 4179 maneant.

840 4311 930 4363 οδ.
972 4308 1101 4373 Quae
1124 4306 1374 4377 coniugia
1404 4305 1729 4368 dissolvunt,
1756 4303 1860 4357 nisi
1894 4302 2338 4369 reconcilientur,

771 4402 847 4457 sic
874 4409 1227 4472 permaneant
1265 4416 1275 4451 :
1313 4398 1455 4468 quod
1497 4398 1542 4451 si
1574 4397 1626 4451 id
1657 4397 2090 4467 contempserint
2117 4396 2182 4450 ad
2222 4410 2339 4465 pce-

774 4496 1055 4549 uttentiam
1089 4495 1397 4564 adiguntur.

2453 3287 2696 3355 ἐπάξιος.

2526 3482 2589 3546 ξ’.
2630 3481 2982 3536 Ἐκὸιϐασταὶ
3038 3482 3268 3536 δίδονται
3315 3482 3403 3536 διὰ
3426 3483 3526 3546 τὰς
3559 3497 4056 3555 εκκΑησιαστικας

2451 3575 2789 3646 δυσχερείας.

2526 3666 2622 3732 Ea].
2652 3669 2760 3721 Καὶ
2790 3667 2995 3721 ἔκδικοι
3022 3668 3122 3736 τὴν
3154 3668 3349 3739 κυρίαν
3377 3669 3477 3737 τῆς
3506 3669 3839 3740 ἐκδικήσεως
3881 3674 4051 3740 ἔχειν.

2451 3775 2558 3821 τες.

2525 3848 2622 3918 ξβ’.
2655 3850 2717 3902 Οί
2758 3849 2864 3902 ἀπὸ
2891 3850 3000 3903 τῶν
3032 3849 3368 3902 Δονατιστῶν
3405 3851 3899 3922 μεταστρέφοντες,
3939 3858 4068 3909 καὶ

2449 3942 2574 4004 τοὺς
2607 3942 2771 4005 ίδίους
2812 3943 3122 4012 αἰτούμενοι
3154 3946 3483 4009 ἐπισκόπους
3514 3946 4068 4015 μεταστρέψαντας,

2448 4035 2833 4105 ἀπαραίτητοι·
2861 4036 3052 4089 τούτου
3093 4036 3150 4089 δὲ
3186 4038 3629 4107 τελευτήσαντος,
3662 4038 3711 4090 οἱ
3753 4038 3829 4108 μὴ
3872 4038 4069 4109 δεχό-

2452 4143 2602 4195 μενοι
2631 4126 2837 4197 ἕτερον,
2880 4128 2926 4179 εί
2951 4129 3037 4180 ἐπ’
3066 4126 3221 4181 ἄλλον
3255 4127 3551 4181 ἐπίσκοπον
3589 4130 4071 4197 καταφεύγουσι,

2450 4220 2683 4287 μένοιεν.

2525 4308 2624 4376 ξγ’.
2647 4310 2710 4360 Δί
2733 4310 3066 4380 τεμνόμεναι
3094 4310 3346 4376 συζυγία,
3367 4311 3415 4362 εἰ
3443 4310 3517 4381 μὴ
3544 4311 4069 4377 καταλλάττοιντο,

2446 4401 2851 4470 διαμενέτωσαν
2905 4401 3101 4464 οὕτως·
3154 4405 3201 4454 εί
3265 4402 3321 4454 δὲ
3372 4403 3482 4473 μὴ,
3538 4404 3671 4473 πρὸς
3726 4406 4075 4473 μετάνοιαν

2448 4494 2867 4561 ἀναγκάζονται.

840 4590 928 4642 64.
968 4586 1069 4653 Qui
1125 4560 1398 4655 publicum
1428 4584 1497 4636 ab
1525 4583 1852 4653 imperatore
1891 4583 2156 4653 judicium
2185 4584 2336 4654 petit,

2519 4560 2612 4649 ξδ’.
2644 4586 2920 4656 Δημοσίαν
2957 4586 3140 4657 κρίσιν
3178 4587 3372 4658 όπαρά
3404 4587 3665 4657 βασιλέως
3696 4586 3891 4653 αἰτῶν,
3938 4592 4079 4645 οὐκ

772 4695 878 4733 non
908 4689 989 4732 est
1024 4680 1330 4749 episcopus.

839 4771 928 4824 65.
973 4769 1075 4836 Qui
1108 4773 1341 4840 primum
1374 4770 1647 4824 hominem
1686 4770 1834 4835 dicit,
1868 4771 2032 4825 etiam
2067 4772 2183 4824 sine
2211 4787 2336 4841 pec-

777 4873 893 4915 cato
940 4861 1106 4915 fuisse
1146 4863 1467 4915 moriturum
1520 4871 1738 4931 propter
1789 4871 1998 4915 natura:
2027 4865 2296 4917 necessita

776 4964 899 5014 tem,
929 4952 1212 5004 anathema
1241 4952 1326 5005 sit.

844 5044 929 5094 66.
972 5043 1072 5107 Qui
1098 5043 1231 5097 dicit
1254 5043 1486 5096 infantes
1506 5045 1595 5112 qui
1628 5058 1814 5097 recens
1838 5044 1946 5096 nati
1973 5044 2333 5113 baptizautur,

774 5135 905 5187 nihil
965 5150 1027 5187 cx
1081 5135 1270 5188 Adami
1325 5146 1550 5203 peccato
1613 5136 1830 5189 trahere
1876 5138 2017 5204 quod
2072 5138 2338 5207 baptismo

775 5235 1119 5293 cxpurgetur,
1172 5226 1537 5279 exsecrandus
1584 5234 1687 5279 est.
1738 5225 1839 5279 Per
1873 5241 2041 5280 unum
2092 5228 2237 5280 enim
2283 5237 2339 5281 et

772 5332 917 5370 mors
950 5328 1004 5369 et
1026 5328 1305 5385 peccatum
1340 5319 1392 5370 in
1430 5318 1684 5372 universo
1720 5320 1983 5373 mundo’.

840 5408 925 5463 67.
964 5409 1064 5473 Qui
1117 5409 1271 5463 docet
1323 5409 1413 5463 Dei
1462 5411 1685 5478 gratiam
1741 5412 2112 5465 remissionem
2167 5412 2334 5466 solam

772 5510 1116 5567 peccatorum
1146 5501 1255 5570 jam
1284 5502 1695 5555 commissorum
1728 5505 2030 5568 continere,
2062 5520 2170 5557 non
2206 5520 2334 5558 vero

768 5595 928 5645 etiam
987 5594 1050 5645 ad
1105 5593 1365 5646 auxilium
1417 5606 1602 5645 contra
1652 5596 1829 5646 futura
1874 5596 2011 5660 dari,
2050 5596 2128 5649 bis
2175 5611 2329 5650 exse-

770 5684 1008 5736 rraudus
1039 5694 1142 5736 est.

845 5844 856 5873 ’
906 5851 1017 5897 Aet.
1060 5860 1211 5907 fuit],
1250 5846 1330 5897 l2.
1408 5848 1425 5877 '
1470 5844 1623 5901 llum.
1659 5864 1709 5910 ν,
1742 5847 1826 5901 12.

2446 4680 2760 4742 ἐπίσκοπος.

2517 4772 2607 4836 ξε’.
2651 4772 2755 4824 Τὸν
2809 4772 3236 4840 πρωτόπλαστον
3276 4771 3304 4823 ό
3338 4771 3513 4838 λέγων
3540 4775 3636 4825 καὶ
3662 4772 3782 4843 δίχα
3838 4774 4085 4848 ἁμαρ-

2443 4862 2563 4924 τίας
2614 4860 2965 4929 τεθνήξεσθαι
3014 4862 3080 4914 δι’
3136 4862 3380 4932 ἀνάγκην
3431 4860 3531 4929 τῆς
3583 4861 3818 4929 φύσεως,
3880 4864 4083 4919 ἔστω

2444 4954 2707 5021 ἀνάθεμα.

2515 5046 2621 5112 ξςῖ
2669 5048 2723 5101 '0
2753 5048 2820 5098 τὰ
2859 5050 3050 5109 νεογνὰ
3095 5045 3187 5097 καὶ
3242 5045 3613 5114 βαπτιζόμενα
3641 5044 3816 5111 λέγων
3851 5051 4087 5118 μηδὲν

2441 5142 2620 5193 ἕλκειν
2655 5142 2718 5191 ὲκ
2748 5141 2844 5207 τῆς
2874 5139 2968 5192 τοῦ
3000 5139 3171 5207 ’Δδὰμ
3203 5139 3477 5209 ἁμαρτίας
3498 5139 3558 5190 τὸ
3587 5137 4081 5207 καθαιρόμενον,

2441 5231 2731 5300 ἐπάρατος·
2761 5231 2846 5283 διὰ
2882 5229 2988 5300 γὰρ
3032 5229 3124 5281 τοῦ
3172 5229 3290 5291 ἑνὸς
3345 5230 3437 5281 καὶ
3480 5231 3509 5280 ὀ
3558 5227 3808 5293 Θάνατος,
3846 5236 3983 5287 καὶ
4033 5242 4075 5306 ἦ

2440 5323 2685 5392 ἁμαρτία
2715 5323 3077 5389 παγκόσμιος.

2514 5410 2609 5474 ξζν.
2654 5411 2712 5463 Ὀ
2758 5409 2999 5475 δοξάζων
3032 5410 3130 5479 τὴν
3188 5409 3283 5460 τοῦ
3320 5408 3455 5461 θεοῦ
3489 5410 3649 5479 χάριν
3695 5410 3885 5480 μόνην
3944 5417 4091 5487 ἇς...

2436 5519 2552 5555 εσιν
2575 5503 2681 5554 τῶν
2713 5502 3201 5572 πλημμελημάτων
3232 5503 3472 5570 ὑπέχειν,
3504 5502 3635 5553 ἁὶλᾶ
3663 5502 3737 5571 μὴ
3773 5506 3887 5557 καὶ
3932 5511 4085 5563 τῶν

2437 5596 2739 5663 μελλόντων
2778 5595 3047 5667 βοήθειαν,
3090 5594 3169 5653 δὶς
3214 5596 3501 5666 ἐπάρατος.
