4162 6474
148 454 237 518 273
1344 449 1683 511 EPITOME
1722 451 1791 510 CA

1722 451 2110 512 CANONUM.
3249 439 3353 504 27$

204 564 291 635 εη’,
338 564 399 616 '0
436 562 726 633 κηρύσσων
782 562 864 615 ὅτι
900 562 1022 632 δίχα
1055 564 1153 630 τῆς
1182 562 1400 632 χάριτος
1439 565 1694 635 δυσχερε-
1727 574 1765 626 Α

1727 574 1765 626 Α
1869 566 1956 621 68.
2000 564 2100 630 Qui
2129 563 2404 632 praedicat.
2437 561 2639 629 absque
2663 559 2830 629 gratia
2859 557 3127 612 dimcilius
3149 556 3364 624 quidem

147 659 327 728 στέρως
380 655 518 724 μὲν,
552 655 665 707 ἀλλ’
716 648 811 707 οὖν
864 652 1250 724 ὲκπληροῦμεν
1298 655 1395 717 τὰς
1449 657 1687 719 ἐντολὰς,

1796 671 1912 718 nos,
1948 664 2187 709 attamen
2229 654 2528 723 adimplere
2576 650 2849 712 mandata,
2885 648 3205 703 maledictus
3234 655 3318 701 est
3355 666 3363 697 :

147 750 416 817 ἐπάρατοςθ
451 747 639 813 Χωρὶς
670 745 779 817 γάρ
812 745 981 815 ἐμοῦ,
1008 746 1036 798 6
1061 746 1265 817 Κύριος
1287 743 1463 814 εἶπεν,
1490 750 1560 801 οὐ
1591 749 1692 800 δύη

1794 748 1928 803 dixit
1958 747 2105 800 enim
2162 746 2469 800 Dominus:
2515 742 2639 797 Sine
2688 759 2769 796 me
2818 741 2949 794 nihil
2977 741 2995 771 ε
3024 739 3240 807 potestis
3280 740 3366 807 fa-

144 842 303 892 γασθε
326 838 528 891 ποιεῖν
552 837 753 893 οὐδέν.

1793 856 1924 891 cere.

197 927 281 993 ξδ’.
332 929 414 992 ’0,
444 927 539 981 τοῦ
589 926 855 994 Θεολόγου
888 928 1288 998 θεολογοῦντος,
1322 931 1453 983 ’Ὅτι
1477 931 1585 985 ἐὰν
1611 933 1693 984 εἵ-

1862 930 1947 983 69.
1993 929 2091 994 Qui
2144 928 2423 997 Theologo
2483 928 2741 982 divinitus
2800 924 2954 979 dicer
2978 936 3073 977 ..τε
3126 921 3274 987 Quod
3320 922 3363 975 si

145 1034 317 1087 ,ἴωμεν
342 1019 439 1072 ὅτι
474 1020 730 1088 ἁμαρτία
760 1020 831 1073 ἐν
873 1021 1018 1090 ἡμῖν
1045 1023 1157 1075 οὐκ
1200 1021 1391 1086 ἔστιν,
1439 1022 1692 1085 ἑαυτοὺς

1793 1022 2030 1072 dicamus
2078 1022 2213 1089 quod
2255 1028 2526 1088 peccatum
2558 1021 2609 1071 in
2663 1018 2809 1071 nobis
2841 1032 2942 1068 non
2977 1026 3071 1079 est,
3107 1030 3198 1067 nos
3227 1014 3363 1083 ipso:

143 1111 456 1181 ἁιτατὼμεν,
515 1113 953 1183 παρερμηνεόων
999 1115 1079 1167 ὅτι
1134 1113 1235 1167 οὐκ
1276 1114 1513 1185 ἀληθῶς,
1556 1115 1709 1181 ἀλλὰ,

1796 1113 2088 1164 εράιιεὶηιασς
2114 1112 2155 1176 ³,
2183 1126 2467 1181 perperam
2499 1110 2891 1179 interpretatur
2915 1107 3059 1177 quod
3083 1121 3191 1160 non
3215 1121 3363 1162 vere.

142 1202 557 1271 ταπεινοφρόνως
588 1205 777 1273 εἴρηκε
806 1203 984 1268 τοῦτο,
1010 1204 1281 1274 ἀνάθεμα.

1797 1201 1889 1255 sed
1915 1218 2023 1270 prie
2056 1202 2355 1256 humilitate
2386 1202 2491 1255 hoc
2524 1200 2743 1264 dixerit,
2772 1200 3060 1253 anathema
3090 1198 3182 1251 sit.

199 1300 259 1367 o'._
270 1293 323 1345 '0
347 1294 731 1362 παραφρόμζων
756 1292 834 1355 τδ,
860 1294 1032 1361 Ἄφες
1060 1294 1204 1362 ἡμῖν
1225 1293 1299 1347 τὰ
1320 1293 1692 1362 ὀφειλήματα

1871 1292 1957 1345 70.
1999 1292 2102 1356 Qui
2155 1291 2377 1359 exponit
2421 1291 2577 1351 illud,
2621 1297 2677 1344 et
2729 1289 2945 1343 dimitte
2982 1288 3141 1342 nobis
3188 1287 3367 1341 debita

143 1383 303 1449 ἡμῶν,
336 1384 424 1435 td’
455 1382 565 1435 τῶν
599 1383 809 1437 πολλῶν
847 1383 1028 1451 λέγειν
1059 1382 1173 1455 [ῑσ.
1200 1384 1421 1456 λέγων],
1454 1386 1549 1439 καὶ
1596 1386 1693 1455 οὐχ

1796 1392 1998 1443 nostra.
2028 1397 2148 1451 quae
2178 1382 2473 1435 multorum
2504 1390 2631 1435 sunt
2657 1382 2857 1446 dicere,
2892 1394 3003 1434 non
3034 1394 3155 1447 quae
3186 1378 3369 1445 singu-

143 1479 342 1528 ἕκαστον
391 1478 488 1527 καὶ
544 1475 613 1527 τὰ
641 1478 841 1539 οἰκεῖα,
868 1477 1139 1545 ἀνάθεμα·
1175 1478 1316 1546 μετά
1348 1478 1561 1531 πολλῶν
1596 1480 1692 1532 καὶ

1795 1477 1970 1530 lorum
1998 1484 2054 1530 et
2078 1476 2318 1545 prepria,
2350 1476 2639 1529 anathema
2662 1475 2760 1529 sit:
2788 1490 2913 1529 cum
2933 1474 3210 1529 Danielem
3243 1490 3366 1529 cum

142 1570 214 1617 τὴν
245 1568 439 1637 Δανιὴλ
470 1567 697 1635 λέγοντα
740 1568 974 1637 βλέπων.
1022 1568 1544 1638 Ἐξομολογοῦμεν
1586 1572 1693 1638 τὰς

1796 1568 1980 1622 multis
2011 1568 2284 1622 dicentem
2313 1567 2497 1621 videat
2535 1589 2546 1622 ;
2582 1566 2907 1635 Conﬁtemur
2929 1575 3144 1637 peccata
3166 1576 3365 1629 nostra.

142 1660 401 1727 ἁμαρτίας
440 1659 632 1727 ἡμῶν,
668 1662 767 1713 καὶ
794 1661 897 1726 τὰς
918 1661 1209 1729 ἁμαρτίας
1236 1664 1343 1717 τοῦ
1372 1664 1545 1721 λαοῦ,
1796 1669 1843 1712 et
1870 1670 2081 1729 peccata
2118 1658 2296 1728 populi
2324 1659 2365 1711 ⁸.

198 1757 284 1803 ω’.
316 1753 381 1803 0i.
418 1752 893 1820 μεταστρέψαντες
929 1753 1036 1806 ἀπὸ
1069 1753 1164 1806 τοῦ
1196 1756 1428 1808 Δονάτου
1474 1756 1689 1809 διέλωσι

1866 1751 1953 1804 71.
1996 1748 2100 1814 Qui
2139 1747 2387 1802 conversi
2420 1755 2546 1801 sunt
2579 1762 2645 1801 ex
2685 1754 2839 1817 parte
2890 1746 3090 1801 Donati
3125 1745 3368 1803 dividant

142 1844 220 1915 tit;
244 1841 553 1913 διοικήσεις,
591 1845 685 1896 καὶ
716 1846 743 1896 ὀ
773 1846 869 1914 μὲν
901 1846 1260 1917 παλαιότερος
1293 1849 1629 1918 ἐπιμερίζοι,
1661 1850 1689 1901 6

1486 1849 1629 1911 >£§ot,
1661 1850 1689 1901 6
1796 1840 2081 1905 dimceses,
2111 1838 2293 1894 senior
2319 1838 2547 1902 dividat,
2577 1838 2763 1908 junior
2789 1853 2919 1893 vero
2948 1838 3129 1909 eligat.

144 1934 187 1984 δὲ
218 1935 325 1997 νέος
358 1934 483 1989 ὲκλέ
495 1953 665 2003 γοιτο.
1719 1922 1766 1981 Β

196 2023 283 2091 οβ’.
312 2026 491 2076 Τόπον
534 2027 927 2097 μεταστρέφων
969 2028 1063 2080 ἐπὶ
1100 2028 1199 2099 τὴν
1230 2028 1509 2099 ὀρθόδοξον
1531 2072 1545 2095 ,
1597 2031 1691 2085 καὶ

1868 2018 1959 2073 72.
2002 2016 2056 2071 Si
2091 2016 2215 2087 quis
2245 2016 2424 2072 locum
2448 2017 2693 2084 aliquem
2724 2016 2791 2071 ad
2822 2016 2982 2071 ﬁdem
3010 2016 3367 2073 orthodoxam

142 2114 301 2165 τοῦτον
334 2116 431 2169 ἐπὶ
459 2118 702 2185 τριετίαν
732 2119 997 2189 κατέχων,
1032 2118 1172 2173 ἔστω
1212 2120 1564 2190 ἀνέγκλητος
1598 2122 1692 2174 καὶ

1793 2110 2150 2174 converterit,
2193 2123 2429 2179 eumque
2471 2124 2570 2179 per
2604 2109 2900 2162 triennium
2954 2108 3265 2174 retinuerit,
3300 2108 3370 2163 sit

143 2208 568 2278 ὀμεταστρὲξων
626 2209 921 2272 ἐπίσκοπος
970 2210 1078 2263 ἀπὸ
1132 2211 1400 2276 Δονάτου,
1451 2213 1498 2264 ει
1542 2212 1693 2276 ἐντὸς

1792 2202 1911 2257 sine
1942 2202 2119 2266 culpa.
2153 2200 2415 2256 Similiter
2438 2210 2492 2255 et
2520 2201 2811 2271 episcopus
2838 2213 3134 2255 conversus
3160 2215 3191 2253 a
3216 2208 3369 2270 parte

146 2300 354 2365 τριετίας
398 2300 495 2370 ἀφ’
527 2294 589 2354 οὗ
621 2302 956 2372 ἐπέστρεψεν
986 2304 1252 2371 ὲνὰγοιτο,
1284 2306 1544 2372 ὲναγέτω.

1792 2295 2006 2361 Donati,
2065 2294 2110 2349 si
2149 2295 2289 2349 intra
2335 2294 2631 2349 triennium
2674 2308 2738 2349 ex
2783 2308 2891 2363 quo
2941 2307 3238 2349 conversus
3286 2303 3370 2349 est

1791 2395 2023 2457 repetat,
2056 2386 2180 2455 jure
2206 2395 2348 2456 agat.

196 2481 281 2547 οῖ’.
316 2481 527 2552 Κριτής
556 2482 905 2553 ἑπιζητηθεὶς
959 2485 1023 2538 ἐκ
1046 2484 1153 2538 τῶν
1183 2485 1278 2539 δύο
1312 2485 1516 2556 μερῶν,
1546 2486 1688 2541 ἀπα-

1862 2478 1950 2531 75.
1992 2478 2166 2533 Judex
2194 2479 2263 2534 ab
2302 2478 2569 2534 ambabus
2594 2480 2843 2551 partibus
2870 2482 3168 2551 expetitus,
3210 2496 3368 2537 recu-

144 2568 453 2637 ρὰγραπτος.

1791 2571 1900 2624 sari
1932 2586 2039 2624 non
2069 2579 2268 2640 potest.
3304 2636 3310 2644 η

197 2661 277 2714 ιδ’.
314 2663 675 2746 Περιφρονῶν
706 2665 1005 2729 ἐπίσκοπος
1035 2669 1133 2737 τὴν
1169 2668 1309 2738 ὑπὲρ
1337 2669 1447 2721 τῶν
1484 2672 1688 2742 αἱρετι-

1862 2664 1948 2718 74.
1991 2662 2296 2733 Episcopus
2345 2680 2507 2734 quam
2561 2665 2629 2719 de
2682 2666 2956 2721 haereticis
2988 2682 3172 2721 curam
3206 2665 3370 2721 debet

143 2749 233 2801 κῶν
256 2752 579 2819 ἐπιμέλειαν
628 2756 723 2807 καὶ
766 2756 1349 2827 ὑπομιμνησκόμενος,
1385 2764 1432 2812 εἰ
1464 2762 1556 2812 ἐπὶ
1592 2763 1689 2831 τῆς

1791 2756 2069 2825 suscipere
2111 2756 2414 2826 negligens,
2477 2766 2642 2826 atque
2694 2757 3028 2822 admonitus,
3073 2759 3117 2813 si
3167 2759 3223 2811 in
3271 2773 3366 2811 sua

143 2840 256 2905 ἰδίας
278 2844 457 2921 ῥιάγοι
500 2847 595 2898 ἐπὶ
638 2847 699 2912 ἒξ
732 2850 906 2918 μῆνας
940 2890 953 2913 ,
1013 2850 1325 2914 ἀνεύθυνος.
1380 2852 1689 2922 Ἐπιμένων

1791 2846 2012 2901 ὀίωοεεί
2051 2848 2212 2917 degat
2255 2862 2428 2917 usque
2457 2849 2524 2903 ad
2553 2863 2645 2903 sex
2678 2864 2897 2905 menses
2927 2849 3157 2904 crimine
3198 2858 3363 2905 caret.

140 2935 184 2984 δὲ
214 2939 296 2987 καὶ
356 2940 501 3007 μετά
535 2940 695 2993 τοῦτο
754 2944 819 3011 τῇ
870 2942 1131 3019 ῥᾳθυμίᾳ,
1189 2944 1301 3008 ἕξοι
1354 2946 1415 2997 τὸ
1456 2947 1687 2999 ἀκοινώ-

1789 2938 1947 3003 Quod
1981 2940 2025 2993 si
2064 2949 2248 3008 postea
2283 2940 2338 2993 in
2382 2940 2588 2996 desidia
2622 2941 2896 3009 persistat,
2928 2942 3369 2997 excommunica-

141 3043 290 3093 νητον.
1790 3030 1957 3084 bitur.

194 3117 274 3171 οῖ’.
304 3123 691 3193 Πρεσῦύτερος
724 3126 819 3177 καὶ
845 3125 1093 3189 διάκονος
1135 3127 1582 3197 ἐπιμεμφόμενος
1612 3129 1688 3199 τῷ

1869 3124 1956 3177 75.
1999 3122 2290 3195 Presbyter
2327 3134 2381 3179 et
2432 3125 2693 3180 diaconus
2742 3126 2832 3196 qui
2875 3126 2945 3181 de
2981 3128 3239 3198 episcopo
3268 3141 3367 3182 suo

139 3209 391 3279 ἐτισκόπῳ
428 3216 737 3280 ἐγκαλείτω
780 3216 895 3287 [γρ.
940 3217 1266 3290 ὲκκαλείτω]
1298 3219 1533 3285 γείτοσιν
1564 3222 1685 3272 ὲπι-
1716 3260 1761 3320 C

1723 3260 1761 3320 Β
1792 3225 2115 3284 queruntur,
2155 3217 2221 3270 ad
2254 3216 2461 3271 vicinos
2501 3219 2785 3288 episcopos
2827 3220 3102 3289 appellent
3129 3229 3185 3275 et
3218 3234 3366 3275 mare

140 3302 351 3363 σιόποις,
372 3306 469 3356 καὶ
505 3306 582 3375 μὴ
610 3308 922 3377 διαπεράτω
948 3310 1005 3362 τὸ
1038 3311 1292 3377 πέλαγος.
1717 3302 1761 3320 υ
1792 3320 1899 3358 Ποη
1931 3306 2222 3373 "almam.

194 3389 286 3453 οῖ’.
331 3395 450 3445 Ἐπὶ
479 3396 617 3447 πολὺ
657 3398 729 3466 μὴ
774 3398 1087 3467 δυναμένων
1114 3400 1428 3467 περιμένειν
1464 3400 1572 3453 τῶν
1607 3405 1686 3465 εἰς

1864 3396 1949 3451 76.
1992 3396 2248 3468 Episcopi
2273 3399 2365 3467 qui
2390 3400 2456 3454 ad
2489 3398 2782 3455 concilium
2814 3412 3098 3467 venerunt,
3133 3418 3259 3458 eum
3290 3403 3364 3458 ibi

139 3483 216 3546 τὴν
260 3484 476 3538 sim-35v
517 3490 839 3542 ἐπισκόπων
876 3491 1232 3559 ἐληλυθότων,
1277 3491 1382 3546 ἀνὰ
1430 3498 1577 3565 τρεῖς
1628 3495 1685 3558 ἐξ

1790 3488 1883 3541 diu
1942 3504 2262 3558 permanere
2322 3506 2431 3546 non
2480 3501 2729 3561 possunt,
2785 3501 2971 3548 ternos
3010 3494 3079 3548 de
3137 3491 3367 3564 singulis

137 3574 342 3646 ἐκέστης
369 3580 647 3650 ἐπαρχίας
670 3581 1012 3649 ἐπιλεγῶσιν.
1142 3586 1150 3595 ”

700 3581 1012 3649 πιλεγῶσιν.
1142 3586 1150 3595 ’
1790 3582 2092 3648 provinciis
2119 3583 2338 3653 eligant.

188 3668 272 3729 οἵ.
304 3672 377 3723 Οὐ
413 3675 697 3743 μαρτυρεῖ
722 3676 749 3726 6
787 3674 1192 3745 ἀφωρισμένος.

1863 3674 1954 3728 77.
1994 3676 2037 3726 A
2058 3675 2457 3731 communione
2489 3685 2802 3749 segregatus
2833 3693 2945 3734 non
2982 3679 3102 3735 fert.
3120 3680 3366 3738 testimo-

1790 3768 1963 3822 nium.

187 3855 274 3917 on'.
320 3853 431 3905 Καὶ
472 3856 503 3906 6
542 3852 752 3917 δοῦλος.

691 3872 752 3917 ις.
1862 3858 1948 3915 78.
1988 3860 2097 3915 Nec
2125 3876 2334 3917 servus.

187 3940 269 3994 οϐ’.
318 3944 429 3996 Καὶ
476 3945 507 3995 6
543 3944 934 4016 ἀπελεύθερος,
980 3948 1076 4000 καὶ
1108 3947 1137 3999 6
1170 3951 1684 4021 προκατηγορηθεὶς

1861 3949 1951 4005 79.
1993 3951 2103 4006 Nec
2167 3954 2413 4018 libertus,
2488 3972 2590 4011 nec
2642 3964 2769 4011 ante
2827 3968 3114 4012 accusatus
3180 3958 3362 4026 aliquo

134 4034 273 4084 ὲτίτι
300 4035 407 4086 τῶν
460 4035 529 4087 οὐ
601 4035 1050 4105 προσδεχομένων
1076 4038 1153 4108 τῷ
1200 4039 1464 4111 δημοσίῳ,
1519 4044 1615 4096 καὶ
1658 4048 1687 4097 6
1762 4072 1765 4075 -

1762 4072 1765 4075 -
1790 4056 1981 4097 eorum
2020 4045 2310 4102 criminum
2335 4049 2404 4104 ob
2430 4064 2551 4118 qua
2584 4064 2614 4103 a
2640 4050 2859 4120 publico
2889 4060 3110 4105 arcetur
3133 4050 3357 4120 judicio.

136 4125 289 4187 μτμως.

1788 4134 1898 4190 Nec
1928 4137 2142 4195 histrio.

188 4223 249 4266 π’.
303 4216 413 4267 Καὶ
467 4213 751 4284 όἜλλην,
804 4217 897 4269 καὶ
941 4219 969 4269 6
1020 4218 1314 4289 αἱρετικδς,
1348 4222 1444 4276 καὶ
1482 4226 1509 4277 6
1552 4228 1685 4279 ‘lou-

131 4300 265 4351 δαῖος.

1611 4243 1685 4279 ιυ-
1858 4224 1945 4281 80.
1980 4226 2091 4283 Nec
2119 4228 2395 4295 ethnicus,
2422 4247 2525 4286 nec
2553 4232 2865 4299 hereticus,
2894 4247 2997 4286 nec
3015 4231 3254 4286 Judaaus.

154 4319 265 4363 αιος.

186 4392 283 4448 πα¹.
329 4396 444 4448 Καὶ
484 4398 514 4449 6
546 4398 938 4467 κατηγορήσας
966 4399 1164 4468 πολλὰ,
1200 4402 1295 4457 καὶ
1328 4403 1555 4473 ἐλέγξας
1587 4408 1681 4459 οὑ-

1859 4409 1948 4463 8i.
1990 4408 2101 4465 Nec
2158 4412 2251 4481 qui
2307 4413 2473 4467 multa
2528 4413 2807 4484 obiecerit,
2839 4412 3091 4478 crimina,
3124 4420 3182 4467 et
3221 4413 3358 4467 nihil

130 4483 214 4536 δέν·
236 4487 323 4539 καὶ
352 4490 381 4541 6
408 4487 489 4559 μὴ
522 4488 793 4542 ἐνιαυτῶν
817 4489 901 4543 ιδ’.

1788 4499 2099 4566 probaverit
2130 4539 2145 4562 ,
2200 4517 2303 4556 nec
2355 4503 2448 4572 qui
2501 4512 2666 4559 natus
2718 4518 2828 4559 non
2875 4502 3039 4559 fuerit
3088 4518 3355 4558 annorum

1718 4598 1764 4654 Ι)
1791 4594 2219 4660 quatuordecim.
2325 4642 2330 4653 .

183 4669 278 4736 123'.
321 4669 379 4721 Ὀ
428 4671 752 4741 κατήγορος
810 4674 874 4725 ὲκ
919 4671 1010 4725 τοῦ
1049 4674 1179 4728 ἰδίου
1203 4675 1353 4730 οἴκου
1389 4680 1675 4750 μάρτυρας

1622 4699 1675 4745 ις
1858 4682 1946 4736 82.
1987 4683 2285 4740 Accusator
2306 4701 2336 4741 e
2355 4687 2517 4743 domo
2539 4703 2636 4743 sua
2667 4696 2833 4743 testes
2857 4702 2966 4741 non
2996 4686 3265 4757 producit.

128 4758 173 4808 οὗ
200 4761 539 4833 καθίστησιν.
942 4770 945 4773 ’

182 4852 278 4918 κγ’.
316 4856 515 4919 Λέγων
556 4855 589 4907 6
652 4855 952 4921 ἐπίσκοπος
1000 4860 1081 4912 ὅτι
1136 4861 1209 4914 Τὺ
1235 4861 1487 4934 ἔγκλημα
1542 4867 1682 4920 κατὰ

1857 4864 1944 4918 85.
1989 4865 2266 4937 Episcopo
2303 4868 2394 4937 qui
2449 4870 2601 4933 dicit,
2647 4869 2793 4939 quod
2833 4868 3046 4924 vicinus
3082 4868 3216 4921 mihi
3256 4870 3375 4923 soli.

130 4945 264 5007 Msa;
303 4950 330 4999 6
364 4949 547 5011 πέλας
578 4965 672 5017 μοι
690 4949 1061 5021 ὡμολόγησεν,
1088 4954 1136 5006 εἰ
1163 4956 1192 5007 6
1220 4955 1387 5020 πέλας
1411 4958 1680 5029 ἀρνεῖται,

1787 4956 1991 5010 crimen
2043 4973 2200 5011 suum
2243 4960 2525 5015 confessus
2564 4969 2669 5024 est,
2710 4968 2765 5015 et
2794 4960 3011 5014 vicinus
3034 4966 3215 5029 negat,
3246 4974 3353 5012 non

128 5035 201 5085 οὐκ
236 5036 516 5100 εὔπιστος.

1787 5046 1944 5101 facile
1974 5047 2109 5103 ﬁdes
2145 5050 2453 5105 adhibetur.

180 5122 271 5175 τπδ’.
302 5127 406 5179 Τὸν
442 5128 523 5198 μὴ
556 5127 885 5198 ἐλεγχθέντα
930 5134 1213 5197 κοινωνίας
1254 5138 1523 5204 στερήσας
1564 5142 1681 5192 ἐπί·
1735 5122 1741 5135 ’

1735 5122 1741 5135 ’
1854 5134 1940 5187 84.
1986 5136 2281 5206 Episcopus
2352 5139 2443 5207 qui
2508 5138 2741 5206 privavit
2785 5137 3169 5193 communione
3244 5152 3353 5191 non

131 5231 315 5282 σκοπος,
350 5224 614 5291 στεροῖτο
648 5225 742 5274 καὶ
774 5225 934 5287 αὐτὸς
955 5229 1052 5297 τῆς
1094 5229 1297 5301 ἐτέρων
1351 5232 1569 5300 ὁμοίως.

1784 5226 2092 5281 convictum
2124 5229 2375 5293 crimine,
2403 5230 2651 5286 similiter
2678 5240 2734 5286 et
2774 5232 2890 5301 ipse
2934 5232 3164 5286 aliorum
3204 5246 3351 5285 com-

1785 5318 2043 5373 munione
2069 5322 2331 5389 privetur.

250 5400 536 5469 Ἐπιτομὴ
567 5401 845 5454 κανόνων
875 5403 978 5457 τοῦ
998 5404 1171 5471 ἁγίου
1206 5409 1546 5464 Βασιλείου.

1359 5410 1546 5464 λείου.
2134 5408 2316 5462 Sancti
2340 5409 2531 5464 Basilii
2564 5411 2785 5480 epistola
2805 5412 2997 5478 prima.

181 5506 237 5559 α’.
262 5510 578 5572 Λὶοετιχὸς,
618 5511 645 5561 6
683 5510 823 5562 κατὰ
874 5512 974 5580 τὴν
1000 5515 1186 5579 ,πῖστιν
1216 5515 1516 5587 ἁλλότριος’
1555 5523 1583 5573 ὁ
1622 5520 1678 5575 δὲ

1863 5516 1909 5567 l.
1954 5515 2248 5572 Haercticus
2278 5528 2380 5582 est,
2413 5519 2504 5588 qui
2544 5535 2574 5575 a
2626 5521 2732 5575 ﬁde
2782 5522 2992 5576 alienus
3028 5540 3040 5573 :
3092 5522 3182 5589 qui
3224 5538 3352 5575 vero

129 5601 238 5651 κατὰ
276 5618 321 5650 τ;
366 5603 600 5669 ἰάσιμον
646 5601 891 5671 ζήτημα,
939 5606 1313 5674 σχισματικός.
1355 5611 1417 5659 Οἱ
1451 5609 1507 5660 δὲ
1554 5627 1676 5661 συν-

1786 5607 1928 5660 circa
1973 5609 2207 5678 aliquam
2259 5610 2431 5665 levem
2480 5612 2835 5681 quaestionem
2882 5622 3046 5674 errat,
3090 5612 3353 5667 schisma-

130 5689 311 5756 άγοντις
362 5696 745 5747 ἀνυπότακτοι
784 5695 1003 5758 τούτους
1067 5698 1343 5762 ἐκείνους,
1398 5719 1674 5770 παρασυν-

1788 5704 1949 5755 licus.
2001 5686 2379 5759 lnobedientes
2435 5720 2562 5758 vero
2604 5706 2694 5773 qui
2744 5706 2843 5762 hos
2890 5712 3237 5775 congregant,
3283 5705 3349 5759 ab

186 5860 197 5885 ³
234 5861 375 5915 loan.
420 5882 505 5919 vx,
551 5864 609 5914 5.
696 5862 714 5891 ³
801 5862 960 5917 Joan.
994 5879 1031 5917 1.
1063 5866 1114 5917 8.
1196 5869 1215 5897 ⁸
1257 5866 1395 5920 Dan.
1430 5884 1500 5924 Ix.
1534 5871 1583 5919 fl
