4162 6474
765 430 871 493 279

1860 433 2250 495 SYMEONIS
2292 433 2870 494 METAPHRAST/E

3900 432 4017 494 280

760 549 1020 609 solutam,
1049 544 1433 612 corripiendus
1466 545 1684 614 quidem
1713 554 1797 599 est
1825 554 2045 614 propter
2069 546 2336 614 primam:

2445 542 2630 613 θέραν,
2681 542 3032 613 ἑπιτιμητέος
3066 539 3167 610 μιν
3209 542 3298 597 διὰ
3324 542 3424 616 τὴν
3455 540 3697 614 πρώτην’
3740 543 3832 596 ἰπὶ
3865 545 3921 598 δδ
3953 549 4025 615 τῇ

760 647 981 706 propter
1000 635 1294 690 secundam
1333 651 1482 700 vero,
1513 636 1742 690 crimine
1762 644 1936 689 vacat.

830 731 920 782 20.
968 729 1100 791 Quae
1153 736 1344 781 contra
1393 726 1727 781 voluntatem
1776 729 1944 794 patris
1992 735 2178 781 secuta
2227 733 2330 791 est,

759 833 997 874 scortum
1028 830 1324 873 censetur:
1357 820 1400 873 si
1428 834 1558 872 vero
1577 830 1828 887 parentes
1859 819 2191 873 reconciliati
2225 818 2334 874 fue-

760 915 888 972 rint,
910 912 1219 980 factumque
1252 912 1552 965 remedium
1577 911 1825 978 accipere
1855 910 2120 975 videatur,
2151 919 2331 966 tamen

759 1005 998 1057 triennio
1021 1003 1355 1071 pcenitentiae
1381 1004 1680 1070 subjaceat.

829 1097 918 1150 2|.
949 1097 1078 1160 Qurc
1111 1111 1234 1149 cum
1265 1098 1511 1150 adultero
1543 1097 1694 1155 vivit.
1729 1097 2055 1150 moechatur.

831 1192 918 1243 22.
954 1191 1160 1243 Ancilla
1183 1207 1300 1257 qua:
1317 1206 1375 1243 se
1398 1191 1514 1242 viro
1535 1189 1838 1252 tradiderit,
1864 1189 2162 1243 fornicatur
2183 1205 2198 1254 ;
2218 1203 2332 1242 ma-

762 1281 1018 1335 trimonio
1044 1298 1173 1335 vero
1209 1282 1474 1351 jungitur.
1510 1295 1631 1348 quin
1666 1295 1788 1334 cum
1830 1280 2034 1334 domini
2062 1295 2334 1334 consensu

763 1375 813 1426 i:l
848 1373 992 1426 facit.
1024 1372 1156 1436 Quae
1192 1374 1335 1424 enim
1374 1371 1511 1425 fiunt
1535 1372 1608 1424 ab
1637 1371 1702 1424 iis
1733 1372 1824 1441 qui
1852 1372 2040 1426 aliena:
2082 1371 2334 1438 potestati

761 1461 966 1514 subditi
1001 1467 1148 1516 sunt.
1182 1457 1439 1513 invalida.

831 1552 920 1604 :25.
951 1550 1122 1603 Vidua
1149 1566 1268 1618 qua!
1299 1548 1472 1602 virum
1496 1549 1714 1618 accipii,
1748 1548 1993 1604 criminis
2015 1563 2210 1618 expers
2231 1561 2333 1604 est.

832 1642 924 1694 2i.
958 1641 1122 1694 Filius
1145 1642 1314 1706 patris
1338 1640 1588 1708 potestati
1621 1639 1890 1702 subditus,
1917 1650 1972 1694 et
1991 1656 2185 1694 servus
2201 1640 2337 1696 citra

761 1733 1105 1785 dominorum
1139 1747 1489 1798 consensum,
1531 1731 1941 1786 matrimonium
1980 1732 2336 1798 contrahens,

763 1830 934 1890 cuiptu
959 1824 1177 1879 obnoxii
1204 1833 1350 1879 sunt.

833 1918 919 1969 25.
949 1920 1050 1978 Qui
1087 1915 1417 1984 percusserit
1446 1917 1512 1970 ad
1537 1928 1786 1984 mortem,
1807 1924 1919 1972 tum
1951 1918 2188 1981 lacessit,
2223 1927 2335 1972 tum

764 2009 854 2076 qui
887 2010 1183 2065 ulciscitur.
1212 2010 1503 2064 homicida.

837 2102 919 2152 ἐϋ.
952 2100 1258 2156 Diaconissa
1299 2117 1424 2155 cum
1453 2101 1638 2171 gentili
1663 2100 1944 2158 fornicata.
1979 2118 2041 2155 ac
2072 2101 2338 2170 paeniten-

768 2196 836 2246 tia
877 2195 1060 2256 ducta,
1093 2195 1378 2260 septennio
1405 2193 1738 2260 paenitentiae
1765 2193 2105 2262 subjiciatur.

832 2288 921 2338 εν.
969 2284 1310 2337 tlliristianus
1357 2283 1685 2338 contumelia
1745 2284 2029 2340 Christum
2075 2284 2336 2350 alliciens,

766 2375 969 2428 nullum
1003 2375 1240 2426 fructum
1272 2390 1334 2428 ex
1375 2375 1658 2428 vocatione
1685 2389 1780 2428 sua
1815 2375 2101 2444 percipiat.

837 2468 918 2519 23.
949 2466 1140 2534 Nupsit
1163 2466 1408 2533 quaedam
1435 2481 1530 2534 per
1550 2465 1906 2535 ignorantiam
1931 2467 2048 2520 viro
2067 2467 2292 2522 dimisso
2318 2483 2334 2520 :

767 2560 961 2613 deinde
993 2559 1159 2626 priori
1184 2559 1299 2625 ipse
1333 2559 1613 2613 restitutus
1631 2567 1736 2623 est,
1768 2559 1885 2628 ipsa
1917 2574 2046 2613 vero
2066 2559 2285 2614 dimissa
2320 2574 2335 2612 :

769 2661 1007 2703 scortum
1041 2658 1322 2717 reputatur
1349 2663 1442 2717 per
1471 2647 1851 2716 ignorantiam,
1887 2663 1951 2702 ac
1988 2649 2032 2703 si
2063 2649 2213 2714 velit,
2245 2665 2340 2704 nu-

770 2749 896 2794 bere
932 2749 1139 2807 potest:
1173 2739 1368 2793 melius
1398 2754 1548 2802 vero,
1589 2740 1634 2792 si
1662 2753 1772 2793 non
1802 2739 1992 2794 nubat.

838 2833 928 2887 Q9.
959 2831 1285 2893 Encratitas,
1314 2831 1676 2900 sarcOphoros
1701 2842 1864 2900 atque
1896 2831 2220 2900 apotactitas
2249 2831 2338 2886 de-

769 2940 879 2977 nuo
919 2922 1237 2990 baptizabis.
1270 2922 1529 2987 Quamvis
1552 2923 1700 2976 enim
1723 2923 1904 2977 dicant
1929 2939 1986 2976 se
2017 2925 2072 2977 in
2103 2925 2336 2988 Patrem,

769 3024 825 3067 et
873 3015 1090 3074 Filium,
1137 3020 1194 3066 et
1240 3013 1501 3081 Spiritum
1556 3025 1804 3067 sanctum
1845 3029 1968 3068 esse
2017 3014 2337 3083 baptizatos,

768 3117 1146 3159 verumtamen
1193 3103 1448 3172 quoniam
1507 3104 1772 3158 malorum
1828 3114 2105 3161 auctorem
2171 3108 2338 3159 Deum

2437 635 2588 689 δευτέ
2595 653 2686 706 ρα.
2718 637 3028 697 ἀνεύθυνος.

2511 727 2579 780 κ’.
2625 729 2781 799 Παρὰ
2817 727 3042 799 γνώμην
3073 729 3279 802 πατρὸς
3309 733 3342 801 ή
3368 727 3802 798 ἀκολουθήσασα,
3842 729 4022 799 πόρνη

2436 821 2721 891 κρίνεται·
2767 824 2814 874 εί
2859 822 2916 874 δὲ
2969 823 3065 876 καὶ
3107 824 3155 875 οἱ
3209 824 3385 890 γονεῖς
3429 821 3789 887 διαλλαγείεν,
3833 819 4024 874 καὶτὸ

2436 914 2659 982 γεγονὸς
2703 914 3002 986 θεραπείαν
3033 915 3177 985 ἔχειν
3205 915 3370 980 δοκεῖ,
3425 916 3576 985 ὅμως
3603 915 3843 986 τριετίαν
3882 914 4023 967 ὕπο-

2439 1005 2709 1062 πιπτέτω.

2508 1093 2614 1152 κα’.
2659 1094 2724 1149 Ἦ
2757 1095 2975 1159 συζῶσα
3009 1095 3207 1166 μοιχῷ,
3231 1095 3655 1164 διαμοιχεύεται.

2510 1185 2614 1255 κβ’.
2693 1188 2924 1260 Ἐαυτὴν
2974 1189 3130 1258 ἀνδρὶ
3180 1190 3440 1243 ἐπιδοῦσα
3495 1190 3680 1259 δούλη,
3732 1189 4018 1259 πορνεύειο

2439 1279 2768 1334 συνάπτεται
2790 1282 2846 1334 δὲ
2875 1283 2908 1351 ή
2938 1280 3075 1349 μετά
3094 1284 3322 1352 γνώμης
3349 1281 3628 1335 δεσπότου.
3663 1283 3744 1334 Τὰ
3773 1283 3880 1355 γὰρ
3903 1285 4022 1336 τῶν

2441 1368 2795 1434 ὑπεξουσίων.
2827 1372 3080 1426 ἀϐέϐαια.

2517 1560 2624 1618 κγ’.
2679 1550 3041 1619 ’Λνέγκλητος
3070 1552 3103 1621 ή
3134 1550 3276 1621 χήρα
3305 1550 3659 1620 λαμϐάνουσα
3688 1551 3874 1618 ἀνδρα.

2511 1643 2607 1695 κδ’.
2666 1644 2725 1692 ’0
2783 1642 3098 1707 ὑπεξούσιος
3165 1643 3298 1707 υἱὸς,
3353 1643 3445 1696 καὶ
3488 1641 3693 1707 δοῦλος,
3741 1643 3861 1712 δίχα
3905 1643 4024 1697 τῶν

2441 1733 2645 1803 κυρίων
2678 1732 3052 1804 ζευγνύμενοι,
3077 1733 3177 1786 οὐκ
3202 1733 3505 1787 ἀνεύθυνοι.

2513 1911 2610 1967 κε’.
2665 1913 2724 1966 '0
2751 1912 2958 1983 πλήξας
2983 1910 3121 1983 πρὸς
3150 1910 3402 1976 θάνατον,
3440 1909 3535 1963 καὶ
3558 1909 3884 1981 ἀρχόμενος.
3923 1912 4025 1964 καὶ

2439 2006 2799 2075 ἀμυνόμενος,
2832 2006 3174 2075 ἀνδροφόνος.

2510 2096 2624 2162 κς’.
2687 2099 2940 2159 Διάκονος
3006 2096 3226 2166 Ἕλληνι
3276 2097 3634 2167 πορνευθεῖσα
3691 2095 3782 2148 καὶ
3849 2111 4027 2164 μετα-

2440 2189 2664 2260 γνοῦσα.
2694 2192 2985 2243 ἑπταετίαν
3011 2188 3383 2242 ὑποπιπτέτω.

2510 2281 2612 2346 κζ’.
2667 2282 2938 2347 ’Υϐρίζων
2986 2282 3310 2349 Χριστιανὸς
3345 2280 3436 2334 τὸν
3478 2278 3747 2344 Χριστὲν,
3786 2278 3890 2331 ἀπὸ
3918 2279 4029 2348 τῆς

2441 2371 2686 2441 κλήσεως
2723 2371 3098 2437 ἀνωφέλητος.

2510 2471 2614 2532 κη’.
2673 2463 2947 2532 Ἐγήματό
2974 2479 3057 2523 τις
3111 2461 3266 2531 ἀνδρὶ
3299 2461 3439 2515 κατά
3470 2463 3693 2529 ἄγνοιαν
3729 2462 4023 2531 ἀφεμένω,

2439 2549 2557 2606 εἶτα
2605 2554 2673 2622 τῇ
2724 2554 2967 2622 προτέρα
3011 2555 3320 2621 ἀνέφηνεν,
3375 2555 3408 2622 ή
3453 2552 3498 2605 δ’
3543 2552 3744 2622 ἀφείθη
3779 2571 3794 2586 ο
3842 2551 4027 2622 πόρνη

2439 2642 2714 2710 λογίζεται
2764 2643 2906 2694 κατά
2952 2641 3212 2704 ἀγνοιαν,
3258 2642 3351 2693 καὶ
3398 2643 3447 2694 εί
3499 2640 3644 2694 θέλει
3697 2638 4025 2707 ζεύγνυται·

2439 2734 2739 2788 κάλλιον-δὲ
2767 2735 2812 2786 εί
2842 2734 2914 2802 μὴ
2951 2733 3262 2800 ζεύγνυται.

2512 2826 2618 2882 κθ’.
2656 2825 3040 2896 Ἐγκρατίτας,
3077 2826 3172 2878 καὶ
3201 2824 3605 2895 Σαρκοφόρους,
3644 2825 3738 2877 καὶ
3775 2823 4022 2890 ’Λπρταο

2440 2919 2629 2980 κτίτας
2656 2958 2670 2982 ,
2721 2919 3138 2980 ἀναϐαπτίσεις.
3183 2917 3243 2969 Εί
3288 2920 3397 2986 γὰρ
3437 2919 3532 2970 καὶ
3577 2916 3785 2986 λέγοιεν
3823 2918 3906 2970 ὅτι
3941 2921 4030 2980 είς

2442 3012 2792 3081 Πατέρα,κα“ι
2822 3013 2972 3075 ΥΞὸν,
2999 3011 3090 3064 καὶ
3121 3013 3272 3076 ἀγιον
3298 3011 3520 3080 Πνεῦμα
3551 3011 3874 3083 ἐϐαπτίσθη,
3903 3011 4030 3064 ἀλλ’

2439 3104 2564 3155 ἐπεὶ
2619 3103 2804 3156 κακῶν
2843 3103 3074 3173 ποιητὴν
3125 3102 3217 3155 τὸν
3258 3104 3390 3155 θεὸν
3436 3103 3816 3172 βλασφημοῦσι
3878 3103 4031 3157 κατὰ

768 3199 936 3256 impie
979 3205 1234 3251 asserunt
1256 3195 1416 3264 juxta
1451 3197 1801 3260 Marcionem,
1834 3197 1937 3252 nisi
1967 3198 2147 3260 denuo
2164 3199 2338 3269 bapti-

2447 3194 2765 3265 Μαρκίωνα,
2802 3195 2875 3264 μὴ
2901 3194 3398 3265 ἀναϐαπτιζόμενοι
3427 3195 3662 3252 ἀδεκτοι.

769 3301 984 3351 zentur,
1027 3306 1134 3344 non
1159 3298 1285 3343 sunt
1317 3289 1638 3358 recipiendi.

841 3383 928 3436 30.
965 3382 1094 3449 Quae
1126 3399 1154 3436 a
1179 3384 1293 3436 viro
1322 3382 1545 3436 dimissa
1580 3389 1683 3446 est,
1714 3381 1794 3438 sic
1833 3393 2086 3448 maneat;
2119 3385 2165 3440 si
2194 3385 2341 3438 enim

769 3477 1094 3538 mmelietur,
1126 3476 1276 3544 juxta
1311 3473 1522 3528 Domini
1557 3490 1889 3541 sermonem,
1930 3475 2068 3530 alius
2097 3491 2344 3531 commu-

771 3571 936 3624 nione
962 3569 1288 3621 excluditur.

843 3659 929 3712 51.
975 3657 1264 3726 Corruptio
1304 3669 1400 3724 per
1443 3655 1550 3709 vim
1577 3653 1833 3719 admissa,
1871 3653 2100 3709 crimine
2137 3662 2293 3709 vacat
2326 3673 2339 3709 :

772 3760 945 3817 atque
971 3750 1165 3802 ancilla
1197 3748 1240 3801 si
1278 3748 1383 3802 vim
1415 3747 1648 3815 patiatur
1680 3763 1710 3802 a
1740 3748 1984 3810 domino,
2018 3747 2208 3802 insons
2235 3755 2340 3802 est.

840 3847 928 3898 52.
962 3845 1062 3909 Qui
1119 3845 1337 3898 tertium
1368 3843 1774 3897 matrimonium
1809 3842 2101 3903 contrahit.
2153 3852 2341 3898 contra

774 3938 922 4005 leges
968 3947 1178 4007 peccat.
1221 3936 1389 3990 Prout
1435 3945 1618 3989 autem
1667 3933 1919 3989 Ecclesia:
1961 3950 2048 3988 res
2089 3950 2234 3990 nunc
2285 3950 2344 3990 se

776 4032 1001 4091 habent,
1051 4028 1314 4094 ejusmodi
1368 4026 1630 4089 facinora,
1681 4027 1726 4080 si
1760 4042 1870 4080 non
1912 4027 2125 4095 publice
2159 4028 2344 4082 tradu-

775 4137 990 4185 cantur,
1019 4119 1280 4174 dissoluta
1314 4117 1674 4172 fornicatione
1707 4118 2064 4173 tolerabiliora
2091 4119 2344 4189 judican-

779 4219 887 4263 ιω..
1202 4277 1452 4346 Ejusdem
1483 4277 1704 4346 epistola
1738 4281 1914 4333 tertia.

853 4391 901 4443 1.
939 4388 1135 4443 Clerici
1169 4389 1260 4458 qui
1297 4390 1350 4443 in
1382 4390 1638 4444 delictum
1673 4390 1942 4456 incidunt,
1969 4391 2225 4462 gradibus
2244 4392 2344 4449 de-

772 4483 1058 4548 ﬁciuntur,
1089 4483 1202 4536 sive
1239 4482 1569 4547 ministrent,
1593 4482 1705 4538 sive
1735 4483 1967 4538 ordinati
2001 4483 2128 4540 sint.

2513 3379 2579 3434 λ’.
2635 3378 2696 3431 Ἢ
2742 3378 2873 3448 παρ’
2914 3379 3106 3443 ἀνδρὸς
3146 3380 3433 3447 ἀφεθεῖσα,
3483 3379 3689 3446 μενέτω
3723 3380 3934 3445 οὕτως’
3977 3385 4032 3435 εί

2445 3469 2553 3538 γὰρ
2589 3471 2839 3540 μοιχᾶται
2875 3470 3014 3524 κατᾶ
3043 3470 3133 3524 τὸν
3166 3473 3257 3526 τοῦ
3283 3473 3489 3544 Κυρίου
3544 3474 3722 3540 λόγον,
3748 3473 3848 3544 τῆς
3887 3475 4033 3545 πρὸς

2453 3562 2640 3629 ἕτερον
2665 3563 2900 3615 κλείεται
2933 3565 3238 3626 κοινωνίας.

2514 3654 2615 3709 λα’.
2656 3654 2836 3724 Φθορά
2869 3657 3367 3728 κατηναγκασμένη
3407 3657 3719 3723 ἀνεύθυνος·
3744 3659 3840 3713 καὶ⁵
3858 3660 4033 3731 δούλη

2449 3741 2746 3812 βιαζομένη
2786 3745 2936 3809 παρά
2960 3743 3245 3809 δεσπότου,
3279 3744 3593 3809 ἀνεύθυνος.

2517 3831 2618 3902 λβ’.
2672 3832 2730 3885 '0
2759 3831 3023 3904 τρίγαμος
3049 3834 3270 3898 ἄνομος·
3291 3838 3366 3900 ὡς
3395 3837 3452 3890 δὲ
3491 3837 3633 3910 ῥέπῃ
3663 3838 3760 3909 τῆς
3792 3838 4038 3910 Ἐκκληο

2448 3923 2571 3987 σίας
2615 3921 2684 3976 τὰ
2717 3923 2942 3976 τοιαῦτα
2992 3924 3324 3995 βλεπόμενα,
3362 3928 3748 3998 ἀστηλίτευτα,
3784 3931 4034 4002 κρείττω

2445 4014 2547 4085 τῆς
2577 4016 2868 4088 ἀνειμένης
2899 4016 3156 4088 πορνείας
3188 4019 3506 4090 κρινόμενα.

2791 4282 2912 4338 Τοῦ
2942 4283 3128 4338 αὐτοῦ
3164 4283 3459 4355 ἐπιστολὴ
3483 4288 3668 4356 τρίτη.

2512 4397 2582 4454 α’.
2643 4399 2704 4452 Οί
2765 4396 3019 4470 κληρικοὶ
3076 4398 3557 4469 παραπίπτοντες,
3618 4400 3728 4455 τῶν
3790 4401 4035 4473 βαθμῶν

2445 4489 2887 4556 ἀποπίπτουσιν,
2949 4490 3059 4543 είτε
3132 4489 3481 4560 ὑπηρετῶσιν
3543 4489 3654 4546 εἴτε
3711 4497 4027 4564 κεχειροτό-

2299 4610 2302 4613 -
2367 4575 2422 4635 Β
2446 4597 2660 4651 νηνται.

845 4661 899 4711 ‘2.
927 4659 1056 4723 Quae
1115 4657 1285 4713 fetum
1317 4658 1636 4729 neglexerit,
1671 4671 1957 4730 propterea
1980 4661 2122 4730 quod
2153 4663 2345 4720 amicis

776 4753 1046 4816 rei-usque
1071 4752 1138 4805 ad
1171 4751 1334 4806 vitam
1360 4753 1684 4807 necessariis
1706 4752 1961 4808 destituta
1986 4755 2076 4819 sit,
2101 4755 2346 4810 criminis

778 4858 974 4906 exposs
1002 4851 1104 4897 est.

848 4935 898 4984 3.
936 4934 1054 4986 Non
1107 4947 1357 5001 magnum
1389 4934 1593 4988 crimen
1630 4944 1711 4988 est
1739 4935 1948 4990 ancilla:
1986 4935 2183 5001 viduae.
2209 4940 2252 4992 si
2277 4941 2344 4995 ad

777 5027 1043 5079 secundas
1073 5027 1289 5096 nuptias
1333 5026 1574 5095 rapiatur
1608 5046 1622 5083 :
1656 5028 1904 5099 bigamiae
1955 5044 2083 5083 vero
2127 5045 2342 5098 poenam

777 5119 1006 5174 subibit.

846 5213 898 5264 4.
959 5211 1358 5267 Homicidarum
1406 5229 1602 5278 prensa,
1669 5228 1767 5284 pro
1811 5215 2339 5272 circumstantiarum

777 5305 1005 5370 ratione,
1041 5317 1307 5375 augentur
1329 5315 1422 5359 aut
1461 5307 1803 5361 minuuntur.

848 5484 897 5534 5.
923 5483 1272 5537 Voltmtarius
1297 5482 1564 5538 homicida
1592 5481 1774 5554 viginti
1804 5499 1978 5539 annos
2005 5486 2340 5556 pmnitentize

777 5575 1117 5643 subiiciatur.

846 5667 896 5720 6.
937 5667 1339 5722 lnmluntarius
1366 5667 1552 5722 decem
1579 5684 1771 5724 annos.

848 5759 896 5812 7.
932 5758 1172 5813 “melius
1200 5758 1506 5828 quindecim
1537 5775 1725 5815 annos.

847 5853 895 5901 δ.
937 5849 1254 5904 Fornicator
1285 5851 1650 5920 septennium.

2520 4673 2586 4743 β’.
2633 4672 2697 4726 Ἠ
2731 4672 3062 4744 ἀμελήσασα
3115 4671 3210 4725 τοῦ
3269 4673 3552 4742 κυήματος
3601 4673 3670 4728 δι’
3719 4676 3965 4746 ἐρημίαν
4000 4679 4034 4748 ἦ

2446 4764 2680 4834 ἀπορίαν
2701 4763 2809 4816 τῶν
2842 4763 3186 4833 ἐπιτηδείων,
3227 4763 3538 4828 ἀνεύθυνος.

2516 4939 2586 5010 γ’.
2628 4940 2704 4992 Ού
2738 4938 2883 5009 μέγα
2917 4939 3166 5008 πταῖσμα
3191 4940 3258 5009 τῇ
3287 4939 3433 5009 χήρᾳ
3478 4937 3643 5011 δούλῃ
3673 4939 3810 5010 πρὸς
3837 4939 4032 4997 δεῦτε-

2447 5048 2540 5102 ρον
2568 5030 2747 5099 γάμον
2774 5029 3131 5102 ἀρπαζομὲνῃ
3150 5048 3166 5063 ο
3216 5030 3279 5083 τὸ
3306 5030 3364 5082 δὲ
3398 5032 3496 5100 τῆς
3525 5031 3790 5101 διγαμίας
3840 5036 4038 5089 ὲπιτξ-

2447 5141 2571 5194 μιον
2593 5123 2729 5188 ἕξει.

2512 5215 2573 5271 δ’.
2617 5216 2739 5270 Τῶν
2763 5216 3048 5287 φονώντων
3092 5215 3204 5290 [ισ.
3243 5216 3602 5290 φονευόντων]
3624 5217 3694 5270 τὰ
3740 5217 4030 5288 ἐπιτίμια,

2443 5309 2586 5363 κατά
2636 5309 2700 5363 τὸ
2757 5309 2954 5381 ἰδίωμα
3007 5309 3110 5379 τῆς
3161 5311 3538 5380 περιστάσεως
3573 5309 3948 5386 ἐπιτείνεται,
3997 5311 4030 5378 ἦ

2443 5405 2682 5474 ὑφίεται.

2514 5499 2596 5546 ε’.·
2621 5493 2678 5547 '0
2705 5494 2950 5558 ἑκούσιος
2967 5494 3256 5565 φονευτὴς,
3275 5492 3622 5550 είκοσαιτίαν
3634 5489 4030 5548 ὑποπιπτέτω.

2514 5678 2587 5738 ς’.
2635 5672 2694 5726 '0
2721 5672 2973 5736 ἀκούσιος
3001 5669 3310 5726 δεκαετίαν.

2517 5763 2581 5826 ζ’.
2625 5765 2681 5816 '0
2717 5763 2918 5834 μοιχὸς,
2949 5762 3514 5819 πεντεκαιδεκαιτίαν.

2516 5852 2585 5922 η’,
2633 5854 2690 5906 Ὀ
2717 5854 2931 5925 πόρνος,
2965 5853 3275 5910 ἱπταξτίαν.
