4162 6474
785 408 897 469 983

1875 406 2257 466 SYMEONIS
2297 408 2607 469 METAPH
2618 408 2875 481 RAST/E

3910 401 4012 464 981.

781 532 1000 575 centum
1063 521 1341 590 sexaginta
1397 520 1639 590 quinque
1689 518 1994 575 .luStiniano
2055 522 2355 590 imperante

2480 522 2853 577 Ἰουστινιανοῦ
2879 518 2974 575 τοῦ
3005 519 3243 591 μεγάλου
3290 516 3709 588 συνεληλύθασιν
3731 533 3745 548 ο
3795 517 3845 570 οἳ
3877 518 4015 588 ὨρΓ

780 624 1175 675 convenerunt,
1217 612 1308 681 qui
1348 612 1635 680 Origenem
1676 628 1963 681 corporum
2017 613 2346 666 animarum-

781 720 885 775 que
913 704 1172 757 circuitus
1200 705 1576 766 allirmantem,
1609 719 1821 757 necnon
1848 706 2011 758 etiam
2042 704 2346 758 Theodori-

785 810 893 851 tmn
929 805 1115 849 conlra
1141 796 1424 849 duodecim
1464 795 1639 865 Cyrilli
1674 797 1846 865 capita
1878 799 2135 851 audacter
2163 798 2347 853 invec-

783 900 918 949 tum,
945 890 1289 941 anathemate
1313 887 1683 957 perculerunt.
1723 888 1961 959 Byzantii
1988 905 2016 941 a
2044 890 2347 944 Constanti-

781 996 853 1033 no
882 989 1067 1033 coacta
1114 991 1200 1033 est
1246 980 1501 1049 synodus,
1543 996 1662 1049 qua
1710 981 2003 1036 llonorium
2043 982 2246 1043 Roma},
2278 998 2343 1036 ac

786 1072 1030 1139 Sergium
1070 1071 1591 1141 Constantinopolis.
1635 1075 1922 1143 episcopos
1954 1090 2115 1128 unam
2150 1076 2344 1130 volun-

754 1167 951 1217 ‘Iatem
1004 1179 1273 1232 unamque
1315 1167 1684 1234 operationem
1737 1167 2078 1238 dogmatibus
2110 1168 2225 1224 suis
2250 1169 2345 1223 do-

783 1267 969 1307 centes
998 1255 1182 1323 ejecit.

850 1347 905 1399 Ξ.
971 1345 1102 1412 Quae
1171 1346 1548 1419 apostolorum
1617 1349 1991 1405 sanctionibus
2057 1350 2351 1408 Clementis

783 1453 945 1506 opera
976 1440 1159 1503 editis,
1191 1439 1376 1492 furtim
1403 1440 1470 1495 ab
1495 1440 1764 1495 haereticis
1788 1444 1988 1498 inserta
2009 1455 2157 1512 sunt,
2190 1461 2350 1515 repu-

784 1531 999 1583 dianda.

848 1622 902 1675 5.
944 1618 1263 1676 Sacerdotes
1294 1622 1489 1691 bigami
1517 1632 1679 1693 atque
1733 1624 2140 1693 impcenitentes
2183 1628 2351 1697 gradu

782 1712 913 1765 moti
941 1722 1066 1766 sunt
1094 1730 1106 1765 :
1130 1714 1222 1782 qui
1264 1728 1392 1767 vero
1414 1714 1614 1767 malum
1638 1731 1667 1768 a
1700 1730 1759 1769 se
1789 1726 2159 1782 removerunt,
2199 1735 2353 1775 sacro

784 1818 1008 1856 munere
1077 1820 1247 1873 usque
1317 1805 1383 1858 ad
1443 1814 1652 1860 certum
1711 1816 1924 1876 tempus
1980 1810 2352 1868 abstinebunt.

2453 614 2618 683 γένην
2647 612 2915 681 σωμάτων
2945 611 3040 664 καὶ
3058 610 3247 681 ψυχῶν
3270 610 3552 679 περιόδους
3577 609 4013 679 ἀποφηνάμενον,

2452 706 2545 757 καὶ
2575 705 2920 773 Θεοδώρητον
2979 704 3119 756 κατὰ
3148 702 3255 754 τῶν
3286 701 3493 755 δώδεκα
3544 701 3853 767 κεφαλαίων
3885 702 4017 771 θρα-

2455 796 2717 848 συνθέντα
2753 794 3023 864 Κυρίλλου
3058 794 3485 862 ἀνεθεμάτισαν.
3532 793 3657 845 Ἐπὶ
3692 793 3789 862 τὴν
3818 793 4019 855 Βτᾲζαν-

2451 904 2543 940 τον
2574 887 2679 939 ὑπὸ
2711 887 3120 939 Κωνσταντίνου
3151 887 3247 939 τοῦ
3285 889 3623 955 ΙΙωγωνάτου
3680 886 4021 938 συνείλεκται

2455 980 2692 1041 σύνοδος,
2751 980 2785 1047 ἢ
2830 978 3083 1047 Ὀνώριον
3133 980 3225 1031 τὸν
3265 979 3506 1050 Ῥώμης,
3555 980 3649 1033 καὶ
3675 978 3897 1047 Σέργιον
3930 977 4022 1027 τὸν

2452 1070 2549 1138 τῆς
2604 1070 3034 1131 Κωνσταντὶνου,
3070 1068 3129 1121 ἓν
3181 1069 3396 1141 θέλημα
3422 1072 3516 1125 καὶ
3564 1069 3691 1139 μίαν
3743 1070 4025 1138 ἐνέργειαν

2454 1160 2884 1231 δογματίσαντας
2925 1161 3325 1231 ἀποόἐόληκεν.

2527 1362 2593 1431 β’.
2639 1361 2722 1414 Τὰ
2757 1362 2908 1432 παρὰ
2948 1362 3056 1414 τῶν
3090 1362 3419 1433 ἑτεροδόξων
3475 1361 3817 1432 κλοπιμαίως
3856 1362 4032 1429 ἐμϐε-

2454 1450 2721 1521 6λημένα,
2750 1455 2869 1516 ταῖς
2904 1453 3219 1523 Κλήμεντος
3240 1453 3348 1507 τῶν
3372 1454 3688 1507 ἀποστόλων
3717 1452 4034 1517 διατὰξεσιν

2453 1544 2633 1614 ἀποκή
2643 1560 2836 1613 ρυκτα.

2524 1641 2596 1702 γ’.
2645 1636 2831 1705 Ὶερεῖς
2859 1635 3078 1705 δίγαμοι
3102 1639 3195 1689 καὶ
3238 1635 3708 1708 ἀμεταμελέτητοι
3749 1635 4043 1705 καθῄρην-

2451 1741 2565 1778 ται.
2612 1726 2675 1778 Οἱ
2700 1726 2758 1778 δὲ
2801 1726 2861 1778 τὸ
2904 1727 3075 1778 κακὸν
3104 1727 3503 1791 ἀπελάσαντες,
3548 1727 3650 1796 τῆς
3688 1724 4046 1795 λειτουργίας

2456 1817 2548 1870 ἐπὶ
2616 1817 2778 1889 ῥητὸν
2840 1817 3137 1871 παύσονται
3179 1820 3391 1889 χρόνονο
3427 1820 3527 1871 οὐκ
3582 1817 3798 1885 εὐλογεῖ
3852 1818 3965 1885 γὰρ
4010 1816 4049 1867 ὀ

782 1893 967 1961 Neque
1016 1894 1160 1948 enim
1210 1896 1481 1950 benedicit
1536 1900 1871 1965 vulneratus,
1921 1910 1976 1955 et
2016 1902 2109 1971 qui
2163 1914 2354 1960 contra

2480 1884 2821 1979 τραυματίας,
2848 1914 2941 1963 καὶ
2970 1912 3019 1964 οἱ
3044 1884 3377 1982 παρανόμως
3401 1913 3775 1982 γαμήσαντες.

785 1989 928 2055 leges
960 1988 1365 2042 matrimonium
1398 1999 1813 2045 contraxerunt.

852 2079 903 2131 4.
964 2079 1027 2132 Et
1072 2081 1162 2147 qui
1209 2090 1333 2149 post
1368 2080 1691 2134 vidultatein
1738 2084 2052 2154 conjugium
2087 2086 2352 2155 inierunt,

784 2179 904 2236 post
936 2180 1144 2224 certum
1188 2180 1400 2239 tempus
1429 2173 1686 2241 gradibus
1709 2174 1821 2226 suis
1849 2175 2226 2239 restituantur,
2283 2178 2356 2232 ita

786 2272 984 2323 tamen,
1034 2273 1093 2316 ut
1136 2265 1200 2317 ad
1234 2264 1453 2318 altiores
1484 2280 1593 2318 non
1625 2277 2065 2333 promoveantur,
2101 2269 2357 2341 conjugio

784 2354 994 2406 scilicet
1047 2354 1292 2409 dimisso.
1357 2355 1457 2421 Qui
1520 2373 1647 2411 vero
1700 2358 1862 2411 etiam
1904 2368 2026 2427 post
2074 2360 2357 2415 deﬁnitum

786 2454 1018 2514 tempus.
1043 2447 1288 2502 dissoluti
1314 2459 1368 2502 et
1399 2450 1629 2517 depositi
1665 2463 1939 2506 maneant.

856 2536 909 2589 5,
970 2538 1213 2592 Clericus
1274 2555 1397 2594 cum
1468 2540 1678 2596 Domini
1745 2559 1942 2612 sponsa
2012 2546 2359 2603 matrimonio

785 2631 1113 2699 copulatus,
1172 2632 1519 2703 deponatur:
1585 2635 1754 2689 laicus
1813 2653 1943 2692 vero
1986 2639 2361 2695 excommuni-

786 2736 962 2777 C(‘llll’.

855 2816 908 2871 6.
942 2816 1236 2872 Eunuchus
1259 2819 1511 2873 sacerdos
1537 2818 1760 2874 ancillas
1788 2830 1880 2875 aut
1925 2820 2080 2884 alias,
2121 2821 2364 2893 exceptis

786 2916 1032 2982 personis
1060 2930 1179 2983 quae
1210 2916 1519 2985 suspicione
1550 2927 1759 2976 vacant.
1804 2933 1871 2971 ne
1900 2917 2117 2973 habeat.

862 3012 910 3063 7.
961 3010 1281 3072 Ordinatus,
1340 3010 1385 3063 si
1436 3010 1785 3065 matrimonio
1840 3012 2065 3079 junctus
2108 3013 2213 3078 sit,
2262 3015 2361 3070 de-

791 3103 1032 3170 ponitur.

859 3194 909 3243 8.
948 3192 1215 3245 lliaconus
1241 3194 1401 3247 etiam
1437 3193 1673 3248 officium
1707 3196 1932 3262 habens,
1988 3198 2092 3251 nisi
2127 3198 2363 3253 vicarius

791 3284 861 3334 sit
915 3284 1237 3349 patriarcha:
1296 3296 1389 3338 aut
1442 3288 1707 3355 episcopi,
1761 3288 1806 3341 si
1855 3298 1982 3343 ante
2016 3290 2364 3361 presbyteros

789 3377 994 3435 Sedeat.
1028 3378 1097 3431 sit
1129 3380 1373 3431 omnium
1403 3389 1729 3447 postremus.

859 3470 912 3522 9.
954 3470 1163 3539 lngrcdi
1201 3487 1498 3539 cauponam
1526 3474 1832 3540 prohibitus
1861 3484 1944 3529 est
1970 3476 2360 3541 clericus,ma-

793 3562 873 3628 gis
901 3563 1058 3614 etiam
1087 3562 1285 3616 habere
1317 3565 1711 3632 prohibebitur.

864 3655 951 3707 10.
992 3656 1188 3724 Azyma
1217 3656 1526 3710 Judreorum
1557 3660 1896 3727 respuenda:
1930 3661 2020 3730 qui
2051 3676 2184 3753 verq
2200 3663 2365 3717 etiam

796 3744 1036 3800 medicos
1088 3746 1234 3815 ipsos
1281 3748 1347 3802 ad
1389 3763 1447 3803 se
1500 3760 1676 3813 vocat,
1736 3762 1824 3805 aut
1866 3768 1990 3806 cum
2026 3754 2091 3807 iis
2136 3744 2365 3821 lavatur,

795 3836 1098 3903 ejiciendus
1120 3851 1220 3893 est.

866 3928 954 3982 11.
996 3929 1060 3984 Et
1086 3932 1127 3984 si
1159 3932 1360 3985 dictum
1405 3934 1473 3987 sit
1504 3949 1611 3986 non
1635 3950 1753 3988 esse
1775 3936 2095 4003 ejiciendam
2120 3954 2364 4004 uxorem,

798 4028 976 4073 tamen
1035 4022 1298 4088 profcctui
1358 4024 1409 4075 in
1458 4027 1652 4077 melius
1690 4028 2101 4096 prospicientes,
2152 4031 2367 4097 praesidi

796 4113 887 4179 qui
935 4113 1232 4178 ordinatur,
1268 4129 1337 4168 ne
1378 4117 1609 4185 amplius
1644 4133 1767 4171 cum
1803 4135 1969 4174 uxore
2003 4122 2233 4186 habitet,
2272 4124 2361 4175 de-

799 4217 1131 4269 nuntiamus.

870 4303 954 4355 19..
1002 4304 1259 4367 Quamvis
1291 4305 1517 4360 Romani
1551 4323 1673 4361 eum
1701 4309 1791 4377 qui
1825 4309 1890 4362 ad
1932 4310 2278 4363 diaconatum
2313 4321 2368 4363 et

799 4396 1224 4465 presbyteratum
1251 4409 1617 4466 promovetur,
1644 4414 1861 4453 uxorem
1884 4401 2155 4455 dimittere
2180 4403 2364 4457 volue-

800 4487 907 4539 rint
933 4503 945 4515 ·
1005 4502 1104 4539 nos
1145 4488 1497 4542 diaconorum
1527 4505 1588 4542 ac
1624 4490 2057 4560 presbyterorum
2090 4493 2362 4547 connubia

2534 2091 2594 2144 δ’.
2637 2090 2748 2145 Καὶ
2777 2092 2825 2144 οἱ
2855 2094 2991 2162 μετὰ
3024 2094 3121 2161 τὴν
3158 2094 3492 2163 χειροτονίαν
3522 2091 3867 2160 συζυγέντες,
3896 2094 4053 2157 μετὰ

2463 2182 2556 2235 τὸν
2571 2183 2731 2253 ῥητὸν
2743 2184 2932 2251 χρόνον
2948 2184 3069 2244 τοὺς
3089 2184 3329 2253 βαθμοὺς
3342 2182 3778 2253 γνωριζέτωσαν,
3795 2181 4057 2247 ἀπρόκο-

2466 2290 2556 2325 ποι
2590 2273 2862 2342 μένοντες,
2900 2272 3100 2342 δηλαδὴ
3127 2273 3225 2341 τὴν
3249 2273 3511 2340 συζυγίαν
3552 2272 3836 2342 ἀφέμενοι.
3878 2271 3951 2323 Ol
3996 2272 4059 2324 δὲ

2468 2363 2606 2432 μετὰ
2637 2363 2728 2415 τὸν
2758 2363 2905 2432 ὅρον,
2952 2364 3043 2415 καὶ
3090 2363 3362 2433 λυόμενοι,
3411 2362 3849 2435 ἐκκαθῃρημένυι
3876 2361 4061 2431 μενέ-

2466 2470 2666 2507 τωσαν.

2535 2546 2594 2599 ε’.
2627 2545 2901 2614 Κληρικδς
2927 2545 3113 2615 νύμφῃ
3140 2545 3276 2597 Θεοῦ
3316 2544 3721 2613 συναπτόμενος
3752 2542 4068 2610 καθαιρεί-

2468 2638 2599 2694 σθω.
2635 2636 2836 2698 Λαικὸς
2867 2638 2924 2689 δὲ
2948 2635 3312 2705 ἀφοριζέσοω.

2544 2819 2620 2883 ς’.
2660 2818 2771 2871 Καὶ
2816 2816 3073 2887 εὐνοῦχος
3100 2816 3299 2885 ἱερεὺς,
3326 2814 3733 2886 θεραπαινίδας,
3764 2814 3796 2884 ἢ
3828 2813 4070 2882 ἑτέρας,

2471 2911 2611 2981 πλὴν
2636 2912 2745 2963 τῶν
2766 2910 3093 2963 ἀνυπόπτων
3134 2910 3207 2977 μὴ
3242 2908 3526 2976 κεκτήσθω
3554 2907 3885 2978 προσώπων.

2541 3003 2606 3068 ζ’.
2663 3003 2720 3057 '0
2746 3000 3163 3072 χειροτονηθεὶς,
3186 3000 3236 3052 εἰ
3270 2999 3587 3067 ζεύγνυται,
3622 2999 4014 3068 καθαιρεῖται.

2542 3187 2610 3258 η’.
2655 3188 2764 3239 Καὶ
2808 3187 3062 3254 όφφίκιον
3092 3186 3231 3257 ἔχων
3266 3184 3528 3247 διάκονος,
3562 3185 3612 3235 εἰ
3636 3184 3711 3251 μὴ
3742 3198 4083 3251 τοποτηρη-

2470 3282 2565 3353 τὴς
2658 3282 3021 3348 πατριάρχου,
3051 3278 3083 3348 ἢ
3114 3279 3438 3339 ἐπισκόπου,
3472 3275 3577 3344 πρὸ
3602 3274 3710 3327 τῶν
3740 3276 4050 3345 πρεσϐυτέ
4074 3306 4087 3313 -

2472 3389 2581 3444 ρων
2611 3372 2997 3439 καθεζόμενος,
3022 3369 3274 3422 ἁπάντων
3304 3370 3677 3437 ἐσχατωτατος
3713 3368 3921 3420 ἔσοιτο.

2546 3462 2611 3518 0'.
2658 3464 2899 3516 Εξσιέναι
2956 3461 3239 3529 καπηλείῳ
3289 3458 3591 3512 κεκώλυται
3641 3457 3938 3527 κληρικὺς,
3982 3458 4092 3510 καί

2470 3558 2615 3628 ἔχειν
2636 3557 3015 3624 κωλυθήσεται
3050 3553 3273 3621 μᾶλλον.

2545 3650 2594 3703 ι’.
2643 3648 2863 3716 ’Λζυμα
2910 3645 3182 3698 Ἰουδαίων
3233 3644 3572 3697 ἁπόπτυστα.
3638 3642 3696 3694 Ὀ
3738 3640 3791 3692 δὲ
3845 3644 3953 3694 καὶ
4001 3643 4095 3695 ἰα-

2470 3745 2633 3812 τροὺς
2670 3743 2867 3804 αὐτοὺς
2891 3739 3391 3811 προσκαλούμενος,
3426 3738 3457 3803 ἦ
3502 3734 3929 3804 συλλουόμενος,
3988 3734 4097 3787 ἑκ-

2474 3851 2705 3895 πτωτος.

2546 3931 2632 3975 ια’.
2679 3922 2738 3973 Εἰ
2782 3921 2875 3974 καὶ
2922 3917 3171 3970 λέλεκται
3201 3914 3273 3986 μὴ
3299 3913 3580 3969 ἐκϐάλλειν
3627 3912 3889 3980 γυναῖκα,
3938 3912 4111 3964 ἀλλὰ

2472 4016 2568 4082 τῆς
2611 4017 2702 4066 ἐπὶ
2741 4012 2800 4063 τὸ
2846 4014 3097 4079 κρεῖττον
3140 4007 3426 4076 προκοπῆς
3463 4002 3969 4074 προμηθούμενοι,
4014 4007 4111 4074 τῷ

2478 4102 2937 4172 χειροτονουμένῳ
2971 4096 3222 4169 προέδρῳ
3267 4094 3466 4165 μηκέτι
3525 4094 3793 4145 συνοικεῖν
3837 4104 4117 4158 γυναικι

2477 4191 2951 4262 παραγγέλλομεν.

2551 4286 2635 4357 ιβ’.
2678 4286 2795 4339 Κᾶν
2825 4286 2874 4337 οἱ
2930 4281 3194 4351 Ῥωμαῖοι
3237 4279 3325 4332 τὸν
3363 4280 3443 4341 εἰς
3487 4277 3737 4331 διάκονον
3775 4276 3883 4328 καὶ
3949 4295 4121 4348 πρε-

2478 4377 2737 4450 σϐύτερον
2769 4377 3149 4449 προαγόμενον
3189 4374 3407 4441 ἀφεῖναι
3448 4370 3547 4438 τὴν
3603 4368 3837 4437 γυναῖκα
3874 4370 4127 4437 βὶὖςύ-

2474 4479 2685 4548 ληνται,
2709 4477 2872 4544 ἡμεῖς
2904 4470 3182 4542 ὲῤῥώσθαι
3211 4468 3279 4520 τὰ
3309 4466 3541 4533 διακόνῳ
3568 4463 3664 4516 καὶ
3694 4462 4128 4534 πρεσϐυτέρῳ

800 4580 976 4633 valere
1003 4581 1252 4634 volumus
1280 4601 1291 4634 :
1325 4582 1415 4650 qui
1442 4594 1625 4636 autem
1654 4583 1948 4639 dissolvere
1987 4587 2241 4655 coegerit,
2269 4587 2357 4641 de-

2480 4567 2782 4642 βουλόμεθα
2811 4565 3144 4619 συνοικέσια.
3172 4563 3232 4615 '0
3256 4561 3313 4615 δὲ
3343 4560 3667 4631 βιαζόμενος
3706 4556 3916 4625 λῦσαι,
3965 4562 4128 4613 καις.

802 4682 1057 4741 ponetur.

872 4765 954 4818 13.
990 4764 1272 4834 Presbyter
1306 4765 1521 4835 triginta
1569 4770 1726 4820 annis
1764 4766 1962 4831 minor,
2001 4778 2057 4822 et
2111 4769 2371 4825 diaconus

802 4856 987 4921 viginti
1021 4856 1280 4924 quinque,
1317 4866 1371 4909 et
1395 4857 1698 4910 diaconissa
1744 4859 2116 4930 quadraginta,
2150 4875 2212 4915 ae
2238 4864 2371 4917 sub-

800 4946 1059 4999 diaconus
1090 4946 1299 5016 viginti,
1326 4946 1632 5017 deponendi
1656 4940 1803 5002 sunt.

873 5131 959 5182 14.
994 5128 1095 5193 Qui
1119 5130 1246 5181 dicit
1270 5139 1477 5197 septem
1506 5129 1765 5183 diaconos
1793 5143 1936 5194 esse,
1964 5130 2117 5198 juxta
2149 5130 2203 5185 id
2231 5132 2374 5201 quod

802 5221 853 5271 in
891 5222 1100 5273 actibus
1136 5222 1337 5273 dictum
1370 5231 1470 5285 est,
1526 5223 1664 5275 sciat
1696 5236 1802 5276 non
1847 5221 1913 5276 de
1948 5223 2014 5277 iis
2046 5223 2136 5290 qui
2171 5233 2374 5293 myste-

804 5310 899 5363 riis
930 5313 1267 5373 deserviuut,
1295 5314 1387 5367 sed
1421 5314 1487 5367 de
1511 5314 1575 5366 iis
1608 5314 1697 5382 qui
1730 5314 1935 5367 mensis
1972 5315 2371 5381 ministrabant,

804 5415 1109 5454 sermonem
1133 5416 1273 5455 CSSC.

879 5497 963 5549 15.
1020 5496 1119 5559 Qui
1167 5494 1392 5565 suscipit
1441 5504 1728 5549 externum
1780 5496 2037 5551 clericum
2076 5540 2081 5553 ς

807 5590 1040 5654 ordinat,
1074 5605 1195 5643 cum
1226 5590 1360 5643 male
1381 5590 1632 5643 ordinato
1665 5590 1974 5658 deponitur.

2144 5512 2378 5567 eumque

878 5772 963 5824 16.
1015 5771 1114 5836 Qui
1168 5785 1385 5841 propter
1414 5771 1771 5825 Bailiarorum
1808 5771 2170 5824 incursionem
2199 5771 2376 5825 locum

817 5866 1056 5930 lllllla‘v‘il,
1094 5866 1181 5920 ubi
1229 5866 1515 5921 cessaverit
1549 5866 1804 5929 incursio,
1838 5873 2138 5919 revertatur
2170 5866 2230 5916 ad
2259 5878 2375 5916 eam

2558 4681 2589 4721 η
2599 4662 2778 4721 μένος.

2558 4681 2587 4713 τ·
2642 4678 2778 4713 ενολ.

2479 4678 2636 4821 “Pri:
2708 4697 3084 4823 Ilpeo6titepo;
3152 4744 3603 4817 τριακονταετίας
3659 4738 3876 4793 ἐνδέων
3911 4780 3933 4805 ,
4025 4749 4127 4795 κα

2476 4848 2723 4907 διάκονος
2752 4841 3287 4902 εἰκοσαπενταετὶας,
3328 4838 3421 4890 καὶ
3440 4834 3755 4889 διακόνισσα
3794 4848 4128 4906 “cupa.

2477 4938 2817 5002 κονταετιας,
2866 4936 2962 4988 καὶ
2990 4931 3342 4993 εἰκοσαετιας
3383 4926 3760 4989 ὕποδιάκονος,
3794 4926 4128 4981 εὐκαθαξ·

2483 5046 2649 5100 ρετοι.

2550 5123 2630 5175 ιδ’.
2668 5120 2987 5174 Γινωσκέτω
3010 5122 3038 5170 ο
3066 5118 3240 5183 λέγων
3273 5110 3418 5168 ἑπτὰ
3434 5109 3721 5171 διακόνους
3751 5103 3934 5163 εἶναι
3972 5118 4128 5168 κατέ

2475 5218 2536 5270 τὸ
2569 5216 2859 5285 εἰρημένον
2890 5213 3009 5273 ταῖς
3040 5209 3333 5279 Πραξεσιν,
3366 5207 3449 5259 ὅτι
3478 5204 3539 5257 οὐ
3570 5202 3697 5271 περὶ
3731 5200 3865 5254 τῶν
3917 5206 4128 5261 διακο-

2478 5308 2754 5374 νουμένων
2788 5306 2901 5366 τοῖς
2950 5300 3267 5370 μυστηρίοις
3307 5298 3336 5349 ὁ
3380 5295 3559 5362 λόγος,
3593 5291 3745 5359 iam
3785 5308 3879 5345 πε
3896 5298 3966 5361 pl
4020 5299 4128 5350 τῶι

2479 5402 2597 5462 ταῖς
2625 5396 2923 5466 τραπέζαις
2954 5395 3061 5461 ὑπη
3074 5388 3392 5461 ρετούντων.

2557 5491 2637 5545 ιε’,
2763 5491 2821 5542 '0
2888 5486 3318 5557 προσδεχόμενος
3384 5480 3535 5547 ξένον
3601 5476 3903 5545 κληρικδν
3942 5525 3957 5543 ,
4048 5503 4128 5538 κα

2480 5582 2844 5654 χειροτονῶν,
2908 5581 3006 5632 σὺν
3064 5577 3142 5646 τῷ
3199 5572 3386 5635 κακῶς
3438 5567 3914 5640 χειροτονηθέντι
3998 5578 4127 5631 καθ

2478 5673 2697 5743 ῄρηται.

2553 5774 2649 5829 ις’.
2690 5766 2749 5818 '0
2794 5765 2882 5817 διὰ
2924 5760 3267 5831 βαρϐαρικὴν
3337 5753 3637 5825 ἐπιδρομὴν
3694 5768 4128 5821 μεταναστὰς

2487 5861 2839 5928 παυσαμένης
2884 5858 2978 5925 τῆς
3028 5849 3362 5919 ἐπιδρομῆς,
3414 5844 3825 5899 τταλινοστείτω
3883 5854 3971 5922 τῇ
4018 5857 4128 5909 χιε
