4162 6474
798 430 896 491 991

1721 418 2102 479 SYMEONIS
2147 417 2561 479 METAPIIRA
2573 415 2727 474 ST/‘E
2773 416 2975 476 ANNA
2987 417 3145 478 [ΕΞ.

3948 416 4053 480 292

866 542 952 592 7‘2.
1009 540 1123 595 Non
1166 542 1378 609 sculpes
1408 554 1606 609 agnum
1651 538 1702 590 in
1753 537 1976 609 ﬁguram
2011 535 2237 598 Christi,
2277 535 2372 588 sed

2550 527 2648 599 οβ’.
2691 531 2766 583 υῦ
2803 529 3058 601 χαράξεις
3100 527 3269 599 ἀμνὸν
3328 529 3408 591 είς
3446 527 3614 580 τύπον
3644 525 3899 591 Χριστοῦ,
3941 514 4058 578 ἔμ’

795 635 944 686 ilium
979 634 1177 702 ipsum.

866 727 952 778 73.
995 724 1199 777 Servus
1229 740 1258 777 a
1285 723 1509 778 domino
1534 719 1901 776 manumissus
1937 734 2119 774 coram
2152 718 2370 774 duobus

792 816 1043 876 testibus,
1069 816 1345 869 servitutis
1375 830 1573 884 expers
1594 814 1682 867 sit.

861 910 949 962 74.
1003 907 1106 974 Qui
1148 919 1438 978 CungI‘i-gal
1483 907 1796 962 meretrices
1835 907 1891 961 in
1923 904 2223 977 perniciem
2256 902 2372 958 ani-

793 1017 1002 1055 marum
1027 1000 1548 1055 exc0mmunicatur.

866 1084 953 1146 75.
988 1092 1117 1157 Qua:
1141 1107 1171 1143 a
1203 1091 1317 1144 viro
1342 1092 1408 1145 ad
1446 1091 1614 1145 alium
1640 1107 1699 1146 se
1727 1089 1960 1154 confert,
1995 1088 2242 1144 adultera
2264 1094 2370 1153 est;

793 1192 848 1236 et
885 1182 974 1250 qui
1017 1181 1084 1236 ab
1120 1197 1288 1236 uxore
1324 1183 1390 1236 ad
1437 1183 1596 1236 aliam
1643 1198 1701 1236 se
1749 1182 2006 1252 applicat,
2059 1195 2124 1234 ex
2156 1177 2369 1233 Domini

791 1276 1085 1339 sententia,
1114 1275 1274 1329 simili
1307 1277 1537 1330 crimine
1571 1286 1807 1330 tenetur.

860 1366 948 1421 76.
999 1369 1143 1421 Intra
1185 1371 1444 1437 templum
1491 1384 1657 1439 pecus
1684 1384 1794 1423 non
1828 1367 2216 1431 introducitur,
2262 1367 2371 1422 nisi

796 1463 1030 1514 maxima
1063 1463 1362 1516 necessitas
1391 1464 1442 1515 in
1467 1463 1550 1517 via
1580 1462 1838 1536 coegerit.

858 1553 949 1607 77.
988 1553 1220 1608 Maximo
1285 1556 1525 1610 Sabbato
1579 1558 1722 1610 circa
1769 1555 2006 1611 mediam
2052 1563 2270 1610 noctem
2317 1556 2370 1610 in

790 1647 1003 1714 jejunio
1033 1648 1493 1716 perseverandum
1512 1657 1615 1701 est.

867 1739 954 1791 78.
1010 1741 1138 1793 l’ost
1197 1741 1564 1809 vespertinum
1623 1741 1928 1812 ingressum
1993 1739 2249 1804 Sabbati,
2305 1755 2373 1795 ne

793 1829 1142 1900 genuﬂectas.

865 1920 954 1974 79.
984 1919 1124 1974 Tum
1161 1921 1250 1990 qui
1287 1922 1398 1988 dat,
1435 1933 1548 1976 tum
1579 1939 1699 1992 qua:
1743 1923 1943 1993 accipit
1979 1922 2380 1977 medicamenta

796 2013 1136 2066 abortionem
1173 2013 1394 2078 cientia,
1423 2014 1730 2069 homicidae.

865 2105 952 2158 80.
1001 2104 1128 2159 Viro
1178 2121 1287 2160 non
1335 2120 1708 2177 comparente,
1764 2123 1884 2179 qua:
1950 2108 2267 2178 priusquam
2309 2106 2378 2161 de

798 2195 945 2248 illius
982 2197 1133 2249 obitu
1164 2197 1295 2252 certi
1344 2201 1545 2268 aliquid
1604 2202 1954 2271 compererit,
1985 2200 2075 2255 alii
2111 2201 2378 2269 nupserit,

801 2287 1136 2341 mcechatur:
1165 2288 1246 2340 \‘ir
1269 2299 1449 2343 autem
1477 2291 1567 2359 qui
1605 2307 1858 2347 reversus
1891 2291 2077 2356 fuerit,
2110 2290 2376 2362 siquidem

801 2379 1116 2446 prmdictum
1141 2380 1233 2440 sit,
1269 2381 1501 2448 accipiat
1530 2383 1724 2452 ipsam.

871 2470 959 2522 8|.
994 2468 1096 2535 Qui
1131 2472 1317 2541 gentili
1354 2488 1503 2528 more
1528 2474 1696 2543 jurat,
1736 2476 2072 2545 puniendus.

866 2560 955 2611 82.
996 2559 1098 2624 Qui
1153 2564 1376 2632 capillos
1416 2564 1728 2621 artiﬁciosis
1781 2569 2010 2624 nexibus
2063 2569 2381 2640 intorquent

797 2650 862 2704 ad
903 2653 1265 2719 spectantium
1299 2658 1620 2725 perniciem,
1656 2662 2189 2716 excommunicandi.

873 2741 963 2794 δῖ).
1005 2741 1168 2797 Uxori
1204 2747 1473 2814 addictus,
1503 2765 1567 2804 ae
1607 2766 1705 2819 per
1744 2762 2118 2822 contemptum
2151 2771 2381 2812 manens

804 2832 858 2883 in
909 2835 1152 2903 templo,
1200 2839 1500 2908 expellatur
1561 2843 1724 2896 etiam
1777 2861 1807 2900 e
1861 2847 2379 2903 catechumenorum

799 2923 1014 2979 ordine.

870 3016 962 3070 ει.
1005 3019 1248 3078 Moechus
1275 3035 1359 3078 est
1384 3025 1476 3096 qui
1501 3027 1658 3083 alteri
1696 3029 2080 3100 desponsatam
2117 3035 2288 3092 ducit.

2473 625 2682 676 ἐκεῖνον
2709 624 2897 676 αὐτόν.

2541 715 2642 784 ογ’.
2680 716 3164 788 Ἐλευθερούμενος
3216 716 3321 770 ὑπὸ
3376 716 3472 770 τοῦ
3518 716 3777 769 δεσπότου
3847 715 4057 780 δοῦλος,

2473 811 2567 862 ἐπὶ
2596 810 2717 862 δυσὶ
2751 812 3044 880 μάρτυσιν,
3082 810 3169 881 εἴη
3203 808 3523 873 ἀδούλωτος.

2546 901 2642 957 οδ’.
2679 902 2739 958 '0
2760 905 3006 974 συνάγων
3044 903 3251 974 πόρνας
3284 903 3370 956 ἐπ’
3399 904 3599 976 ὀλίσθῳ
3625 893 3832 976 ψυχῶν,
3859 903 4064 974 ἀφορί-

2475 993 2649 1060 ζεται.

2544 1086 2634 1144 σε’.
2667 1088 2732 1142 Ἦ
2762 1089 2821 1156 ἐξ
2853 1089 3042 1162 ἀνδρὸς
3079 1091 3164 1143 ἐπ’
3189 1091 3350 1147 ἀλλον
3381 1091 3556 1152 ίοῦσα.
3597 1091 3842 1160 μοιχαλίς
3865 1106 3879 1120 °
3906 1092 4004 1142 καὶ
4026 1092 4064 1142 ὸ

2475 1179 2583 1234 ἀπὺ
2611 1180 2864 1250 γυναικὸς
2894 1181 2981 1232 ἐπ’
3012 1181 3198 1253 ἀλλην,
3230 1182 3370 1235 κατὰ
3401 1183 3492 1234 τὸν
3524 1181 3729 1250 Κύριον
3757 1179 3982 1249 ὁμοίως.

2549 1362 2656 1429 ος·’.
2710 1361 2879 1433 Ἰεροῦ
2927 1362 3074 1415 ἔνδον
3124 1361 3224 1415 οὐκ
3276 1361 3558 1429 εἰσάγεται
3615 1363 3830 1430 κτῆνος,
3884 1362 3936 1414 εί
3986 1343 4068 1430 μὴ

2475 1456 2890 1526 καταλαϐούσης
2925 1456 2982 1508 ἐν
3019 1453 3123 1526 ὁδῴ
3158 1455 3418 1525 μεγίστης
3446 1453 3714 1525 ἀνάγκης.

2544 1547 2640 1613 οξ.
2701 1547 2792 1618 Τῷ
2833 1546 3078 1617 μεγίστῳ
3125 1546 3409 1617 Σαϐϐάτῳ,
3453 1547 3584 1616 περὶ
3633 1545 3800 1617 μέσας
3858 1545 4073 1607 νύκτας

2473 1643 2573 1714 τὴν
2602 1641 2858 1711 νηστείαν
2887 1639 3224 1712 διαρκετέον.

2547 1740 2650 1806 οη’.
2685 1733 2843 1788 Μετὰ
2861 1733 2962 1805 τὴν
2992 1733 3288 1804 ὲσπερινὴν
3315 1730 3496 1786 ἔσοδον
3529 1730 3624 1784 τοῦ
3655 1730 3969 1793 Σαϐϐἁτου,
4000 1733 4074 1799 μὴ

2481 1827 2796 1900 γονυκλίνῃ.

2552 1915 2652 1970 σθ’.
2692 1917 2802 1969 Καὶ
2830 1919 2858 1971 6
2879 1916 3074 1982 διδοὺς,
3106 1917 3201 1971 καὶ
3226 1919 3259 1988 ή
3285 1916 3637 1988 λαμϐάνουσα
3661 1911 4075 1984 ἀμϐλωθρίδια,

2483 2009 2821 2079 ἀνδροφόνοι.

2553 2108 2627 2156 π’.
2680 2102 2898 2171 Ἀνδρὸς
2947 2102 3378 2172 ἀφαντουμένου,
3434 2104 3466 2172 ἠ
3515 2102 3622 2172 πρὸ
3649 2102 3743 2154 τοῦ
3771 2100 4079 2162 πεισθῆναι

2483 2190 2744 2255 λαϐοῦσα,
2778 2193 3055 2262 μοιχᾶταν
3078 2193 3107 2245 6
3137 2194 3194 2246 δὲ
3234 2193 3570 2264 ἐπιστρέψας
3602 2193 3761 2264 ἀνὴρ,
3804 2193 3852 2244 εἰ
3883 2191 4080 2262 προεί-

2483 2299 2665 2354 ρηται,
2697 2284 2918 2354 λήψοιτο
2947 2287 3138 2356 αὑτήν.

2551 2469 2665 2524 πα’.
2691 2472 2752 2522 ’0
2790 2468 3114 2539 Ἑλληνικῶς
3133 2468 3454 2538 ὀμνύμενος,
3480 2467 3849 2538 ὲπιτιμητέος.

2552 2562 2664 2634 πβ’.
2705 2564 2767 2615 Οἱ
2797 2562 2894 2624 τὰς
2925 2563 3100 2630 κόμας
3132 2561 3413 2630 ἐμπλοκῆς
3451 2561 3684 2630 ἐπινοίᾳ,
3720 2559 3855 2630 πρὸς
3881 2557 3958 2612 λὺ
3972 2577 4085 2628 μην

2481 2654 2838 2726 ἐργαζόμενοι
2867 2651 2977 2704 τῶν
3013 2650 3287 2722 ὁρώντων,
3319 2652 3654 2720 ἀφοριστέοι.

2556 2744 2665 2813 πγ’.
2714 2746 2770 2800 ’0
2815 2744 3171 2814 ὑπογύναιος,
3213 2743 3310 2798 καὶ
3351 2742 3843 2815 καταφρονητικῶς
3884 2743 4090 2814 μένων

2481 2839 2539 2892 ὲν
2573 2837 2723 2908 ἱερῷ,
2750 2837 3056 2902 ἐξωθείσθω
3085 2840 3179 2891 καὶ
3207 2837 3315 2891 τῶν
3355 2836 3800 2907 κατηχουμένων.

2553 3019 2656 3075 πδ’.
2715 3020 2917 3089 Μοιχός
2969 3020 3120 3072 ἐστιν
3173 3018 3202 3071 6
3241 3019 3341 3087 τὴν
3395 3020 3567 3090 ἑτέρῳ
3629 3017 4094 3089 μνηστευθεῖσαν

2483 3111 2598 3186 [γρ.
2642 3108 3024 3182 μνηστευθεὶς]
3053 3111 3340 3180 ἀγόμενος.

1017 3185 1251 3251 Quidam
1300 3189 1528 3247 Judaico
1561 3208 1710 3248 more
1741 3196 1795 3248 in
1850 3199 2067 3267 templis
2117 3215 2377 3261 coxerunt

2486 3183 2503 3186 ἡ
2555 3212 2658 3258 πε’.
2712 3202 3022 3262 Ἰουδαϊκῶς
3055 3203 3112 3253 ὲν
3147 3201 3312 3272 ἱεροῖς
3360 3217 3506 3263 τινες
3536 3201 3746 3269 ἔφησαν
3790 3199 3938 3270 μέλη
3970 3216 3984 3229 ·
4034 3203 4096 3262 ὃς

802 3274 929 3327 mel.
977 3275 1078 3340 Qui
1134 3279 1294 3348 igitur
1330 3281 1432 3335 hoc
1472 3286 1800 3352 permiserit,
1831 3299 1923 3342 aut
1953 3291 2057 3344 tale
2086 3296 2377 3364 acceperit,

802 3381 909 3418 non
971 3377 1055 3420 est
1103 3369 1387 3426 habendus
1440 3376 1712 3429 sacerdos.
1760 3378 1818 3430 Si
1869 3381 1990 3448 quis
2042 3398 2170 3437 vero
2221 3385 2381 3443 domo

802 3457 1063 3520 attulerit,
1102 3460 1217 3529 ipse
1245 3472 1406 3531 prout
1435 3464 1629 3520 suﬂicit
1666 3467 1940 3533 oll‘erenti,
1973 3474 2223 3543 accipiat.

873 3550 960 3604 86.
1020 3551 1252 3607 Pictura:
1303 3571 1423 3622 qure
1463 3557 1528 3611 ad
1570 3560 1748 3626 turpia
1799 3572 2078 3630 aspectum
2138 3576 2378 3626 movent.

803 3657 912 3695 non
933 3651 1060 3695 sunt
1084 3645 1391 3712 pingendae.

874 3746 962 3800 87.
1028 3747 1219 3803 Manus
1282 3751 1334 3803 in
1387 3752 1565 3806 crucis
1634 3753 1856 3824 ﬁguram
1923 3761 2234 3828 componit,
2289 3765 2379 3832 qui

805 3835 1200 3893 Eueliaristiam
1230 3854 1546 3907 sumpturus
1567 3845 1791 3910 est.Qui
1819 3863 1944 3901 vero
1975 3853 2378 3920 receptaculum

803 3943 1050 3993 aureum,
1103 3941 1197 3986 aut
1252 3934 1412 3986 aliam
1460 3936 1740 3989 materiam
1785 3939 1901 3992 vice
1953 3956 2149 3997 manus
2202 3954 2378 4013 parat,

804 4025 1383 4077 exeommunieandus.

877 4112 966 4168 88.
1044 4115 1234 4169 Delieti
1299 4119 1532 4185 qualitas
1586 4122 1640 4174 in
1692 4123 1945 4178 omnibus
1982 4127 2378 4192 consideratur,

802 4208 1198 4275 conversioque
1226 4209 1546 4277 perspicitur
1580 4229 1593 4265 :
1625 4222 1787 4282 atque
1813 4215 1885 4269 ita
1913 4217 2284 4275 misericordia
2311 4221 2378 4275 ad

807 4309 1114 4349 mensuram
1145 4298 1421 4353 tribuitur.

2482 3298 2574 3352 οῦν
2597 3297 2754 3350 τοῦτο
2782 3293 3259 3366 συγχωρήσειεν,ῆ
3286 3293 3438 3346 λάϐοι
3455 3294 3715 3353 τοιοῦτον,
3742 3294 3836 3361 οὐκ
3863 3293 3912 3344 is
3928 3295 4096 3362 ρεύς.

2485 3392 2546 3442 El
2575 3390 2630 3441 δέ
2648 3407 2731 3452 τις
2768 3389 2981 3441 οἴκοθεν
3009 3389 3132 3456 ἄγει
3155 3381 3278 3450 ὦδε,
3298 3387 3439 3439 κατά
3464 3387 3523 3437 τὸ
3551 3385 3754 3452 ἀρκοῦν
3781 3386 3874 3438 τοῦ
3893 3404 4096 3457 προσ-

2483 3483 2708 3551 ἀγοντος
2735 3483 2980 3553 λήψοιτο.

2557 3583 2671 3638 σις’.
2708 3577 2773 3628 At
2809 3577 2943 3643 πρὸς
2978 3575 3047 3627 τὰ
3075 3576 3275 3644 αἰσχρὰ
3303 3571 3546 3626 κινοῦσαι
3576 3574 3671 3642 τὴν
3704 3576 3900 3644 ὅρασιν
3937 3592 4101 3642 γρα-

2485 3671 2603 3739 φαὶ,
2639 3670 3050 3737 ἀζωγράφητοι.

2557 3762 2663 3826 πζ’.
2707 3763 2818 3822 Τὰς
2850 3761 3108 3831 παλάμας
3139 3761 3216 3822 είς
3241 3763 3472 3830 σταυρὸν
3503 3761 3663 3814 τυποῖ
3687 3760 3715 3812 6
3754 3759 4104 3828 μεταληψό-

2488 3867 2668 3922 μενος’
2707 3854 2734 3904 6
2756 3851 2810 3903 δὲ
2837 3851 3042 3919 δοχείον
3069 3849 3326 3921 χρυσοῦν,
3359 3851 3392 3920 ἢ
3436 3851 3602 3921 ἀλλην
3633 3851 3766 3920 ὓλην
3796 3853 3934 3904 ἀντὶ
3982 3870 4106 3920 χει-

2483 3944 2573 4012 ρὸς
2604 3943 2906 4008 σκευάζων,
2946 3945 3287 4013 ἀφοριστέος.

2554 4126 2663 4197 πη’.
2720 4127 2783 4180 Ἡ
2834 4126 2931 4194 τῆς
2974 4126 3248 4196 ἁμαρτίας
3284 4126 3378 4179 ἐπὶ
3412 4128 3545 4179 πᾶσι
3593 4129 3881 4180 σκοπεῖται
3930 4135 4112 4183 ποιό-

2477 4235 2599 4288 της,
2649 4220 2739 4271 καὶ
2777 4219 2809 4288 ἡ
2841 4220 3143 4289 ἐπιστροφὴ
3190 4217 3506 4290 καθορᾶται,
3538 4221 3631 4273 καὶ
3668 4219 3813 4274 οὕτω
3847 4228 4114 4294 μετρεῖ-

2478 4326 2568 4362 ται
2600 4310 2660 4362 τδ
2693 4310 2860 4371 ἕλεος.

809 4509 4087 4563 mw

1242 4737 2226 4899 SYMEONIS
2341 4745 3572 4905 LOGOTHET/E

2095 5035 2745 5151 ANNALES

1085 5255 1272 5320 INDE
1319 5258 1364 5315 A
1408 5257 1679 5319 REGNO
1726 5255 2013 5320 LEONIS
2055 5260 2374 5322 ARMENI
2420 5261 2678 5337 USQUE
2721 5264 2829 5328 AD
2874 5264 3401 5331 NICEPHORUM
3435 5267 3769 5331 PHOCAM

1047 5421 1168 5471 Vide
1200 5419 1324 5472 inter
1343 5419 1602 5484 scriptores
1649 5434 1767 5484 quos
1799 5420 2129 5487 complectitur
2150 5430 2304 5478 tomus
2331 5431 2494 5476 noster
2526 5426 2811 5480 centesimus
2842 5441 3014 5491 nonus,
3047 5430 3139 5480 col.
3172 5430 3282 5481 665.
