  <div class='ocr_page' id='page_1' title='image "/cluster/home/n/w/nwhite01/storage/ocr_20150623/114/nnc1.0046980210/159.png"; bbox 0 0 4162 6474; ppageno 0'>
   <div class='ocr_carea' id='block_1_1' title="bbox 782 448 895 511">
    <p class='ocr_par' dir='ltr' id='par_1_1' title="bbox 782 448 895 511">
     <span class='ocr_line' id='line_1_1' title="bbox 782 448 895 511; baseline -0.027 -1"><span class='ocrx_word' id='word_1_1' title='bbox 782 448 895 511; x_wconf 82' lang='grc'><strong>295</strong></span> 
     </span>
    </p>
   </div>
   <div class='ocr_carea' id='block_1_2' title="bbox 849 538 1607 614">
    <p class='ocr_par' dir='ltr' id='par_1_2' title="bbox 849 538 1607 614">
     <span class='ocr_line' id='line_1_2' title="bbox 849 538 1607 614; baseline -0.032 1"><span class='ocrx_word' id='word_1_2' title='bbox 849 561 936 614; x_wconf 78' lang='grc'><strong>15.</strong></span> <span class='ocrx_word' id='word_1_3' title='bbox 974 549 1205 608; x_wconf 68' lang='lat' dir='ltr'><strong>Historia</strong></span> <span class='ocrx_word' id='word_1_4' title='bbox 1251 547 1318 601; x_wconf 88' lang='lat' dir='ltr'><strong>de</strong></span> <span class='ocrx_word' id='word_1_5' title='bbox 1371 538 1607 596; x_wconf 72' lang='lat' dir='ltr'><strong>Marcelli</strong></span> 
     </span>
    </p>
   </div>
   <div class='ocr_carea' id='block_1_3' title="bbox 777 615 2349 712">
    <p class='ocr_par' dir='ltr' id='par_1_3' title="bbox 777 615 2349 712">
     <span class='ocr_line' id='line_1_3' title="bbox 777 615 2349 712; baseline -0.025 -10"><span class='ocrx_word' id='word_1_6' title='bbox 777 640 886 704; x_wconf 81' lang='lat' dir='ltr'><strong>vita</strong></span> <span class='ocrx_word' id='word_1_7' title='bbox 935 686 949 708; x_wconf 93' lang='lat'><strong>,</strong></span> <span class='ocrx_word' id='word_1_8' title='bbox 996 643 1089 712; x_wconf 87' lang='lat' dir='ltr'><strong>qni</strong></span> <span class='ocrx_word' id='word_1_9' title='bbox 1146 643 1440 707; x_wconf 81' lang='lat' dir='ltr'><strong>Apameam</strong></span> <span class='ocrx_word' id='word_1_10' title='bbox 1492 629 1847 696; x_wconf 84' lang='lat' dir='ltr'><strong>Bithynorum</strong></span> <span class='ocrx_word' id='word_1_11' title='bbox 1887 621 2075 674; x_wconf 90' lang='lat' dir='ltr'><strong>urbem</strong></span> <span class='ocrx_word' id='word_1_12' title='bbox 2120 615 2349 684; x_wconf 85' lang='lat' dir='ltr'><strong>patriam</strong></span> 
     </span>
    </p>
   </div>
   <div class='ocr_carea' id='block_1_4' title="bbox 777 707 2352 797">
    <p class='ocr_par' dir='ltr' id='par_1_4' title="bbox 777 707 2352 797">
     <span class='ocr_line' id='line_1_4' title="bbox 777 707 2352 797; baseline -0.025 -4"><span class='ocrx_word' id='word_1_13' title='bbox 777 707 965 793; x_wconf 87' lang='lat' dir='ltr'><strong>nactus</strong></span> <span class='ocrx_word' id='word_1_14' title='bbox 987 707 1029 797; x_wconf 31' lang='lat'><strong>,‘</strong></span> <span class='ocrx_word' id='word_1_15' title='bbox 1050 735 1101 784; x_wconf 93' lang='lat' dir='ltr'><strong>in</strong></span> <span class='ocrx_word' id='word_1_16' title='bbox 1132 726 1394 796; x_wconf 81' lang='lat' dir='ltr'><strong>Bithynia:</strong></span> <span class='ocrx_word' id='word_1_17' title='bbox 1435 715 1786 779; x_wconf 90' lang='lat' dir='ltr'><strong>monasterio,</strong></span> <span class='ocrx_word' id='word_1_18' title='bbox 1819 711 1961 782; x_wconf 89' lang='lat' dir='ltr'><strong>quod</strong></span> <span class='ocrx_word' id='word_1_19' title='bbox 2013 708 2084 761; x_wconf 92' lang='lat' dir='ltr'><strong>ob</strong></span> <span class='ocrx_word' id='word_1_20' title='bbox 2117 707 2352 775; x_wconf 83' lang='lat' dir='ltr'><strong>hymnos</strong></span> 
     </span>
    </p>
   </div>
   <div class='ocr_carea' id='block_1_5' title="bbox 778 803 2352 904">
    <p class='ocr_par' dir='ltr' id='par_1_5' title="bbox 778 803 2352 904">
     <span class='ocr_line' id='line_1_5' title="bbox 778 803 2352 904; baseline -0.027 -16"><span class='ocrx_word' id='word_1_21' title='bbox 778 841 1093 904; x_wconf 82' lang='lat' dir='ltr'><strong>perpetuos,</strong></span> <span class='ocrx_word' id='word_1_22' title='bbox 1149 840 1254 877; x_wconf 93' lang='lat' dir='ltr'><strong>non</strong></span> <span class='ocrx_word' id='word_1_23' title='bbox 1275 817 1486 874; x_wconf 88' lang='lat' dir='ltr'><strong>diurnis</strong></span> <span class='ocrx_word' id='word_1_24' title='bbox 1519 821 1729 868; x_wconf 86' lang='lat' dir='ltr'><strong>tantum</strong></span> <span class='ocrx_word' id='word_1_25' title='bbox 1769 807 1863 861; x_wconf 87' lang='lat' dir='ltr'><strong>sed</strong></span> <span class='ocrx_word' id='word_1_26' title='bbox 1903 803 2064 858; x_wconf 88' lang='lat' dir='ltr'><strong>etiam</strong></span> <span class='ocrx_word' id='word_1_27' title='bbox 2126 807 2352 850; x_wconf 88' lang='lat' dir='ltr'><strong>noctur-</strong></span> 
     </span>
    </p>
   </div>
   <div class='ocr_carea' id='block_1_6' title="bbox 778 885 2352 989">
    <p class='ocr_par' dir='ltr' id='par_1_6' title="bbox 778 885 2352 989">
     <span class='ocr_line' id='line_1_6' title="bbox 779 885 1091 904; baseline -0.029 -5"><span class='ocrx_word' id='word_1_28' title='bbox 779 885 792 904; x_wconf 90' lang='lat'><strong>.</strong></span> <span class='ocrx_word' id='word_1_29' title='bbox 822 885 836 887; x_wconf 91' lang='grc'><strong><em>-</em></strong></span> <span class='ocrx_word' id='word_1_30' title='bbox 880 885 891 900; x_wconf 91' lang='grc'>.</span> <span class='ocrx_word' id='word_1_31' title='bbox 1082 885 1091 890; x_wconf 87' lang='grc'><strong>.</strong></span> 
     </span>
     <span class='ocr_line' id='line_1_7' title="bbox 778 885 2352 989; baseline -0.027 -11"><span class='ocrx_word' id='word_1_32' title='bbox 778 926 862 978; x_wconf 91' lang='lat' dir='ltr'><strong>nis</strong></span> <span class='ocrx_word' id='word_1_33' title='bbox 891 918 1224 989; x_wconf 74' lang='lat' dir='ltr'><strong>temper-ibus</strong></span> <span class='ocrx_word' id='word_1_34' title='bbox 1267 914 1318 964; x_wconf 92' lang='lat' dir='ltr'><strong>in</strong></span> <span class='ocrx_word' id='word_1_35' title='bbox 1350 925 1414 962; x_wconf 85' lang='lat' dir='ltr'><strong>eo</strong></span> <span class='ocrx_word' id='word_1_36' title='bbox 1445 903 1650 962; x_wconf 88' lang='lat' dir='ltr'><strong>cantari</strong></span> <span class='ocrx_word' id='word_1_37' title='bbox 1683 899 1877 959; x_wconf 90' lang='lat' dir='ltr'><strong>solitis,</strong></span> <span class='ocrx_word' id='word_1_38' title='bbox 1922 893 2256 958; x_wconf 77' lang='grc' dir='ltr'><strong>ἁκοιμὴτων,</strong></span> <span class='ocrx_word' id='word_1_39' title='bbox 2300 885 2352 938; x_wconf 88' lang='lat' dir='ltr'><strong>id</strong></span> 
     </span>
    </p>
   </div>
   <div class='ocr_carea' id='block_1_7' title="bbox 781 985 2354 1070">
    <p class='ocr_par' dir='ltr' id='par_1_7' title="bbox 781 985 2354 1070">
     <span class='ocr_line' id='line_1_8' title="bbox 781 985 2354 1070; baseline -0.022 -4"><span class='ocrx_word' id='word_1_40' title='bbox 781 1027 863 1070; x_wconf 65' lang='lat' dir='ltr'><strong>est</strong></span> <span class='ocrx_word' id='word_1_41' title='bbox 887 1030 992 1067; x_wconf 90' lang='lat' dir='ltr'><strong>non</strong></span> <span class='ocrx_word' id='word_1_42' title='bbox 1034 1007 1422 1064; x_wconf 70' lang='lat' dir='ltr'><strong>dormientium</strong></span> <span class='ocrx_word' id='word_1_43' title='bbox 1456 1012 1656 1052; x_wconf 88' lang='lat' dir='ltr'><strong>nomen</strong></span> <span class='ocrx_word' id='word_1_44' title='bbox 1691 994 1994 1058; x_wconf 75' lang='lat' dir='ltr'><strong>acceperat,</strong></span> <span class='ocrx_word' id='word_1_45' title='bbox 2027 985 2354 1052; x_wconf 89' lang='lat' dir='ltr'><strong>imperatore</strong></span> 
     </span>
    </p>
   </div>
   <div class='ocr_carea' id='block_1_8' title="bbox 787 1082 1928 1161">
    <p class='ocr_par' dir='ltr' id='par_1_8' title="bbox 787 1082 1928 1161">
     <span class='ocr_line' id='line_1_9' title="bbox 787 1082 1928 1161; baseline -0.027 1"><span class='ocrx_word' id='word_1_46' title='bbox 787 1110 965 1161; x_wconf 82' lang='lat' dir='ltr'><strong>Leone</strong></span> <span class='ocrx_word' id='word_1_47' title='bbox 987 1101 1211 1154; x_wconf 87' lang='lat' dir='ltr'><strong>Thrace.</strong></span> <span class='ocrx_word' id='word_1_48' title='bbox 1249 1096 1311 1148; x_wconf 87' lang='lat' dir='ltr'><strong>A.</strong></span> <span class='ocrx_word' id='word_1_49' title='bbox 1347 1096 1405 1147; x_wconf 90' lang='lat' dir='ltr'><strong>C.</strong></span> <span class='ocrx_word' id='word_1_50' title='bbox 1440 1092 1566 1149; x_wconf 58' lang='lat'><strong>4‘39.</strong></span> <span class='ocrx_word' id='word_1_51' title='bbox 1601 1087 1766 1140; x_wconf 80' lang='lat' dir='ltr'><strong>abbas</strong></span> <span class='ocrx_word' id='word_1_52' title='bbox 1807 1082 1928 1134; x_wconf 88' lang='lat' dir='ltr'><strong>fttit.</strong></span> 
     </span>
    </p>
   </div>
   <div class='ocr_carea' id='block_1_9' title="bbox 856 1162 2354 1252">
    <p class='ocr_par' dir='ltr' id='par_1_9' title="bbox 856 1162 2354 1252">
     <span class='ocr_line' id='line_1_10' title="bbox 856 1162 2354 1252; baseline -0.027 0"><span class='ocrx_word' id='word_1_53' title='bbox 856 1200 941 1252; x_wconf 74' lang='lat' dir='ltr'><strong>H.</strong></span> <span class='ocrx_word' id='word_1_54' title='bbox 997 1192 1230 1248; x_wconf 90' lang='lat' dir='ltr'><strong>Historia</strong></span> <span class='ocrx_word' id='word_1_55' title='bbox 1295 1189 1362 1242; x_wconf 91' lang='lat' dir='ltr'><strong>de</strong></span> <span class='ocrx_word' id='word_1_56' title='bbox 1410 1179 1723 1252; x_wconf 75' lang='lat' dir='ltr'><strong>Euphemize</strong></span> <span class='ocrx_word' id='word_1_57' title='bbox 1784 1169 2009 1242; x_wconf 79' lang='lat' dir='ltr'><strong>virginis</strong></span> <span class='ocrx_word' id='word_1_58' title='bbox 2058 1162 2354 1233; x_wconf 85' lang='lat' dir='ltr'><strong>martyrio,</strong></span> 
     </span>
    </p>
   </div>
   <div class='ocr_carea' id='block_1_10' title="bbox 786 1255 2357 1360">
    <p class='ocr_par' dir='ltr' id='par_1_10' title="bbox 786 1255 2357 1360">
     <span class='ocr_line' id='line_1_11' title="bbox 786 1255 2357 1360; baseline -0.024 -16"><span class='ocrx_word' id='word_1_59' title='bbox 786 1292 928 1360; x_wconf 81' lang='lat' dir='ltr'><strong>quod</strong></span> <span class='ocrx_word' id='word_1_60' title='bbox 958 1291 1010 1342; x_wconf 94' lang='lat' dir='ltr'><strong>in</strong></span> <span class='ocrx_word' id='word_1_61' title='bbox 1039 1281 1405 1341; x_wconf 80' lang='lat' dir='ltr'><strong>Chalcedonia</strong></span> <span class='ocrx_word' id='word_1_62' title='bbox 1468 1275 1824 1343; x_wconf 66' lang='lat' dir='ltr'><strong>Bnhynorum</strong></span> <span class='ocrx_word' id='word_1_63' title='bbox 1873 1262 2091 1334; x_wconf 84' lang='lat' dir='ltr'><strong>regione</strong></span> <span class='ocrx_word' id='word_1_64' title='bbox 2114 1257 2216 1312; x_wconf 87' lang='lat' dir='ltr'><strong>sub</strong></span> <span class='ocrx_word' id='word_1_65' title='bbox 2254 1255 2357 1308; x_wconf 83' lang='lat' dir='ltr'><strong>itu-</strong></span> 
     </span>
    </p>
   </div>
   <div class='ocr_carea' id='block_1_11' title="bbox 791 1364 1720 1454">
    <p class='ocr_par' dir='ltr' id='par_1_11' title="bbox 791 1364 1720 1454">
     <span class='ocr_line' id='line_1_12' title="bbox 791 1364 1720 1454; baseline -0.027 -15"><span class='ocrx_word' id='word_1_66' title='bbox 791 1393 1042 1454; x_wconf 79' lang='lat' dir='ltr'><strong>peratore</strong></span> <span class='ocrx_word' id='word_1_67' title='bbox 1079 1373 1416 1430; x_wconf 84' lang='lat' dir='ltr'><strong>Diocletiano</strong></span> <span class='ocrx_word' id='word_1_68' title='bbox 1441 1364 1720 1422; x_wconf 74' lang='lat' dir='ltr'><strong>suszinuit.</strong></span> 
     </span>
    </p>
   </div>
   <div class='ocr_carea' id='block_1_12' title="bbox 863 1441 2363 1526">
    <p class='ocr_par' dir='ltr' id='par_1_12' title="bbox 863 1441 2363 1526">
     <span class='ocr_line' id='line_1_13' title="bbox 863 1441 2363 1526; baseline -0.024 -1"><span class='ocrx_word' id='word_1_69' title='bbox 863 1474 948 1526; x_wconf 80' lang='grc'><strong>15.</strong></span> <span class='ocrx_word' id='word_1_70' title='bbox 985 1469 1216 1522; x_wconf 79' lang='lat' dir='ltr'><strong>Historia</strong></span> <span class='ocrx_word' id='word_1_71' title='bbox 1249 1463 1316 1516; x_wconf 92' lang='lat' dir='ltr'><strong>de</strong></span> <span class='ocrx_word' id='word_1_72' title='bbox 1364 1456 1609 1514; x_wconf 82' lang='lat' dir='ltr'><strong>Anthimi</strong></span> <span class='ocrx_word' id='word_1_73' title='bbox 1637 1443 2086 1506; x_wconf 75' lang='lat' dir='ltr'><strong>Nieomedicnsis,</strong></span> <span class='ocrx_word' id='word_1_74' title='bbox 2112 1441 2363 1493; x_wconf 82' lang='lat' dir='ltr'><strong>Nicome-</strong></span> 
     </span>
    </p>
   </div>
   <div class='ocr_carea' id='block_1_13' title="bbox 791 1535 2364 1628">
    <p class='ocr_par' dir='ltr' id='par_1_13' title="bbox 791 1535 2364 1628">
     <span class='ocr_line' id='line_1_14' title="bbox 791 1535 2364 1628; baseline -0.025 -8"><span class='ocrx_word' id='word_1_75' title='bbox 791 1564 1058 1619; x_wconf 87' lang='lat' dir='ltr'><strong>dicnsium</strong></span> <span class='ocrx_word' id='word_1_76' title='bbox 1091 1554 1350 1628; x_wconf 79' lang='lat' dir='ltr'><strong>episcopi,</strong></span> <span class='ocrx_word' id='word_1_77' title='bbox 1380 1549 1655 1618; x_wconf 83' lang='lat' dir='ltr'><strong>martyrio,</strong></span> <span class='ocrx_word' id='word_1_78' title='bbox 1705 1540 1849 1612; x_wconf 88' lang='lat' dir='ltr'><strong>quod</strong></span> <span class='ocrx_word' id='word_1_79' title='bbox 1897 1539 1998 1592; x_wconf 86' lang='lat' dir='ltr'><strong>sub</strong></span> <span class='ocrx_word' id='word_1_80' title='bbox 2037 1535 2364 1603; x_wconf 83' lang='lat' dir='ltr'><strong>imperatore</strong></span> 
     </span>
    </p>
   </div>
   <div class='ocr_carea' id='block_1_14' title="bbox 796 1654 1449 1718">
    <p class='ocr_par' dir='ltr' id='par_1_14' title="bbox 796 1654 1449 1718">
     <span class='ocr_line' id='line_1_15' title="bbox 796 1654 1449 1718; baseline -0.028 -5"><span class='ocrx_word' id='word_1_81' title='bbox 796 1655 1120 1712; x_wconf 73' lang='lat' dir='ltr'><strong>Maximiano</strong></span> <span class='ocrx_word' id='word_1_82' title='bbox 1143 1662 1332 1718; x_wconf 81' lang='lat' dir='ltr'><strong>paSsus</strong></span> <span class='ocrx_word' id='word_1_83' title='bbox 1350 1654 1449 1697; x_wconf 90' lang='lat' dir='ltr'><strong>est.</strong></span> 
     </span>
    </p>
   </div>
   <div class='ocr_carea' id='block_1_15' title="bbox 870 1713 2367 1803">
    <p class='ocr_par' dir='ltr' id='par_1_15' title="bbox 870 1713 2367 1803">
     <span class='ocr_line' id='line_1_16' title="bbox 870 1713 2367 1803; baseline -0.025 0"><span class='ocrx_word' id='word_1_84' title='bbox 870 1751 956 1803; x_wconf 83' lang='grc'><strong>16.</strong></span> <span class='ocrx_word' id='word_1_85' title='bbox 1001 1713 1236 1799; x_wconf 82' lang='lat' dir='ltr'><strong>Historia</strong></span> <span class='ocrx_word' id='word_1_86' title='bbox 1286 1738 1353 1792; x_wconf 86' lang='lat' dir='ltr'><strong>de</strong></span> <span class='ocrx_word' id='word_1_87' title='bbox 1413 1733 1529 1788; x_wconf 91' lang='lat' dir='ltr'><strong>lndi</strong></span> <span class='ocrx_word' id='word_1_88' title='bbox 1566 1727 1827 1789; x_wconf 85' lang='lat' dir='ltr'><strong>eunuchi,</strong></span> <span class='ocrx_word' id='word_1_89' title='bbox 1865 1724 2084 1777; x_wconf 67' lang='lat' dir='ltr'><strong>Domnre</strong></span> <span class='ocrx_word' id='word_1_90' title='bbox 2144 1713 2367 1786; x_wconf 78' lang='lat' dir='ltr'><strong>virginis</strong></span> 
     </span>
    </p>
   </div>
   <div class='ocr_carea' id='block_1_16' title="bbox 801 1807 2369 1901">
    <p class='ocr_par' dir='ltr' id='par_1_16' title="bbox 801 1807 2369 1901">
     <span class='ocr_line' id='line_1_17' title="bbox 801 1807 2369 1901; baseline -0.026 -5"><span class='ocrx_word' id='word_1_91' title='bbox 801 1853 854 1896; x_wconf 89' lang='lat' dir='ltr'><strong>et</strong></span> <span class='ocrx_word' id='word_1_92' title='bbox 879 1843 1105 1894; x_wconf 84' lang='lat' dir='ltr'><strong>aliorum</strong></span> <span class='ocrx_word' id='word_1_93' title='bbox 1134 1829 1408 1901; x_wconf 88' lang='lat' dir='ltr'><strong>martyrio,</strong></span> <span class='ocrx_word' id='word_1_94' title='bbox 1439 1826 1527 1894; x_wconf 88' lang='lat' dir='ltr'><strong>qui</strong></span> <span class='ocrx_word' id='word_1_95' title='bbox 1551 1825 1650 1876; x_wconf 88' lang='lat' dir='ltr'><strong>sub</strong></span> <span class='ocrx_word' id='word_1_96' title='bbox 1680 1822 2008 1888; x_wconf 88' lang='lat' dir='ltr'><strong>imperatore</strong></span> <span class='ocrx_word' id='word_1_97' title='bbox 2042 1807 2369 1864; x_wconf 80' lang='lat' dir='ltr'><strong>Maximiano</strong></span> 
     </span>
    </p>
   </div>
   <div class='ocr_carea' id='block_1_17' title="bbox 1896 397 2902 480">
    <p class='ocr_par' dir='ltr' id='par_1_17' title="bbox 1896 397 2902 480">
     <span class='ocr_line' id='line_1_18' title="bbox 1896 397 2902 480; baseline -0.027 0"><span class='ocrx_word' id='word_1_98' title='bbox 1896 411 2274 480; x_wconf 79' lang='lat' dir='ltr'><strong>SYMEUNIS</strong></span> <span class='ocrx_word' id='word_1_99' title='bbox 2322 397 2902 467; x_wconf 67' lang='lat' dir='ltr'><strong>METAPHHASTAS</strong></span> 
     </span>
    </p>
   </div>
   <div class='ocr_carea' id='block_1_18' title="bbox 1670 503 4036 592">
    <p class='ocr_par' dir='ltr' id='par_1_18' title="bbox 1670 503 4036 592">
     <span class='ocr_line' id='line_1_19' title="bbox 1670 503 4036 592; baseline -0.016 -4"><span class='ocrx_word' id='word_1_100' title='bbox 1670 538 2069 588; x_wconf 77' lang='lat' dir='ltr'><strong>Acmmctarum</strong></span> <span class='ocrx_word' id='word_1_101' title='bbox 2130 523 2341 578; x_wconf 81' lang='lat' dir='ltr'><strong>abbatis</strong></span> <span class='ocrx_word' id='word_1_102' title='bbox 2383 542 2418 592; x_wconf 53' lang='grc' dir='ltr'>Α</span> <span class='ocrx_word' id='word_1_103' title='bbox 2452 519 2504 572; x_wconf 90' lang='lat' dir='ltr'><strong>in</strong></span> <span class='ocrx_word' id='word_1_104' title='bbox 2536 514 2720 568; x_wconf 68' lang='lat' dir='ltr'><strong>Ionico</strong></span> <span class='ocrx_word' id='word_1_105' title='bbox 2755 512 2878 564; x_wconf 90' lang='lat' dir='ltr'><strong>sinu</strong></span> <span class='ocrx_word' id='word_1_106' title='bbox 2909 509 3138 562; x_wconf 88' lang='lat' dir='ltr'><strong>Cilicum</strong></span> <span class='ocrx_word' id='word_1_107' title='bbox 3176 504 3411 559; x_wconf 82' lang='lat' dir='ltr'><strong>civitatis</strong></span> <span class='ocrx_word' id='word_1_108' title='bbox 3455 503 3763 570; x_wconf 86' lang='lat' dir='ltr'><strong>episcopus.</strong></span> <span class='ocrx_word' id='word_1_109' title='bbox 3795 514 3919 553; x_wconf 87' lang='lat' dir='ltr'><strong>cum</strong></span> <span class='ocrx_word' id='word_1_110' title='bbox 3942 514 4036 551; x_wconf 85' lang='lat' dir='ltr'><strong>so-</strong></span> 
     </span>
    </p>
   </div>
   <div class='ocr_carea' id='block_1_19' title="bbox 3919 383 4034 444">
    <p class='ocr_par' dir='ltr' id='par_1_19' title="bbox 3919 383 4034 444">
     <span class='ocr_line' id='line_1_20' title="bbox 3919 383 4034 444; baseline -0.009 1"><span class='ocrx_word' id='word_1_111' title='bbox 3919 383 4034 444; x_wconf 80' lang='lat'><strong><em>296</em></strong></span> 
     </span>
    </p>
   </div>
   <div class='ocr_carea' id='block_1_20' title="bbox 2454 593 4035 668">
    <p class='ocr_par' dir='ltr' id='par_1_20' title="bbox 2454 593 4035 668">
     <span class='ocr_line' id='line_1_21' title="bbox 2454 593 4035 668; baseline -0.012 -8"><span class='ocrx_word' id='word_1_112' title='bbox 2454 623 2573 662; x_wconf 89' lang='lat' dir='ltr'><strong>rore</strong></span> <span class='ocrx_word' id='word_1_113' title='bbox 2596 620 2692 659; x_wconf 89' lang='lat' dir='ltr'><strong>sua</strong></span> <span class='ocrx_word' id='word_1_114' title='bbox 2721 601 2983 663; x_wconf 75' lang='lat' dir='ltr'><strong>Zenobio,</strong></span> <span class='ocrx_word' id='word_1_115' title='bbox 3027 599 3126 654; x_wconf 90' lang='lat' dir='ltr'><strong>sub</strong></span> <span class='ocrx_word' id='word_1_116' title='bbox 3155 599 3479 668; x_wconf 81' lang='lat' dir='ltr'><strong>imperatore</strong></span> <span class='ocrx_word' id='word_1_117' title='bbox 3516 593 3871 647; x_wconf 84' lang='lat' dir='ltr'><strong>Diocletiano.</strong></span> <span class='ocrx_word' id='word_1_118' title='bbox 3898 604 4035 642; x_wconf 85' lang='lat' dir='ltr'><strong>sus-</strong></span> 
     </span>
    </p>
   </div>
   <div class='ocr_carea' id='block_1_21' title="bbox 2455 699 2638 754">
    <p class='ocr_par' dir='ltr' id='par_1_21' title="bbox 2455 699 2638 754">
     <span class='ocr_line' id='line_1_22' title="bbox 2455 699 2638 754; baseline -0.011 0"><span class='ocrx_word' id='word_1_119' title='bbox 2455 699 2638 754; x_wconf 82' lang='lat' dir='ltr'><strong>tinuit.</strong></span> 
     </span>
    </p>
   </div>
   <div class='ocr_carea' id='block_1_22' title="bbox 2523 772 4029 851">
    <p class='ocr_par' dir='ltr' id='par_1_22' title="bbox 2523 772 4029 851">
     <span class='ocr_line' id='line_1_23' title="bbox 2523 772 4029 851; baseline -0.015 -4"><span class='ocrx_word' id='word_1_120' title='bbox 2523 792 2613 846; x_wconf 84' lang='grc'><strong>29.</strong></span> <span class='ocrx_word' id='word_1_121' title='bbox 2646 790 2881 845; x_wconf 88' lang='lat' dir='ltr'><strong>Historia</strong></span> <span class='ocrx_word' id='word_1_122' title='bbox 2909 787 2976 842; x_wconf 91' lang='lat' dir='ltr'><strong>de</strong></span> <span class='ocrx_word' id='word_1_123' title='bbox 3029 782 3257 838; x_wconf 87' lang='lat' dir='ltr'><strong>Sozonis</strong></span> <span class='ocrx_word' id='word_1_124' title='bbox 3284 779 3564 851; x_wconf 89' lang='lat' dir='ltr'><strong>opilionis,</strong></span> <span class='ocrx_word' id='word_1_125' title='bbox 3597 781 3768 845; x_wconf 78' lang='lat' dir='ltr'><strong>patria</strong></span> <span class='ocrx_word' id='word_1_126' title='bbox 3814 772 4029 836; x_wconf 65' lang='lat' dir='ltr'><strong>Cilicis,</strong></span> 
     </span>
    </p>
   </div>
   <div class='ocr_carea' id='block_1_23' title="bbox 2456 867 4035 956">
    <p class='ocr_par' dir='ltr' id='par_1_23' title="bbox 2456 867 4035 956">
     <span class='ocr_line' id='line_1_24' title="bbox 2456 867 4035 956; baseline -0.015 -15"><span class='ocrx_word' id='word_1_127' title='bbox 2456 885 2735 956; x_wconf 78' lang='lat' dir='ltr'><strong>martyrio,</strong></span> <span class='ocrx_word' id='word_1_128' title='bbox 2765 882 2908 952; x_wconf 92' lang='lat' dir='ltr'><strong>quod</strong></span> <span class='ocrx_word' id='word_1_129' title='bbox 2965 879 3110 948; x_wconf 90' lang='lat' dir='ltr'><strong>apud</strong></span> <span class='ocrx_word' id='word_1_130' title='bbox 3165 872 3693 944; x_wconf 80' lang='lat' dir='ltr'><strong>Ponipeiopoliianos</strong></span> <span class='ocrx_word' id='word_1_131' title='bbox 3731 869 3785 922; x_wconf 92' lang='lat' dir='ltr'><strong>in</strong></span> <span class='ocrx_word' id='word_1_132' title='bbox 3818 867 4035 929; x_wconf 87' lang='lat' dir='ltr'><strong>Cicilia,</strong></span> 
     </span>
    </p>
   </div>
   <div class='ocr_carea' id='block_1_24' title="bbox 2457 966 3484 1044">
    <p class='ocr_par' dir='ltr' id='par_1_24' title="bbox 2457 966 3484 1044">
     <span class='ocr_line' id='line_1_25' title="bbox 2457 966 3484 1044; baseline -0.018 -10"><span class='ocrx_word' id='word_1_133' title='bbox 2457 980 2559 1034; x_wconf 89' lang='lat' dir='ltr'><strong>sub</strong></span> <span class='ocrx_word' id='word_1_134' title='bbox 2585 977 2914 1044; x_wconf 90' lang='lat' dir='ltr'><strong>imperatore</strong></span> <span class='ocrx_word' id='word_1_135' title='bbox 2942 969 3270 1024; x_wconf 68' lang='lat' dir='ltr'><strong>Maximiano</strong></span> <span class='ocrx_word' id='word_1_136' title='bbox 3300 966 3484 1019; x_wconf 87' lang='lat' dir='ltr'><strong>subiit.</strong></span> 
     </span>
    </p>
   </div>
   <div class='ocr_carea' id='block_1_25' title="bbox 2529 1051 4041 1127">
    <p class='ocr_par' dir='ltr' id='par_1_25' title="bbox 2529 1051 4041 1127">
     <span class='ocr_line' id='line_1_26' title="bbox 2529 1051 4041 1127; baseline -0.016 -1"><span class='ocrx_word' id='word_1_137' title='bbox 2529 1072 2617 1126; x_wconf 77' lang='lat'><strong>50.</strong></span> <span class='ocrx_word' id='word_1_138' title='bbox 2652 1069 2890 1123; x_wconf 82' lang='lat' dir='ltr'><strong>Historia</strong></span> <span class='ocrx_word' id='word_1_139' title='bbox 2915 1066 2982 1120; x_wconf 91' lang='lat' dir='ltr'><strong>de</strong></span> <span class='ocrx_word' id='word_1_140' title='bbox 3029 1061 3293 1117; x_wconf 88' lang='lat' dir='ltr'><strong>Bonifacii</strong></span> <span class='ocrx_word' id='word_1_141' title='bbox 3327 1057 3553 1113; x_wconf 74' lang='lat' dir='ltr'><strong>Romani</strong></span> <span class='ocrx_word' id='word_1_142' title='bbox 3583 1053 3842 1127; x_wconf 83' lang='lat' dir='ltr'><strong>martyrio</strong></span> <span class='ocrx_word' id='word_1_143' title='bbox 3886 1051 4041 1121; x_wconf 78' lang='lat' dir='ltr'><strong>quod</strong></span> 
     </span>
    </p>
   </div>
   <div class='ocr_carea' id='block_1_26' title="bbox 2461 1150 3540 1234">
    <p class='ocr_par' dir='ltr' id='par_1_26' title="bbox 2461 1150 3540 1234">
     <span class='ocr_line' id='line_1_27' title="bbox 2461 1150 3540 1234; baseline -0.016 -17"><span class='ocrx_word' id='word_1_144' title='bbox 2461 1163 2602 1234; x_wconf 87' lang='lat' dir='ltr'><strong>apud</strong></span> <span class='ocrx_word' id='word_1_145' title='bbox 2627 1161 2931 1214; x_wconf 89' lang='lat' dir='ltr'><strong>Tarsenses</strong></span> <span class='ocrx_word' id='word_1_146' title='bbox 2965 1159 3017 1210; x_wconf 90' lang='lat' dir='ltr'><strong>in</strong></span> <span class='ocrx_word' id='word_1_147' title='bbox 3044 1155 3231 1209; x_wconf 87' lang='lat' dir='ltr'><strong>Cilicia</strong></span> <span class='ocrx_word' id='word_1_148' title='bbox 3264 1150 3540 1206; x_wconf 90' lang='lat' dir='ltr'><strong>sustinuit.</strong></span> 
     </span>
    </p>
   </div>
   <div class='ocr_carea' id='block_1_27' title="bbox 2532 1234 4048 1310">
    <p class='ocr_par' dir='ltr' id='par_1_27' title="bbox 2532 1234 4048 1310">
     <span class='ocr_line' id='line_1_28' title="bbox 2532 1234 4048 1310; baseline -0.016 -1"><span class='ocrx_word' id='word_1_149' title='bbox 2532 1257 2619 1310; x_wconf 84' lang='grc'><strong>51.</strong></span> <span class='ocrx_word' id='word_1_150' title='bbox 2673 1252 2908 1307; x_wconf 90' lang='lat' dir='ltr'><strong>Historia</strong></span> <span class='ocrx_word' id='word_1_151' title='bbox 2953 1251 3019 1303; x_wconf 89' lang='lat' dir='ltr'><strong>de</strong></span> <span class='ocrx_word' id='word_1_152' title='bbox 3077 1245 3374 1301; x_wconf 78' lang='lat' dir='ltr'><strong>Clementis</strong></span> <span class='ocrx_word' id='word_1_153' title='bbox 3421 1237 3692 1310; x_wconf 74' lang='lat' dir='ltr'><strong>Ancyrani</strong></span> <span class='ocrx_word' id='word_1_154' title='bbox 3722 1238 3775 1290; x_wconf 91' lang='lat' dir='ltr'><strong>in</strong></span> <span class='ocrx_word' id='word_1_155' title='bbox 3828 1234 4048 1289; x_wconf 88' lang='lat' dir='ltr'><strong>Galatia</strong></span> 
     </span>
    </p>
   </div>
   <div class='ocr_carea' id='block_1_28' title="bbox 2463 1327 4046 1418">
    <p class='ocr_par' dir='ltr' id='par_1_28' title="bbox 2463 1327 4046 1418">
     <span class='ocr_line' id='line_1_29' title="bbox 2463 1327 4046 1418; baseline -0.016 -14"><span class='ocrx_word' id='word_1_156' title='bbox 2463 1347 2703 1418; x_wconf 83' lang='lat' dir='ltr'><strong>episcopi</strong></span> <span class='ocrx_word' id='word_1_157' title='bbox 2736 1347 2844 1399; x_wconf 83' lang='lat' dir='ltr'><strong>vita</strong></span> <span class='ocrx_word' id='word_1_158' title='bbox 2876 1354 2930 1397; x_wconf 90' lang='lat' dir='ltr'><strong>et</strong></span> <span class='ocrx_word' id='word_1_159' title='bbox 2960 1339 3236 1408; x_wconf 76' lang='lat' dir='ltr'><strong>martyrio,</strong></span> <span class='ocrx_word' id='word_1_160' title='bbox 3269 1335 3359 1406; x_wconf 86' lang='lat' dir='ltr'><strong>qui</strong></span> <span class='ocrx_word' id='word_1_161' title='bbox 3391 1339 3453 1387; x_wconf 82' lang='grc' dir='ltr'><strong>Α.</strong></span> <span class='ocrx_word' id='word_1_162' title='bbox 3479 1331 3538 1386; x_wconf 92' lang='lat' dir='ltr'><strong>C.</strong></span> <span class='ocrx_word' id='word_1_163' title='bbox 3571 1333 3672 1384; x_wconf 73' lang='grc'><strong>257</strong></span> <span class='ocrx_word' id='word_1_164' title='bbox 3707 1339 3858 1390; x_wconf 89' lang='lat' dir='ltr'><strong>natu,</strong></span> <span class='ocrx_word' id='word_1_165' title='bbox 3883 1330 3952 1379; x_wconf 77' lang='grc' dir='ltr'><strong>Α.</strong></span> <span class='ocrx_word' id='word_1_166' title='bbox 3981 1327 4046 1378; x_wconf 75' lang='grc' dir='ltr'><strong>(ἶ.</strong></span> 
     </span>
    </p>
   </div>
   <div class='ocr_carea' id='block_1_29' title="bbox 2463 1419 4051 1507">
    <p class='ocr_par' dir='ltr' id='par_1_29' title="bbox 2463 1419 4051 1507">
     <span class='ocr_line' id='line_1_30' title="bbox 2463 1419 4051 1507; baseline -0.018 -13"><span class='ocrx_word' id='word_1_167' title='bbox 2463 1441 2564 1494; x_wconf 78' lang='grc'><strong>277</strong></span> <span class='ocrx_word' id='word_1_168' title='bbox 2610 1440 2898 1507; x_wconf 75' lang='lat' dir='ltr'><strong>epismpus</strong></span> <span class='ocrx_word' id='word_1_169' title='bbox 2925 1441 3164 1496; x_wconf 88' lang='lat' dir='ltr'><strong>creatus,</strong></span> <span class='ocrx_word' id='word_1_170' title='bbox 3193 1428 3423 1498; x_wconf 88' lang='lat' dir='ltr'><strong>patriam</strong></span> <span class='ocrx_word' id='word_1_171' title='bbox 3448 1439 3600 1478; x_wconf 88' lang='lat' dir='ltr'><strong>suam</strong></span> <span class='ocrx_word' id='word_1_172' title='bbox 3639 1423 3906 1490; x_wconf 81' lang='lat' dir='ltr'><strong>Ancyram</strong></span> <span class='ocrx_word' id='word_1_173' title='bbox 3942 1419 4051 1469; x_wconf 78' lang='lat' dir='ltr'><strong>sub</strong></span> 
     </span>
    </p>
   </div>
   <div class='ocr_carea' id='block_1_30' title="bbox 2467 1512 4052 1602">
    <p class='ocr_par' dir='ltr' id='par_1_30' title="bbox 2467 1512 4052 1602">
     <span class='ocr_line' id='line_1_31' title="bbox 2467 1512 4052 1602; baseline -0.015 -14"><span class='ocrx_word' id='word_1_174' title='bbox 2467 1535 2795 1602; x_wconf 88' lang='lat' dir='ltr'><strong>imperatore</strong></span> <span class='ocrx_word' id='word_1_175' title='bbox 2832 1527 3176 1590; x_wconf 74' lang='lat' dir='ltr'><strong>Maximiano,</strong></span> <span class='ocrx_word' id='word_1_176' title='bbox 3197 1521 3414 1577; x_wconf 88' lang='lat' dir='ltr'><strong>circiter</strong></span> <span class='ocrx_word' id='word_1_177' title='bbox 3453 1519 3517 1571; x_wconf 85' lang='lat' dir='ltr'><strong>A.</strong></span> <span class='ocrx_word' id='word_1_178' title='bbox 3551 1515 3610 1571; x_wconf 91' lang='lat' dir='ltr'><strong>C.</strong></span> <span class='ocrx_word' id='word_1_179' title='bbox 3636 1516 3760 1577; x_wconf 77' lang='lat'><strong>509,</strong></span> <span class='ocrx_word' id='word_1_180' title='bbox 3782 1512 4052 1582; x_wconf 83' lang='lat' dir='ltr'><strong>martyrio</strong></span> 
     </span>
    </p>
   </div>
   <div class='ocr_carea' id='block_1_31' title="bbox 2468 1622 2930 1682">
    <p class='ocr_par' dir='ltr' id='par_1_31' title="bbox 2468 1622 2930 1682">
     <span class='ocr_line' id='line_1_32' title="bbox 2468 1622 2930 1682; baseline -0.019 -1"><span class='ocrx_word' id='word_1_181' title='bbox 2468 1642 2566 1682; x_wconf 92' lang='lat' dir='ltr'><strong>suo</strong></span> <span class='ocrx_word' id='word_1_182' title='bbox 2604 1622 2930 1678; x_wconf 82' lang='lat' dir='ltr'><strong>nobilitavit.</strong></span> 
     </span>
    </p>
   </div>
   <div class='ocr_carea' id='block_1_32' title="bbox 2541 1700 4056 1775">
    <p class='ocr_par' dir='ltr' id='par_1_32' title="bbox 2541 1700 4056 1775">
     <span class='ocr_line' id='line_1_33' title="bbox 2541 1700 4056 1775; baseline -0.018 -3"><span class='ocrx_word' id='word_1_183' title='bbox 2541 1719 2628 1772; x_wconf 74' lang='lat'><strong>5&#39;2.</strong></span> <span class='ocrx_word' id='word_1_184' title='bbox 2663 1715 2895 1769; x_wconf 88' lang='lat' dir='ltr'><strong>Historia</strong></span> <span class='ocrx_word' id='word_1_185' title='bbox 2922 1712 2988 1765; x_wconf 90' lang='lat' dir='ltr'><strong>de</strong></span> <span class='ocrx_word' id='word_1_186' title='bbox 3019 1708 3260 1764; x_wconf 86' lang='lat' dir='ltr'><strong>Platonis</strong></span> <span class='ocrx_word' id='word_1_187' title='bbox 3307 1703 3572 1775; x_wconf 82' lang='lat' dir='ltr'><strong>Ancyrani</strong></span> <span class='ocrx_word' id='word_1_188' title='bbox 3597 1700 3798 1756; x_wconf 79' lang='lat' dir='ltr'><strong>Galatae</strong></span> <span class='ocrx_word' id='word_1_189' title='bbox 3839 1705 4056 1763; x_wconf 82' lang='lat' dir='ltr'><strong>marty-</strong></span> 
     </span>
    </p>
   </div>
   <div class='ocr_carea' id='block_1_33' title="bbox 2474 1803 3516 1882">
    <p class='ocr_par' dir='ltr' id='par_1_33' title="bbox 2474 1803 3516 1882">
     <span class='ocr_line' id='line_1_34' title="bbox 2474 1803 3516 1882; baseline -0.012 -14"><span class='ocrx_word' id='word_1_190' title='bbox 2474 1819 2574 1876; x_wconf 88' lang='lat' dir='ltr'><strong>rio,</strong></span> <span class='ocrx_word' id='word_1_191' title='bbox 2601 1813 2746 1882; x_wconf 91' lang='lat' dir='ltr'><strong>quod</strong></span> <span class='ocrx_word' id='word_1_192' title='bbox 2783 1812 2834 1864; x_wconf 92' lang='lat' dir='ltr'><strong>in</strong></span> <span class='ocrx_word' id='word_1_193' title='bbox 2869 1809 3041 1879; x_wconf 86' lang='lat' dir='ltr'><strong>patria</strong></span> <span class='ocrx_word' id='word_1_194' title='bbox 3070 1808 3206 1861; x_wconf 91' lang='lat' dir='ltr'><strong>urbe</strong></span> <span class='ocrx_word' id='word_1_195' title='bbox 3236 1803 3516 1860; x_wconf 85' lang='lat' dir='ltr'><strong>sustinuit.</strong></span> 
     </span>
    </p>
   </div>
   <div class='ocr_carea' id='block_1_34' title="bbox 803 1877 4058 1986">
    <p class='ocr_par' dir='ltr' id='par_1_34' title="bbox 803 1877 4058 1986">
     <span class='ocr_line' id='line_1_35' title="bbox 803 1877 2883 1901; baseline -0.007 -12"><span class='ocrx_word' id='word_1_196' title='bbox 803 1877 854 1896; x_wconf 52' lang='grc' dir='ltr'><strong>ι,</strong></span> <span class='ocrx_word' id='word_1_197' title='bbox 1447 1877 1471 1894; x_wconf 86' lang='grc'><strong>.,</strong></span> <span class='ocrx_word' id='word_1_198' title='bbox 1761 1877 1775 1888; x_wconf 91' lang='grc'><em>,</em></span> <span class='ocrx_word' id='word_1_199' title='bbox 2619 1877 2634 1882; x_wconf 82' lang='grc'><strong>,</strong></span> <span class='ocrx_word' id='word_1_200' title='bbox 2872 1877 2883 1879; x_wconf 98' lang='lat'>_</span> 
     </span>
     <span class='ocr_line' id='line_1_36' title="bbox 803 1877 4058 1986; baseline -0.02 1"><span class='ocrx_word' id='word_1_201' title='bbox 803 1938 939 1986; x_wconf 80' lang='lat' dir='ltr'><strong>intra</strong></span> <span class='ocrx_word' id='word_1_202' title='bbox 965 1925 1333 1982; x_wconf 79' lang='lat' dir='ltr'><strong>Nicomediam</strong></span> <span class='ocrx_word' id='word_1_203' title='bbox 1383 1916 1641 1986; x_wconf 81' lang='lat' dir='ltr'><strong>Bithynia:</strong></span> <span class='ocrx_word' id='word_1_204' title='bbox 1675 1913 1884 1973; x_wconf 87' lang='lat' dir='ltr'><strong>urbem,</strong></span> <span class='ocrx_word' id='word_1_205' title='bbox 1913 1917 2025 1961; x_wconf 89' lang='lat' dir='ltr'><strong>tum</strong></span> <span class='ocrx_word' id='word_1_206' title='bbox 2061 1903 2112 1956; x_wconf 89' lang='lat' dir='ltr'><strong>in</strong></span> <span class='ocrx_word' id='word_1_207' title='bbox 2147 1901 2371 1954; x_wconf 92' lang='lat' dir='ltr'><strong>incenso</strong></span> <span class='ocrx_word' id='word_1_208' title='bbox 2399 1877 2445 1935; x_wconf 81' lang='grc' dir='ltr'><strong><em>Β</em></strong></span> <span class='ocrx_word' id='word_1_209' title='bbox 2545 1907 2634 1959; x_wconf 61' lang='grc'><strong>55,</strong></span> <span class='ocrx_word' id='word_1_210' title='bbox 2666 1902 2898 1956; x_wconf 50' lang='lat' dir='ltr'><strong>“istm-ia</strong></span> <span class='ocrx_word' id='word_1_211' title='bbox 2936 1901 3003 1954; x_wconf 68' lang='lat' dir='ltr'><strong>de</strong></span> <span class='ocrx_word' id='word_1_212' title='bbox 3059 1900 3272 1952; x_wconf 64' lang='lat' dir='ltr'><strong>meum,</strong></span> <span class='ocrx_word' id='word_1_213' title='bbox 3305 1893 3542 1965; x_wconf 56' lang='lat' dir='ltr'><strong>,Egyplii</strong></span> <span class='ocrx_word' id='word_1_214' title='bbox 3575 1889 3852 1959; x_wconf 49' lang='lat' dir='ltr'><strong>martyrio,</strong></span> <span class='ocrx_word' id='word_1_215' title='bbox 3901 1884 4058 1954; x_wconf 76' lang='lat' dir='ltr'><strong>quod</strong></span> 
     </span>
    </p>
   </div>
   <div class='ocr_carea' id='block_1_35' title="bbox 807 1992 2375 2094">
    <p class='ocr_par' dir='ltr' id='par_1_35' title="bbox 807 1992 2375 2094">
     <span class='ocr_line' id='line_1_37' title="bbox 807 1992 2375 2094; baseline -0.024 -17"><span class='ocrx_word' id='word_1_216' title='bbox 807 2024 1010 2094; x_wconf 78' lang='lat' dir='ltr'><strong>t-.-mplo</strong></span> <span class='ocrx_word' id='word_1_217' title='bbox 1052 2014 1375 2074; x_wconf 83' lang='lat' dir='ltr'><strong>Christianis</strong></span> <span class='ocrx_word' id='word_1_218' title='bbox 1436 2009 1663 2079; x_wconf 84' lang='lat' dir='ltr'><strong>repleto,</strong></span> <span class='ocrx_word' id='word_1_219' title='bbox 1707 2014 1821 2056; x_wconf 90' lang='lat' dir='ltr'><strong>tum</strong></span> <span class='ocrx_word' id='word_1_220' title='bbox 1855 2008 2006 2054; x_wconf 71' lang='lat' dir='ltr'><strong>extra</strong></span> <span class='ocrx_word' id='word_1_221' title='bbox 2035 1992 2164 2049; x_wconf 91' lang='lat' dir='ltr'><strong>illud</strong></span> <span class='ocrx_word' id='word_1_222' title='bbox 2200 2001 2375 2060; x_wconf 86' lang='lat' dir='ltr'><strong>perte-</strong></span> 
     </span>
    </p>
   </div>
   <div class='ocr_carea' id='block_1_36' title="bbox 809 2131 952 2170">
    <p class='ocr_par' dir='ltr' id='par_1_36' title="bbox 809 2131 952 2170">
     <span class='ocr_line' id='line_1_38' title="bbox 809 2131 952 2170; baseline -0.007 0"><span class='ocrx_word' id='word_1_223' title='bbox 809 2131 952 2170; x_wconf 77' lang='lat' dir='ltr'><strong>runt.</strong></span> 
     </span>
    </p>
   </div>
   <div class='ocr_carea' id='block_1_37' title="bbox 880 2169 2374 2260">
    <p class='ocr_par' dir='ltr' id='par_1_37' title="bbox 880 2169 2374 2260">
     <span class='ocr_line' id='line_1_39' title="bbox 880 2169 2374 2260; baseline -0.025 0"><span class='ocrx_word' id='word_1_224' title='bbox 880 2209 966 2260; x_wconf 89' lang='grc'>17.</span> <span class='ocrx_word' id='word_1_225' title='bbox 999 2201 1232 2257; x_wconf 86' lang='lat' dir='ltr'><strong>Historia</strong></span> <span class='ocrx_word' id='word_1_226' title='bbox 1273 2200 1334 2252; x_wconf 86' lang='lat' dir='ltr'><strong>de</strong></span> <span class='ocrx_word' id='word_1_227' title='bbox 1379 2194 1606 2250; x_wconf 66' lang='lat' dir='ltr'><strong>Juliana’:</strong></span> <span class='ocrx_word' id='word_1_228' title='bbox 1636 2187 1861 2260; x_wconf 86' lang='lat' dir='ltr'><strong>virginis</strong></span> <span class='ocrx_word' id='word_1_229' title='bbox 1889 2179 2145 2250; x_wconf 86' lang='lat' dir='ltr'><strong>martyrio</strong></span> <span class='ocrx_word' id='word_1_230' title='bbox 2177 2217 2189 2239; x_wconf 92' lang='lat'><strong>,</strong></span> <span class='ocrx_word' id='word_1_231' title='bbox 2230 2169 2374 2241; x_wconf 89' lang='lat' dir='ltr'><strong>quod</strong></span> 
     </span>
    </p>
   </div>
   <div class='ocr_carea' id='block_1_38' title="bbox 812 2263 2378 2357">
    <p class='ocr_par' dir='ltr' id='par_1_38' title="bbox 812 2263 2378 2357">
     <span class='ocr_line' id='line_1_40' title="bbox 812 2263 2378 2357; baseline -0.025 -2"><span class='ocrx_word' id='word_1_232' title='bbox 812 2305 950 2354; x_wconf 88' lang='lat' dir='ltr'><strong>intra</strong></span> <span class='ocrx_word' id='word_1_233' title='bbox 1006 2294 1375 2350; x_wconf 85' lang='lat' dir='ltr'><strong>Nicomediam</strong></span> <span class='ocrx_word' id='word_1_234' title='bbox 1420 2287 1649 2357; x_wconf 86' lang='lat' dir='ltr'><strong>patriam</strong></span> <span class='ocrx_word' id='word_1_235' title='bbox 1701 2283 1801 2336; x_wconf 92' lang='lat' dir='ltr'><strong>sub</strong></span> <span class='ocrx_word' id='word_1_236' title='bbox 1839 2279 2163 2345; x_wconf 89' lang='lat' dir='ltr'><strong>imperatore</strong></span> <span class='ocrx_word' id='word_1_237' title='bbox 2207 2263 2378 2321; x_wconf 78' lang='lat' dir='ltr'><strong>Maxi-</strong></span> 
     </span>
    </p>
   </div>
   <div class='ocr_carea' id='block_1_39' title="bbox 813 2387 1299 2446">
    <p class='ocr_par' dir='ltr' id='par_1_39' title="bbox 813 2387 1299 2446">
     <span class='ocr_line' id='line_1_41' title="bbox 813 2387 1299 2446; baseline -0.012 -2"><span class='ocrx_word' id='word_1_238' title='bbox 813 2397 992 2446; x_wconf 87' lang='lat' dir='ltr'><strong>miano</strong></span> <span class='ocrx_word' id='word_1_239' title='bbox 1020 2387 1299 2444; x_wconf 87' lang='lat' dir='ltr'><strong>sustinuit.</strong></span> 
     </span>
    </p>
   </div>
   <div class='ocr_carea' id='block_1_40' title="bbox 897 2451 2380 2541">
    <p class='ocr_par' dir='ltr' id='par_1_40' title="bbox 897 2451 2380 2541">
     <span class='ocr_line' id='line_1_42' title="bbox 897 2451 2380 2541; baseline -0.026 0"><span class='ocrx_word' id='word_1_240' title='bbox 897 2487 980 2541; x_wconf 87' lang='grc'><strong>18.</strong></span> <span class='ocrx_word' id='word_1_241' title='bbox 1014 2480 1244 2536; x_wconf 88' lang='lat' dir='ltr'><strong>Historia</strong></span> <span class='ocrx_word' id='word_1_242' title='bbox 1283 2478 1347 2531; x_wconf 85' lang='lat' dir='ltr'><strong>de</strong></span> <span class='ocrx_word' id='word_1_243' title='bbox 1383 2473 1630 2528; x_wconf 69' lang='lat' dir='ltr'><strong>Barbara:</strong></span> <span class='ocrx_word' id='word_1_244' title='bbox 1659 2463 1880 2534; x_wconf 84' lang='lat' dir='ltr'><strong>virginis</strong></span> <span class='ocrx_word' id='word_1_245' title='bbox 1927 2453 2204 2527; x_wconf 83' lang='lat' dir='ltr'><strong>martyrio,</strong></span> <span class='ocrx_word' id='word_1_246' title='bbox 2237 2451 2380 2521; x_wconf 91' lang='lat' dir='ltr'><strong>quod</strong></span> 
     </span>
    </p>
   </div>
   <div class='ocr_carea' id='block_1_41' title="bbox 819 2547 2209 2637">
    <p class='ocr_par' dir='ltr' id='par_1_41' title="bbox 819 2547 2209 2637">
     <span class='ocr_line' id='line_1_43' title="bbox 819 2547 2209 2637; baseline -0.029 0"><span class='ocrx_word' id='word_1_247' title='bbox 819 2577 1144 2637; x_wconf 63' lang='lat' dir='ltr'><strong>[\icomedia:</strong></span> <span class='ocrx_word' id='word_1_248' title='bbox 1175 2572 1278 2626; x_wconf 90' lang='lat' dir='ltr'><strong>sub</strong></span> <span class='ocrx_word' id='word_1_249' title='bbox 1303 2569 1628 2636; x_wconf 84' lang='lat' dir='ltr'><strong>imperatore</strong></span> <span class='ocrx_word' id='word_1_250' title='bbox 1659 2555 1982 2612; x_wconf 81' lang='lat' dir='ltr'><strong>Maximiano</strong></span> <span class='ocrx_word' id='word_1_251' title='bbox 2019 2547 2209 2601; x_wconf 89' lang='lat' dir='ltr'><strong>subiit.</strong></span> 
     </span>
    </p>
   </div>
   <div class='ocr_carea' id='block_1_42' title="bbox 889 2638 2384 2728">
    <p class='ocr_par' dir='ltr' id='par_1_42' title="bbox 889 2638 2384 2728">
     <span class='ocr_line' id='line_1_44' title="bbox 889 2638 2384 2728; baseline -0.025 -1"><span class='ocrx_word' id='word_1_252' title='bbox 889 2674 974 2728; x_wconf 81' lang='grc'><strong>19.</strong></span> <span class='ocrx_word' id='word_1_253' title='bbox 1003 2665 1234 2723; x_wconf 88' lang='lat' dir='ltr'><strong>Historia</strong></span> <span class='ocrx_word' id='word_1_254' title='bbox 1285 2663 1352 2716; x_wconf 91' lang='lat' dir='ltr'><strong>de</strong></span> <span class='ocrx_word' id='word_1_255' title='bbox 1407 2653 1672 2723; x_wconf 81' lang='lat' dir='ltr'><strong>Eulampii</strong></span> <span class='ocrx_word' id='word_1_256' title='bbox 1716 2661 1769 2704; x_wconf 90' lang='lat' dir='ltr'><strong>et</strong></span> <span class='ocrx_word' id='word_1_257' title='bbox 1806 2641 2103 2711; x_wconf 72' lang='lat' dir='ltr'><strong>Eulampize</strong></span> <span class='ocrx_word' id='word_1_258' title='bbox 2133 2638 2384 2693; x_wconf 67' lang='lat' dir='ltr'><strong>Nicome-</strong></span> 
     </span>
    </p>
   </div>
   <div class='ocr_carea' id='block_1_43' title="bbox 821 2741 1926 2823">
    <p class='ocr_par' dir='ltr' id='par_1_43' title="bbox 821 2741 1926 2823">
     <span class='ocr_line' id='line_1_45' title="bbox 821 2741 1926 2823; baseline -0.03 0"><span class='ocrx_word' id='word_1_259' title='bbox 821 2765 1095 2823; x_wconf 84' lang='lat' dir='ltr'><strong>diensium</strong></span> <span class='ocrx_word' id='word_1_260' title='bbox 1128 2757 1311 2812; x_wconf 78' lang='lat' dir='ltr'><strong>fratris</strong></span> <span class='ocrx_word' id='word_1_261' title='bbox 1333 2762 1388 2807; x_wconf 89' lang='lat' dir='ltr'><strong>et</strong></span> <span class='ocrx_word' id='word_1_262' title='bbox 1408 2749 1610 2804; x_wconf 89' lang='lat' dir='ltr'><strong>sororis</strong></span> <span class='ocrx_word' id='word_1_263' title='bbox 1645 2741 1926 2812; x_wconf 81' lang='lat' dir='ltr'><strong>martyrio.</strong></span> 
     </span>
    </p>
   </div>
   <div class='ocr_carea' id='block_1_44' title="bbox 889 2816 2386 2910">
    <p class='ocr_par' dir='ltr' id='par_1_44' title="bbox 889 2816 2386 2910">
     <span class='ocr_line' id='line_1_46' title="bbox 889 2816 2386 2910; baseline -0.027 0"><span class='ocrx_word' id='word_1_264' title='bbox 1016 2847 1250 2904; x_wconf 88' lang='lat' dir='ltr'><strong>Historia</strong></span> <span class='ocrx_word' id='word_1_265' title='bbox 1276 2844 1342 2899; x_wconf 90' lang='lat' dir='ltr'><strong>de</strong></span> <span class='ocrx_word' id='word_1_266' title='bbox 1368 2838 1638 2895; x_wconf 91' lang='lat' dir='ltr'><strong>Theodori</strong></span> <span class='ocrx_word' id='word_1_267' title='bbox 1669 2833 1896 2904; x_wconf 79' lang='lat' dir='ltr'><strong>Tyronis</strong></span> <span class='ocrx_word' id='word_1_268' title='bbox 1932 2829 2087 2901; x_wconf 82' lang='lat' dir='ltr'><strong>(alias</strong></span> <span class='ocrx_word' id='word_1_269' title='bbox 2139 2816 2386 2887; x_wconf 88' lang='lat' dir='ltr'><strong>Teronis)</strong></span> 
     </span>
    </p>
   </div>
   <div class='ocr_carea' id='block_1_45' title="bbox 825 2916 2391 3008">
    <p class='ocr_par' dir='ltr' id='par_1_45' title="bbox 825 2916 2391 3008">
     <span class='ocr_line' id='line_1_47' title="bbox 825 2916 2391 3008; baseline -0.024 -5"><span class='ocrx_word' id='word_1_270' title='bbox 825 2947 1014 3002; x_wconf 88' lang='lat' dir='ltr'><strong>militis</strong></span> <span class='ocrx_word' id='word_1_271' title='bbox 1062 2937 1360 3008; x_wconf 89' lang='lat' dir='ltr'><strong>martyrio,</strong></span> <span class='ocrx_word' id='word_1_272' title='bbox 1406 2931 1550 3002; x_wconf 89' lang='lat' dir='ltr'><strong>quod</strong></span> <span class='ocrx_word' id='word_1_273' title='bbox 1607 2927 1753 2997; x_wconf 88' lang='lat' dir='ltr'><strong>apud</strong></span> <span class='ocrx_word' id='word_1_274' title='bbox 1799 2926 2096 2977; x_wconf 82' lang='lat' dir='ltr'><strong>Amasenos</strong></span> <span class='ocrx_word' id='word_1_275' title='bbox 2133 2918 2185 2971; x_wconf 92' lang='lat' dir='ltr'><strong>in</strong></span> <span class='ocrx_word' id='word_1_276' title='bbox 2220 2916 2391 2970; x_wconf 86' lang='lat' dir='ltr'><strong>Ponto</strong></span> 
     </span>
    </p>
   </div>
   <div class='ocr_carea' id='block_1_46' title="bbox 825 3020 1931 3107">
    <p class='ocr_par' dir='ltr' id='par_1_46' title="bbox 825 3020 1931 3107">
     <span class='ocr_line' id='line_1_48' title="bbox 825 3020 1931 3107; baseline -0.024 -11"><span class='ocrx_word' id='word_1_277' title='bbox 825 3042 924 3096; x_wconf 79' lang='lat' dir='ltr'><strong>sub</strong></span> <span class='ocrx_word' id='word_1_278' title='bbox 951 3041 1276 3107; x_wconf 88' lang='lat' dir='ltr'><strong>imperatore</strong></span> <span class='ocrx_word' id='word_1_279' title='bbox 1304 3028 1628 3083; x_wconf 72' lang='lat' dir='ltr'><strong>Maximiano</strong></span> <span class='ocrx_word' id='word_1_280' title='bbox 1653 3020 1931 3075; x_wconf 84' lang='lat' dir='ltr'><strong>sustinuit.</strong></span> 
     </span>
    </p>
   </div>
   <div class='ocr_carea' id='block_1_47' title="bbox 895 3101 2390 3186">
    <p class='ocr_par' dir='ltr' id='par_1_47' title="bbox 895 3101 2390 3186">
     <span class='ocr_line' id='line_1_49' title="bbox 895 3101 2390 3186; baseline -0.024 0"><span class='ocrx_word' id='word_1_281' title='bbox 895 3132 983 3186; x_wconf 72' lang='lat' dir='ltr'><strong>at.</strong></span> <span class='ocrx_word' id='word_1_282' title='bbox 1029 3101 1264 3182; x_wconf 80' lang='lat' dir='ltr'><strong>Historia</strong></span> <span class='ocrx_word' id='word_1_283' title='bbox 1317 3122 1383 3175; x_wconf 88' lang='lat' dir='ltr'><strong>de</strong></span> <span class='ocrx_word' id='word_1_284' title='bbox 1433 3114 1725 3172; x_wconf 82' lang='lat' dir='ltr'><strong>Abrahami</strong></span> <span class='ocrx_word' id='word_1_285' title='bbox 1769 3109 1924 3182; x_wconf 82' lang='lat' dir='ltr'><strong>M&#39;ysii</strong></span> <span class='ocrx_word' id='word_1_286' title='bbox 1987 3103 2231 3162; x_wconf 70' lang='lat' dir='ltr'><strong>eremitae</strong></span> <span class='ocrx_word' id='word_1_287' title='bbox 2257 3101 2390 3164; x_wconf 89' lang='lat' dir='ltr'><strong>vita,</strong></span> 
     </span>
    </p>
   </div>
   <div class='ocr_carea' id='block_1_48' title="bbox 2477 1980 4057 2067">
    <p class='ocr_par' dir='ltr' id='par_1_48' title="bbox 2477 1980 4057 2067">
     <span class='ocr_line' id='line_1_50' title="bbox 2477 1980 4057 2067; baseline -0.014 -15"><span class='ocrx_word' id='word_1_288' title='bbox 2477 1998 2870 2067; x_wconf 78' lang='lat' dir='ltr'><strong>imperantibus</strong></span> <span class='ocrx_word' id='word_1_289' title='bbox 2925 1992 3262 2046; x_wconf 81' lang='lat' dir='ltr'><strong>Diocletiano</strong></span> <span class='ocrx_word' id='word_1_290' title='bbox 3329 1997 3384 2042; x_wconf 87' lang='lat' dir='ltr'><strong>et</strong></span> <span class='ocrx_word' id='word_1_291' title='bbox 3452 1983 3780 2038; x_wconf 76' lang='lat' dir='ltr'><strong>Maximiano</strong></span> <span class='ocrx_word' id='word_1_292' title='bbox 3830 1980 3992 2031; x_wconf 88' lang='lat' dir='ltr'><strong>miles</strong></span> <span class='ocrx_word' id='word_1_293' title='bbox 4041 2020 4057 2041; x_wconf 89' lang='lat'><strong>,</strong></span> 
     </span>
    </p>
   </div>
   <div class='ocr_carea' id='block_1_49' title="bbox 2479 2073 3931 2150">
    <p class='ocr_par' dir='ltr' id='par_1_49' title="bbox 2479 2073 3931 2150">
     <span class='ocr_line' id='line_1_51' title="bbox 2479 2073 3931 2150; baseline -0.017 0"><span class='ocrx_word' id='word_1_294' title='bbox 2479 2096 2580 2150; x_wconf 91' lang='lat' dir='ltr'><strong>sub</strong></span> <span class='ocrx_word' id='word_1_295' title='bbox 2614 2093 2803 2147; x_wconf 84' lang='lat' dir='ltr'><strong>iisdem</strong></span> <span class='ocrx_word' id='word_1_296' title='bbox 2831 2091 2884 2144; x_wconf 91' lang='lat' dir='ltr'><strong>in</strong></span> <span class='ocrx_word' id='word_1_297' title='bbox 2908 2088 3218 2143; x_wconf 87' lang='lat' dir='ltr'><strong>Galatarum</strong></span> <span class='ocrx_word' id='word_1_298' title='bbox 3245 2083 3377 2136; x_wconf 90' lang='lat' dir='ltr'><strong>urbe</strong></span> <span class='ocrx_word' id='word_1_299' title='bbox 3405 2081 3620 2148; x_wconf 75' lang='lat' dir='ltr'><strong>Cotyaeo</strong></span> <span class='ocrx_word' id='word_1_300' title='bbox 3651 2073 3931 2131; x_wconf 86' lang='lat' dir='ltr'><strong>sustinuit.</strong></span> 
     </span>
    </p>
   </div>
   <div class='ocr_carea' id='block_1_50' title="bbox 2549 2163 4061 2240">
    <p class='ocr_par' dir='ltr' id='par_1_50' title="bbox 2549 2163 4061 2240">
     <span class='ocr_line' id='line_1_52' title="bbox 2549 2163 4061 2240; baseline -0.018 0"><span class='ocrx_word' id='word_1_301' title='bbox 2549 2187 2637 2240; x_wconf 66' lang='grc'>54.</span> <span class='ocrx_word' id='word_1_302' title='bbox 2678 2182 2912 2238; x_wconf 84' lang='lat' dir='ltr'><strong>Historia</strong></span> <span class='ocrx_word' id='word_1_303' title='bbox 2967 2181 3034 2234; x_wconf 84' lang='lat' dir='ltr'><strong>de</strong></span> <span class='ocrx_word' id='word_1_304' title='bbox 3086 2175 3382 2235; x_wconf 86' lang='lat' dir='ltr'><strong>Eustratii,</strong></span> <span class='ocrx_word' id='word_1_305' title='bbox 3435 2169 3728 2233; x_wconf 79' lang='lat' dir='ltr'><strong>Auxentii,</strong></span> <span class='ocrx_word' id='word_1_306' title='bbox 3781 2163 4061 2234; x_wconf 79' lang='lat' dir='ltr'><strong>Eugenii,</strong></span> 
     </span>
    </p>
   </div>
   <div class='ocr_carea' id='block_1_51' title="bbox 2481 2261 4066 2341">
    <p class='ocr_par' dir='ltr' id='par_1_51' title="bbox 2481 2261 4066 2341">
     <span class='ocr_line' id='line_1_53' title="bbox 2481 2261 4066 2341; baseline -0.016 -7"><span class='ocrx_word' id='word_1_307' title='bbox 2481 2279 2754 2341; x_wconf 89' lang='lat' dir='ltr'><strong>Mardarii,</strong></span> <span class='ocrx_word' id='word_1_308' title='bbox 2784 2287 2840 2330; x_wconf 90' lang='lat' dir='ltr'><strong>et</strong></span> <span class='ocrx_word' id='word_1_309' title='bbox 2873 2275 3077 2328; x_wconf 76' lang='lat' dir='ltr'><strong>Oresta:</strong></span> <span class='ocrx_word' id='word_1_310' title='bbox 3129 2269 3408 2340; x_wconf 86' lang='lat' dir='ltr'><strong>martyrio,</strong></span> <span class='ocrx_word' id='word_1_311' title='bbox 3438 2265 3581 2335; x_wconf 91' lang='lat' dir='ltr'><strong>quod</strong></span> <span class='ocrx_word' id='word_1_312' title='bbox 3604 2263 3705 2318; x_wconf 85' lang='lat' dir='ltr'><strong>sub</strong></span> <span class='ocrx_word' id='word_1_313' title='bbox 3755 2261 4066 2329; x_wconf 83' lang='lat' dir='ltr'><strong>imperato-</strong></span> 
     </span>
    </p>
   </div>
   <div class='ocr_carea' id='block_1_52' title="bbox 2484 2348 4058 2425">
    <p class='ocr_par' dir='ltr' id='par_1_52' title="bbox 2484 2348 4058 2425">
     <span class='ocr_line' id='line_1_54' title="bbox 2484 2348 4058 2425; baseline -0.017 0"><span class='ocrx_word' id='word_1_314' title='bbox 2484 2373 2634 2425; x_wconf 89' lang='lat' dir='ltr'><strong>ribus</strong></span> <span class='ocrx_word' id='word_1_315' title='bbox 2658 2367 2987 2422; x_wconf 89' lang='lat' dir='ltr'><strong>Diocletiano</strong></span> <span class='ocrx_word' id='word_1_316' title='bbox 3011 2374 3067 2418; x_wconf 89' lang='lat' dir='ltr'><strong>et</strong></span> <span class='ocrx_word' id='word_1_317' title='bbox 3095 2361 3419 2416; x_wconf 79' lang='lat' dir='ltr'><strong>Maximiano</strong></span> <span class='ocrx_word' id='word_1_318' title='bbox 3457 2358 3508 2409; x_wconf 90' lang='lat' dir='ltr'><strong>in</strong></span> <span class='ocrx_word' id='word_1_319' title='bbox 3555 2351 3895 2423; x_wconf 85' lang='lat' dir='ltr'><strong>Cappadocia</strong></span> <span class='ocrx_word' id='word_1_320' title='bbox 3929 2348 4058 2401; x_wconf 86' lang='lat' dir='ltr'><strong>sub-</strong></span> 
     </span>
    </p>
   </div>
   <div class='ocr_carea' id='block_1_53' title="bbox 2487 2464 2690 2517">
    <p class='ocr_par' dir='ltr' id='par_1_53' title="bbox 2487 2464 2690 2517">
     <span class='ocr_line' id='line_1_55' title="bbox 2487 2464 2690 2517; baseline -0.02 0"><span class='ocrx_word' id='word_1_321' title='bbox 2487 2464 2690 2517; x_wconf 82' lang='lat' dir='ltr'><strong>ierunt.</strong></span> 
     </span>
    </p>
   </div>
   <div class='ocr_carea' id='block_1_54' title="bbox 2557 2531 4067 2618">
    <p class='ocr_par' dir='ltr' id='par_1_54' title="bbox 2557 2531 4067 2618">
     <span class='ocr_line' id='line_1_56' title="bbox 2557 2531 4067 2618; baseline -0.021 -7"><span class='ocrx_word' id='word_1_322' title='bbox 2557 2555 2645 2610; x_wconf 78' lang='grc'><strong>55.</strong></span> <span class='ocrx_word' id='word_1_323' title='bbox 2711 2553 2945 2607; x_wconf 87' lang='lat' dir='ltr'><strong>Historia</strong></span> <span class='ocrx_word' id='word_1_324' title='bbox 2994 2551 3061 2605; x_wconf 91' lang='lat' dir='ltr'><strong>de</strong></span> <span class='ocrx_word' id='word_1_325' title='bbox 3114 2545 3340 2618; x_wconf 79' lang='lat' dir='ltr'><strong>Longini</strong></span> <span class='ocrx_word' id='word_1_326' title='bbox 3393 2538 3726 2598; x_wconf 82' lang='lat' dir='ltr'><strong>centurionis</strong></span> <span class='ocrx_word' id='word_1_327' title='bbox 3774 2531 4067 2602; x_wconf 82' lang='lat' dir='ltr'><strong>martyrio,</strong></span> 
     </span>
    </p>
   </div>
   <div class='ocr_carea' id='block_1_55' title="bbox 2489 2629 4073 2718">
    <p class='ocr_par' dir='ltr' id='par_1_55' title="bbox 2489 2629 4073 2718">
     <span class='ocr_line' id='line_1_57' title="bbox 2489 2629 4073 2718; baseline -0.019 -13"><span class='ocrx_word' id='word_1_328' title='bbox 2489 2650 2580 2718; x_wconf 74' lang='lat' dir='ltr'><strong>qui</strong></span> <span class='ocrx_word' id='word_1_329' title='bbox 2636 2647 2852 2702; x_wconf 89' lang='lat' dir='ltr'><strong>natione</strong></span> <span class='ocrx_word' id='word_1_330' title='bbox 2887 2644 3124 2706; x_wconf 69' lang='lat' dir='ltr'><strong>Judmus,</strong></span> <span class='ocrx_word' id='word_1_331' title='bbox 3190 2637 3392 2693; x_wconf 76' lang='lat' dir='ltr'><strong>Christi</strong></span> <span class='ocrx_word' id='word_1_332' title='bbox 3455 2631 3744 2705; x_wconf 78' lang='lat' dir='ltr'><strong>pendentis</strong></span> <span class='ocrx_word' id='word_1_333' title='bbox 3801 2629 3854 2680; x_wconf 93' lang='lat' dir='ltr'><strong>in</strong></span> <span class='ocrx_word' id='word_1_334' title='bbox 3899 2637 4073 2680; x_wconf 84' lang='lat' dir='ltr'><strong>cruce</strong></span> 
     </span>
    </p>
   </div>
   <div class='ocr_carea' id='block_1_56' title="bbox 2491 2732 4077 2808">
    <p class='ocr_par' dir='ltr' id='par_1_56' title="bbox 2491 2732 4077 2808">
     <span class='ocr_line' id='line_1_58' title="bbox 2491 2732 4077 2808; baseline -0.02 -11"><span class='ocrx_word' id='word_1_335' title='bbox 2491 2751 2698 2805; x_wconf 85' lang='lat' dir='ltr'><strong>custos,</strong></span> <span class='ocrx_word' id='word_1_336' title='bbox 2732 2741 2798 2794; x_wconf 88' lang='lat' dir='ltr'><strong>ad</strong></span> <span class='ocrx_word' id='word_1_337' title='bbox 2823 2738 3148 2808; x_wconf 80' lang='lat' dir='ltr'><strong>.religionem</strong></span> <span class='ocrx_word' id='word_1_338' title='bbox 3183 2732 3543 2787; x_wconf 88' lang='lat' dir='ltr'><strong>Christianam</strong></span> <span class='ocrx_word' id='word_1_339' title='bbox 3575 2737 3896 2779; x_wconf 85' lang='lat' dir='ltr'><strong>conversus,</strong></span> <span class='ocrx_word' id='word_1_340' title='bbox 3937 2732 4077 2786; x_wconf 86' lang='lat' dir='ltr'><strong>per-</strong></span> 
     </span>
    </p>
   </div>
   <div class='ocr_carea' id='block_1_57' title="bbox 2493 2810 4075 2890">
    <p class='ocr_par' dir='ltr' id='par_1_57' title="bbox 2493 2810 4075 2890">
     <span class='ocr_line' id='line_1_59' title="bbox 2493 2810 4075 2890; baseline -0.018 0"><span class='ocrx_word' id='word_1_341' title='bbox 2493 2834 2790 2890; x_wconf 79' lang='lat' dir='ltr'><strong>secutionis</strong></span> <span class='ocrx_word' id='word_1_342' title='bbox 2860 2839 3079 2883; x_wconf 88' lang='lat' dir='ltr'><strong>auctore</strong></span> <span class='ocrx_word' id='word_1_343' title='bbox 3123 2825 3317 2890; x_wconf 92' lang='lat' dir='ltr'><strong>Pilato,</strong></span> <span class='ocrx_word' id='word_1_344' title='bbox 3371 2821 3630 2874; x_wconf 65' lang='lat' dir='ltr'><strong>Caesareae</strong></span> <span class='ocrx_word' id='word_1_345' title='bbox 3676 2810 4075 2882; x_wconf 86' lang='lat' dir='ltr'><strong>Cappadocum</strong></span> 
     </span>
    </p>
   </div>
   <div class='ocr_carea' id='block_1_58' title="bbox 2496 2910 3782 2991">
    <p class='ocr_par' dir='ltr' id='par_1_58' title="bbox 2496 2910 3782 2991">
     <span class='ocr_line' id='line_1_60' title="bbox 2496 2910 3782 2991; baseline -0.018 -11"><span class='ocrx_word' id='word_1_346' title='bbox 2496 2927 2648 2991; x_wconf 90' lang='lat' dir='ltr'><strong>urbe,</strong></span> <span class='ocrx_word' id='word_1_347' title='bbox 2683 2932 2909 2979; x_wconf 89' lang='lat' dir='ltr'><strong>mortem</strong></span> <span class='ocrx_word' id='word_1_348' title='bbox 2943 2935 3040 2988; x_wconf 89' lang='lat' dir='ltr'><strong>pro</strong></span> <span class='ocrx_word' id='word_1_349' title='bbox 3061 2917 3280 2971; x_wconf 81' lang='lat' dir='ltr'><strong>Christo</strong></span> <span class='ocrx_word' id='word_1_350' title='bbox 3310 2913 3538 2968; x_wconf 83' lang='lat' dir='ltr'><strong>subiisse</strong></span> <span class='ocrx_word' id='word_1_351' title='bbox 3563 2910 3782 2962; x_wconf 86' lang='lat' dir='ltr'><strong>dicitur.</strong></span> 
     </span>
    </p>
   </div>
   <div class='ocr_carea' id='block_1_59' title="bbox 2565 2995 4076 3072">
    <p class='ocr_par' dir='ltr' id='par_1_59' title="bbox 2565 2995 4076 3072">
     <span class='ocr_line' id='line_1_61' title="bbox 2565 2995 4076 3072; baseline -0.019 0"><span class='ocrx_word' id='word_1_352' title='bbox 2565 3019 2655 3072; x_wconf 68' lang='lat'><strong>36.</strong></span> <span class='ocrx_word' id='word_1_353' title='bbox 2715 3013 2946 3068; x_wconf 88' lang='lat' dir='ltr'><strong>Historia</strong></span> <span class='ocrx_word' id='word_1_354' title='bbox 2989 3011 3054 3063; x_wconf 84' lang='lat' dir='ltr'><strong>de</strong></span> <span class='ocrx_word' id='word_1_355' title='bbox 3103 3005 3345 3060; x_wconf 75' lang='lat' dir='ltr'><strong>Mercurii</strong></span> <span class='ocrx_word' id='word_1_356' title='bbox 3389 3001 3680 3071; x_wconf 83' lang='lat' dir='ltr'><strong>martyrio,</strong></span> <span class='ocrx_word' id='word_1_357' title='bbox 3721 2995 3865 3066; x_wconf 91' lang='lat' dir='ltr'><strong>quod</strong></span> <span class='ocrx_word' id='word_1_358' title='bbox 3910 3003 4076 3063; x_wconf 83' lang='lat' dir='ltr'><strong>patre</strong></span> 
     </span>
    </p>
   </div>
   <div class='ocr_carea' id='block_1_60' title="bbox 2496 3083 4083 3174">
    <p class='ocr_par' dir='ltr' id='par_1_60' title="bbox 2496 3083 4083 3174">
     <span class='ocr_line' id='line_1_62' title="bbox 2496 3083 4083 3174; baseline -0.02 -7"><span class='ocrx_word' id='word_1_359' title='bbox 2496 3109 2768 3166; x_wconf 85' lang='lat' dir='ltr'><strong>Gordiano</strong></span> <span class='ocrx_word' id='word_1_360' title='bbox 2797 3107 2994 3174; x_wconf 84' lang='lat' dir='ltr'><strong>Scytha</strong></span> <span class='ocrx_word' id='word_1_361' title='bbox 3020 3109 3196 3162; x_wconf 89' lang='lat' dir='ltr'><strong>natus,</strong></span> <span class='ocrx_word' id='word_1_362' title='bbox 3228 3097 3454 3151; x_wconf 90' lang='lat' dir='ltr'><strong>militum</strong></span> <span class='ocrx_word' id='word_1_363' title='bbox 3487 3094 3614 3155; x_wconf 81' lang='lat' dir='ltr'><strong>dux,</strong></span> <span class='ocrx_word' id='word_1_364' title='bbox 3640 3091 3905 3143; x_wconf 61' lang='lat' dir='ltr'><strong>Caesarea:</strong></span> <span class='ocrx_word' id='word_1_365' title='bbox 3931 3083 4083 3152; x_wconf 85' lang='lat' dir='ltr'><strong>Cap-</strong></span> 
     </span>
    </p>
   </div>
   <div class='ocr_carea' id='block_1_61' title="bbox 828 3177 2395 3296">
    <p class='ocr_par' dir='ltr' id='par_1_61' title="bbox 828 3205 2390 3296">
     <span class='ocr_line' id='line_1_63' title="bbox 828 3205 2390 3296; baseline -0.022 -17"><span class='ocrx_word' id='word_1_366' title='bbox 828 3225 920 3296; x_wconf 90' lang='lat' dir='ltr'><strong>qui</strong></span> <span class='ocrx_word' id='word_1_367' title='bbox 961 3219 1158 3277; x_wconf 72' lang='lat' dir='ltr'><strong>sazcnlo</strong></span> <span class='ocrx_word' id='word_1_368' title='bbox 1205 3224 1324 3286; x_wconf 86' lang='lat' dir='ltr'><strong>post</strong></span> <span class='ocrx_word' id='word_1_369' title='bbox 1352 3213 1417 3268; x_wconf 93' lang='lat' dir='ltr'><strong>C.</strong></span> <span class='ocrx_word' id='word_1_370' title='bbox 1480 3208 1546 3263; x_wconf 82' lang='lat' dir='ltr'><strong>N.</strong></span> <span class='ocrx_word' id='word_1_371' title='bbox 1580 3217 1754 3264; x_wconf 79' lang='lat' dir='ltr'><strong>sexto.</strong></span> <span class='ocrx_word' id='word_1_372' title='bbox 1782 3205 1995 3260; x_wconf 88' lang='lat' dir='ltr'><strong>deserta</strong></span> <span class='ocrx_word' id='word_1_373' title='bbox 2030 3212 2228 3269; x_wconf 87' lang='lat' dir='ltr'><strong>sponsa</strong></span> <span class='ocrx_word' id='word_1_374' title='bbox 2273 3208 2390 3256; x_wconf 89' lang='lat' dir='ltr'><strong>sua,</strong></span> 
     </span>
    </p>
   </div>
   <div class='ocr_carea' id='block_1_62' title="bbox 2504 3177 3951 3296">
    <p class='ocr_par' dir='ltr' id='par_1_62' title="bbox 2504 3177 3951 3296">
     <span class='ocr_line' id='line_1_64' title="bbox 2504 3177 3951 3274; baseline -0.018 -19"><span class='ocrx_word' id='word_1_375' title='bbox 2504 3202 2765 3274; x_wconf 61' lang='lat' dir='ltr'><strong>padocurn</strong></span> <span class='ocrx_word' id='word_1_376' title='bbox 2799 3199 2952 3263; x_wconf 85' lang='lat' dir='ltr'><strong>urbe,</strong></span> <span class='ocrx_word' id='word_1_377' title='bbox 2984 3197 3086 3249; x_wconf 87' lang='lat' dir='ltr'><strong>sub</strong></span> <span class='ocrx_word' id='word_1_378' title='bbox 3115 3195 3441 3259; x_wconf 82' lang='lat' dir='ltr'><strong>imperatore</strong></span> <span class='ocrx_word' id='word_1_379' title='bbox 3473 3184 3632 3238; x_wconf 89' lang='lat' dir='ltr'><strong>Decio</strong></span> <span class='ocrx_word' id='word_1_380' title='bbox 3665 3177 3951 3234; x_wconf 88' lang='lat' dir='ltr'><strong>sustinuit.</strong></span> 
     </span>
     <span class='ocr_line' id='line_1_65' title="bbox 2573 3271 3951 3296; baseline -0.007 6"><span class='ocrx_word' id='word_1_381' title='bbox 2573 3292 2639 3296; x_wconf 84' lang='lat'><em>__</em></span> <span class='ocrx_word' id='word_1_382' title='bbox 2696 3288 2753 3296; x_wconf 88' lang='grc'><strong>--.</strong></span> <span class='ocrx_word' id='word_1_383' title='bbox 2879 3288 2888 3296; x_wconf 94' lang='grc'><strong>.</strong></span> <span class='ocrx_word' id='word_1_384' title='bbox 2993 3285 3004 3296; x_wconf 92' lang='grc'>.</span> <span class='ocrx_word' id='word_1_385' title='bbox 3081 3283 3122 3296; x_wconf 81' lang='grc' dir='ltr'>η</span> <span class='ocrx_word' id='word_1_386' title='bbox 3257 3278 3360 3296; x_wconf 60' lang='lat' dir='ltr'><strong>,,.e_</strong></span> <span class='ocrx_word' id='word_1_387' title='bbox 3392 3271 3749 3296; x_wconf 66' lang='lat' dir='ltr'><strong>n-_-|-r..--..:..</strong></span> <span class='ocrx_word' id='word_1_388' title='bbox 3787 3275 3951 3296; x_wconf 56' lang='grc' dir='ltr'><strong>ητα-..</strong></span> 
     </span>
    </p>
   </div>
   <div class='ocr_carea' id='block_1_63' title="bbox 831 3286 2296 3372">
    <p class='ocr_par' dir='ltr' id='par_1_63' title="bbox 831 3286 2296 3372">
     <span class='ocr_line' id='line_1_66' title="bbox 831 3286 2296 3372; baseline -0.024 0"><span class='ocrx_word' id='word_1_389' title='bbox 831 3286 1124 3372; x_wconf 72' lang='lat' dir='ltr'><strong>solitariam</strong></span> <span class='ocrx_word' id='word_1_390' title='bbox 1149 3307 1213 3360; x_wconf 88' lang='lat' dir='ltr'><strong>ad</strong></span> <span class='ocrx_word' id='word_1_391' title='bbox 1246 3305 1654 3365; x_wconf 85' lang='lat' dir='ltr'><strong>Hellespontum</strong></span> <span class='ocrx_word' id='word_1_392' title='bbox 1688 3298 1740 3350; x_wconf 92' lang='lat' dir='ltr'><strong>in</strong></span> <span class='ocrx_word' id='word_1_393' title='bbox 1771 3293 1930 3365; x_wconf 85' lang='lat' dir='ltr'><strong>Mysia</strong></span> <span class='ocrx_word' id='word_1_394' title='bbox 1965 3291 2131 3346; x_wconf 89' lang='lat' dir='ltr'><strong>vitam</strong></span> <span class='ocrx_word' id='word_1_395' title='bbox 2167 3286 2296 3356; x_wconf 93' lang='lat' dir='ltr'><strong>egit.</strong></span> 
     </span>
    </p>
   </div>
   <div class='ocr_carea' id='block_1_64' title="bbox 900 3374 2398 3455">
    <p class='ocr_par' dir='ltr' id='par_1_64' title="bbox 900 3374 2398 3455">
     <span class='ocr_line' id='line_1_67' title="bbox 900 3374 2398 3455; baseline -0.019 -2"><span class='ocrx_word' id='word_1_396' title='bbox 900 3402 993 3454; x_wconf 74' lang='grc'>22.</span> <span class='ocrx_word' id='word_1_397' title='bbox 1035 3395 1267 3450; x_wconf 85' lang='lat' dir='ltr'><strong>Historia</strong></span> <span class='ocrx_word' id='word_1_398' title='bbox 1312 3392 1377 3445; x_wconf 89' lang='lat' dir='ltr'><strong>de</strong></span> <span class='ocrx_word' id='word_1_399' title='bbox 1423 3389 1771 3455; x_wconf 80' lang='lat' dir='ltr'><strong>Theophanis</strong></span> <span class='ocrx_word' id='word_1_400' title='bbox 1803 3384 1910 3435; x_wconf 91' lang='lat' dir='ltr'><strong>vita</strong></span> <span class='ocrx_word' id='word_1_401' title='bbox 1971 3423 1984 3447; x_wconf 89' lang='lat'><strong>,</strong></span> <span class='ocrx_word' id='word_1_402' title='bbox 2027 3394 2187 3448; x_wconf 88' lang='lat' dir='ltr'><strong>quem</strong></span> <span class='ocrx_word' id='word_1_403' title='bbox 2227 3374 2398 3443; x_wconf 84' lang='lat' dir='ltr'><strong>patria</strong></span> 
     </span>
    </p>
   </div>
   <div class='ocr_carea' id='block_1_65' title="bbox 831 3468 2398 3554">
    <p class='ocr_par' dir='ltr' id='par_1_65' title="bbox 831 3468 2398 3554">
     <span class='ocr_line' id='line_1_68' title="bbox 831 3468 2398 3554; baseline -0.018 -9"><span class='ocrx_word' id='word_1_404' title='bbox 831 3485 1488 3554; x_wconf 75' lang='lat' dir='ltr'><strong>Constantinopolitantum</strong></span> <span class='ocrx_word' id='word_1_405' title='bbox 1513 3484 1655 3549; x_wconf 75' lang='lat' dir='ltr'><strong>Ager</strong></span> <span class='ocrx_word' id='word_1_406' title='bbox 1713 3488 1978 3544; x_wconf 90' lang='lat' dir='ltr'><strong>magnus,</strong></span> <span class='ocrx_word' id='word_1_407' title='bbox 2042 3472 2096 3524; x_wconf 91' lang='lat' dir='ltr'><strong>in</strong></span> <span class='ocrx_word' id='word_1_408' title='bbox 2153 3468 2398 3538; x_wconf 88' lang='lat' dir='ltr'><strong>Sigriana</strong></span> 
     </span>
    </p>
   </div>
   <div class='ocr_carea' id='block_1_66' title="bbox 837 3559 2401 3651">
    <p class='ocr_par' dir='ltr' id='par_1_66' title="bbox 837 3559 2401 3651">
     <span class='ocr_line' id='line_1_69' title="bbox 837 3559 2401 3651; baseline -0.016 -16"><span class='ocrx_word' id='word_1_409' title='bbox 837 3581 1014 3651; x_wconf 63' lang='lat' dir='ltr'><strong>Mysia:</strong></span> <span class='ocrx_word' id='word_1_410' title='bbox 1055 3575 1280 3629; x_wconf 81' lang='lat' dir='ltr'><strong>minoris</strong></span> <span class='ocrx_word' id='word_1_411' title='bbox 1312 3571 1550 3641; x_wconf 88' lang='lat' dir='ltr'><strong>regio:.c,</strong></span> <span class='ocrx_word' id='word_1_412' title='bbox 1586 3566 1978 3620; x_wconf 88' lang='lat' dir='ltr'><strong>monasterium</strong></span> <span class='ocrx_word' id='word_1_413' title='bbox 2019 3561 2206 3616; x_wconf 84' lang='lat' dir='ltr'><strong>habuit</strong></span> <span class='ocrx_word' id='word_1_414' title='bbox 2233 3559 2401 3612; x_wconf 85' lang='lat' dir='ltr'><strong>abba-</strong></span> 
     </span>
    </p>
   </div>
   <div class='ocr_carea' id='block_1_67' title="bbox 835 3662 1874 3735">
    <p class='ocr_par' dir='ltr' id='par_1_67' title="bbox 835 3662 1874 3735">
     <span class='ocr_line' id='line_1_70' title="bbox 835 3662 1874 3735; baseline -0.019 -7"><span class='ocrx_word' id='word_1_415' title='bbox 835 3685 966 3735; x_wconf 90' lang='lat' dir='ltr'><strong>tem,</strong></span> <span class='ocrx_word' id='word_1_416' title='bbox 994 3670 1210 3724; x_wconf 89' lang='lat' dir='ltr'><strong>circiter</strong></span> <span class='ocrx_word' id='word_1_417' title='bbox 1235 3664 1395 3718; x_wconf 81' lang='lat' dir='ltr'><strong>A.&#39;C.</strong></span> <span class='ocrx_word' id='word_1_418' title='bbox 1435 3662 1538 3716; x_wconf 88' lang='lat' dir='ltr'><strong>8I8</strong></span> <span class='ocrx_word' id='word_1_419' title='bbox 1580 3667 1874 3712; x_wconf 87' lang='lat' dir='ltr'><strong>mortuum.</strong></span> 
     </span>
    </p>
   </div>
   <div class='ocr_carea' id='block_1_68' title="bbox 905 3739 2402 3817">
    <p class='ocr_par' dir='ltr' id='par_1_68' title="bbox 905 3739 2402 3817">
     <span class='ocr_line' id='line_1_71' title="bbox 905 3739 2402 3817; baseline -0.017 0"><span class='ocrx_word' id='word_1_420' title='bbox 905 3764 995 3817; x_wconf 76' lang='grc'>25.</span> <span class='ocrx_word' id='word_1_421' title='bbox 1034 3755 1266 3812; x_wconf 89' lang='lat' dir='ltr'><strong>Historia</strong></span> <span class='ocrx_word' id='word_1_422' title='bbox 1312 3753 1377 3805; x_wconf 90' lang='lat' dir='ltr'><strong>de</strong></span> <span class='ocrx_word' id='word_1_423' title='bbox 1432 3747 1673 3806; x_wconf 85' lang='lat' dir='ltr'><strong>Abercii.</strong></span> <span class='ocrx_word' id='word_1_424' title='bbox 1738 3743 2286 3812; x_wconf 78' lang='lat' dir='ltr'><strong>Hieropolitanorum,</strong></span> <span class='ocrx_word' id='word_1_425' title='bbox 2349 3739 2402 3792; x_wconf 93' lang='lat' dir='ltr'><strong>in</strong></span> 
     </span>
    </p>
   </div>
   <div class='ocr_carea' id='block_1_69' title="bbox 843 3837 2406 3919">
    <p class='ocr_par' dir='ltr' id='par_1_69' title="bbox 843 3837 2406 3919">
     <span class='ocr_line' id='line_1_72' title="bbox 843 3837 2406 3919; baseline -0.016 -7"><span class='ocrx_word' id='word_1_426' title='bbox 843 3858 1050 3912; x_wconf 88' lang='lat' dir='ltr'><strong>minore</strong></span> <span class='ocrx_word' id='word_1_427' title='bbox 1112 3848 1361 3919; x_wconf 88' lang='lat' dir='ltr'><strong>Phrygia,</strong></span> <span class='ocrx_word' id='word_1_428' title='bbox 1397 3841 1636 3914; x_wconf 87' lang='lat' dir='ltr'><strong>episcopi</strong></span> <span class='ocrx_word' id='word_1_429' title='bbox 1674 3841 1799 3905; x_wconf 91' lang='lat' dir='ltr'><strong>vita,</strong></span> <span class='ocrx_word' id='word_1_430' title='bbox 1838 3839 1928 3907; x_wconf 91' lang='lat' dir='ltr'><strong>qui</strong></span> <span class='ocrx_word' id='word_1_431' title='bbox 1965 3837 2066 3891; x_wconf 93' lang='lat' dir='ltr'><strong>sub</strong></span> <span class='ocrx_word' id='word_1_432' title='bbox 2113 3837 2406 3904; x_wconf 87' lang='lat' dir='ltr'><strong>imperato-</strong></span> 
     </span>
    </p>
   </div>
   <div class='ocr_carea' id='block_1_70' title="bbox 845 3931 1991 4002">
    <p class='ocr_par' dir='ltr' id='par_1_70' title="bbox 845 3931 1991 4002">
     <span class='ocr_line' id='line_1_73' title="bbox 845 3931 1991 4002; baseline -0.018 0"><span class='ocrx_word' id='word_1_433' title='bbox 845 3950 993 4002; x_wconf 90' lang='lat' dir='ltr'><strong>ribus</strong></span> <span class='ocrx_word' id='word_1_434' title='bbox 1028 3943 1097 3997; x_wconf 83' lang='lat' dir='ltr'><strong>M.</strong></span> <span class='ocrx_word' id='word_1_435' title='bbox 1124 3939 1397 3994; x_wconf 82' lang='lat' dir='ltr'><strong>Antonino</strong></span> <span class='ocrx_word' id='word_1_436' title='bbox 1424 3945 1477 3988; x_wconf 90' lang='lat' dir='ltr'><strong>et</strong></span> <span class='ocrx_word' id='word_1_437' title='bbox 1515 3933 1576 3986; x_wconf 86' lang='lat' dir='ltr'><strong>L.</strong></span> <span class='ocrx_word' id='word_1_438' title='bbox 1609 3931 1749 3985; x_wconf 78' lang='lat' dir='ltr'><strong>Vero</strong></span> <span class='ocrx_word' id='word_1_439' title='bbox 1781 3931 1991 3985; x_wconf 90' lang='lat' dir='ltr'><strong>claruit.</strong></span> 
     </span>
    </p>
   </div>
   <div class='ocr_carea' id='block_1_71' title="bbox 914 4022 2408 4096">
    <p class='ocr_par' dir='ltr' id='par_1_71' title="bbox 914 4022 2408 4096">
     <span class='ocr_line' id='line_1_74' title="bbox 914 4022 2408 4096; baseline -0.013 -6"><span class='ocrx_word' id='word_1_440' title='bbox 914 4039 1006 4093; x_wconf 76' lang='grc'><strong>24.</strong></span> <span class='ocrx_word' id='word_1_441' title='bbox 1039 4033 1271 4088; x_wconf 86' lang='lat' dir='ltr'><strong>Historia</strong></span> <span class='ocrx_word' id='word_1_442' title='bbox 1311 4031 1377 4084; x_wconf 91' lang='lat' dir='ltr'><strong>de</strong></span> <span class='ocrx_word' id='word_1_443' title='bbox 1432 4027 1593 4096; x_wconf 91' lang='lat' dir='ltr'><strong>Carpi</strong></span> <span class='ocrx_word' id='word_1_444' title='bbox 1635 4034 1690 4078; x_wconf 91' lang='lat' dir='ltr'><strong>et</strong></span> <span class='ocrx_word' id='word_1_445' title='bbox 1731 4023 1909 4092; x_wconf 89' lang='lat' dir='ltr'><strong>Papyli</strong></span> <span class='ocrx_word' id='word_1_446' title='bbox 1950 4022 2408 4091; x_wconf 82' lang='lat' dir='ltr'><strong>Pergamenorum</strong></span> 
     </span>
    </p>
   </div>
   <div class='ocr_carea' id='block_1_72' title="bbox 847 4112 2408 4200">
    <p class='ocr_par' dir='ltr' id='par_1_72' title="bbox 847 4112 2408 4200">
     <span class='ocr_line' id='line_1_75' title="bbox 847 4112 2408 4200; baseline -0.015 -16"><span class='ocrx_word' id='word_1_447' title='bbox 847 4134 1138 4200; x_wconf 76' lang='lat' dir='ltr'><strong>Phrygum,</strong></span> <span class='ocrx_word' id='word_1_448' title='bbox 1175 4122 1448 4191; x_wconf 88' lang='lat' dir='ltr'><strong>martyrio,</strong></span> <span class='ocrx_word' id='word_1_449' title='bbox 1497 4116 1638 4186; x_wconf 90' lang='lat' dir='ltr'><strong>quod</strong></span> <span class='ocrx_word' id='word_1_450' title='bbox 1677 4116 1728 4168; x_wconf 90' lang='lat' dir='ltr'><strong>in</strong></span> <span class='ocrx_word' id='word_1_451' title='bbox 1774 4114 1935 4184; x_wconf 80' lang='lat' dir='ltr'><strong>Lydia</strong></span> <span class='ocrx_word' id='word_1_452' title='bbox 1972 4112 2408 4183; x_wconf 81' lang='lat' dir='ltr'><strong>Thyatirensium</strong></span> 
     </span>
    </p>
   </div>
   <div class='ocr_carea' id='block_1_73' title="bbox 848 4205 2410 4290">
    <p class='ocr_par' dir='ltr' id='par_1_73' title="bbox 848 4205 2410 4290">
     <span class='ocr_line' id='line_1_76' title="bbox 848 4205 2410 4290; baseline -0.012 -15"><span class='ocrx_word' id='word_1_453' title='bbox 848 4226 936 4276; x_wconf 89' lang='lat' dir='ltr'><strong>ille</strong></span> <span class='ocrx_word' id='word_1_454' title='bbox 964 4220 1180 4290; x_wconf 88' lang='lat' dir='ltr'><strong>quidem</strong></span> <span class='ocrx_word' id='word_1_455' title='bbox 1226 4215 1535 4282; x_wconf 88' lang='lat' dir='ltr'><strong>episcopus,</strong></span> <span class='ocrx_word' id='word_1_456' title='bbox 1590 4209 1678 4262; x_wconf 83' lang='lat' dir='ltr'><strong>hie</strong></span> <span class='ocrx_word' id='word_1_457' title='bbox 1711 4217 1891 4260; x_wconf 90' lang='lat' dir='ltr'><strong>autem</strong></span> <span class='ocrx_word' id='word_1_458' title='bbox 1945 4205 2227 4268; x_wconf 88' lang='lat' dir='ltr'><strong>diaconus,</strong></span> <span class='ocrx_word' id='word_1_459' title='bbox 2288 4220 2410 4258; x_wconf 91' lang='lat' dir='ltr'><strong>cum</strong></span> 
     </span>
    </p>
   </div>
   <div class='ocr_carea' id='block_1_74' title="bbox 852 4299 2154 4376">
    <p class='ocr_par' dir='ltr' id='par_1_74' title="bbox 852 4299 2154 4376">
     <span class='ocr_line' id='line_1_77' title="bbox 852 4299 2154 4376; baseline -0.013 -8"><span class='ocrx_word' id='word_1_460' title='bbox 852 4315 1032 4374; x_wconf 77' lang='lat' dir='ltr'><strong>sociis,</strong></span> <span class='ocrx_word' id='word_1_461' title='bbox 1058 4310 1158 4364; x_wconf 86' lang='lat' dir='ltr'><strong>sub</strong></span> <span class='ocrx_word' id='word_1_462' title='bbox 1187 4309 1514 4376; x_wconf 88' lang='lat' dir='ltr'><strong>imperatore</strong></span> <span class='ocrx_word' id='word_1_463' title='bbox 1545 4301 1722 4363; x_wconf 90' lang='lat' dir='ltr'><strong>Decio,</strong></span> <span class='ocrx_word' id='word_1_464' title='bbox 1759 4299 2154 4353; x_wconf 88' lang='lat' dir='ltr'><strong>sustinuerunt.</strong></span> 
     </span>
    </p>
   </div>
   <div class='ocr_carea' id='block_1_75' title="bbox 921 4386 2417 4456">
    <p class='ocr_par' dir='ltr' id='par_1_75' title="bbox 921 4386 2417 4456">
     <span class='ocr_line' id='line_1_78' title="bbox 921 4386 2417 4456; baseline -0.009 -4"><span class='ocrx_word' id='word_1_465' title='bbox 921 4401 1011 4453; x_wconf 78' lang='grc'><strong>25.</strong></span> <span class='ocrx_word' id='word_1_466' title='bbox 1042 4395 1271 4449; x_wconf 84' lang='lat' dir='ltr'><strong>Historia</strong></span> <span class='ocrx_word' id='word_1_467' title='bbox 1293 4393 1360 4446; x_wconf 83' lang='lat' dir='ltr'><strong>de</strong></span> <span class='ocrx_word' id='word_1_468' title='bbox 1382 4391 1647 4444; x_wconf 86' lang='lat' dir='ltr'><strong>Timothei</strong></span> <span class='ocrx_word' id='word_1_469' title='bbox 1678 4390 1806 4450; x_wconf 87' lang='lat' dir='ltr'><strong>vita,</strong></span> <span class='ocrx_word' id='word_1_470' title='bbox 1831 4389 1920 4456; x_wconf 90' lang='lat' dir='ltr'><strong>qui</strong></span> <span class='ocrx_word' id='word_1_471' title='bbox 1950 4387 2192 4453; x_wconf 81' lang='lat' dir='ltr'><strong>Lystram</strong></span> <span class='ocrx_word' id='word_1_472' title='bbox 2217 4386 2417 4456; x_wconf 88' lang='lat' dir='ltr'><strong>Lycao-</strong></span> 
     </span>
    </p>
   </div>
   <div class='ocr_carea' id='block_1_76' title="bbox 854 4477 2418 4553">
    <p class='ocr_par' dir='ltr' id='par_1_76' title="bbox 854 4477 2418 4553">
     <span class='ocr_line' id='line_1_79' title="bbox 854 4477 2418 4553; baseline -0.008 -10"><span class='ocrx_word' id='word_1_473' title='bbox 854 4491 956 4543; x_wconf 70' lang='lat' dir='ltr'><strong>nia:</strong></span> <span class='ocrx_word' id='word_1_474' title='bbox 987 4489 1258 4541; x_wconf 90' lang='lat' dir='ltr'><strong>civitatem</strong></span> <span class='ocrx_word' id='word_1_475' title='bbox 1300 4483 1524 4553; x_wconf 89' lang='lat' dir='ltr'><strong>patriam</strong></span> <span class='ocrx_word' id='word_1_476' title='bbox 1570 4481 1777 4545; x_wconf 89' lang='lat' dir='ltr'><strong>habuit,</strong></span> <span class='ocrx_word' id='word_1_477' title='bbox 1817 4479 1967 4533; x_wconf 83' lang='lat' dir='ltr'><strong>Pauli</strong></span> <span class='ocrx_word' id='word_1_478' title='bbox 1998 4479 2224 4548; x_wconf 86' lang='lat' dir='ltr'><strong>apostoli</strong></span> <span class='ocrx_word' id='word_1_479' title='bbox 2255 4477 2418 4532; x_wconf 86' lang='lat' dir='ltr'><strong>disci-</strong></span> 
     </span>
    </p>
   </div>
   <div class='ocr_carea' id='block_1_77' title="bbox 855 4555 2491 4651">
    <p class='ocr_par' dir='ltr' id='par_1_77' title="bbox 855 4555 2491 4651">
     <span class='ocr_line' id='line_1_80' title="bbox 855 4555 2491 4651; baseline -0.009 -16"><span class='ocrx_word' id='word_1_480' title='bbox 855 4583 1036 4651; x_wconf 90' lang='lat' dir='ltr'><strong>pulus,</strong></span> <span class='ocrx_word' id='word_1_481' title='bbox 1073 4578 1300 4633; x_wconf 82' lang='lat' dir='ltr'><strong>Joannis</strong></span> <span class='ocrx_word' id='word_1_482' title='bbox 1331 4575 1672 4646; x_wconf 73' lang='lat' dir='ltr'><strong>evangelista:</strong></span> <span class='ocrx_word' id='word_1_483' title='bbox 1694 4589 1997 4639; x_wconf 87' lang='lat' dir='ltr'><strong>successor,</strong></span> <span class='ocrx_word' id='word_1_484' title='bbox 2053 4572 2412 4641; x_wconf 82' lang='lat' dir='ltr'><strong>Ephesiorum</strong></span> <span class='ocrx_word' id='word_1_485' title='bbox 2451 4555 2491 4609; x_wconf 76' lang='grc' dir='ltr'><strong>ί)</strong></span> 
     </span>
    </p>
   </div>
   <div class='ocr_carea' id='block_1_78' title="bbox 857 4663 2415 4740">
    <p class='ocr_par' dir='ltr' id='par_1_78' title="bbox 857 4663 2415 4740">
     <span class='ocr_line' id='line_1_81' title="bbox 857 4663 2415 4740; baseline -0.006 -14"><span class='ocrx_word' id='word_1_486' title='bbox 857 4677 908 4727; x_wconf 92' lang='lat' dir='ltr'><strong>in</strong></span> <span class='ocrx_word' id='word_1_487' title='bbox 945 4673 1090 4727; x_wconf 90' lang='lat' dir='ltr'><strong>Ionia</strong></span> <span class='ocrx_word' id='word_1_488' title='bbox 1123 4671 1428 4740; x_wconf 85' lang='lat' dir='ltr'><strong>episcopus,</strong></span> <span class='ocrx_word' id='word_1_489' title='bbox 1468 4666 1686 4737; x_wconf 83' lang='lat' dir='ltr'><strong>Ephesi,</strong></span> <span class='ocrx_word' id='word_1_490' title='bbox 1735 4666 1834 4720; x_wconf 91' lang='lat' dir='ltr'><strong>sub</strong></span> <span class='ocrx_word' id='word_1_491' title='bbox 1867 4666 2192 4735; x_wconf 88' lang='lat' dir='ltr'><strong>imperatore</strong></span> <span class='ocrx_word' id='word_1_492' title='bbox 2222 4663 2415 4728; x_wconf 79' lang='lat' dir='ltr'><strong>Nerva,</strong></span> 
     </span>
    </p>
   </div>
   <div class='ocr_carea' id='block_1_79' title="bbox 860 4761 1533 4835">
    <p class='ocr_par' dir='ltr' id='par_1_79' title="bbox 860 4761 1533 4835">
     <span class='ocr_line' id='line_1_82' title="bbox 860 4761 1533 4835; baseline -0.007 -18"><span class='ocrx_word' id='word_1_493' title='bbox 860 4777 1062 4835; x_wconf 84' lang='lat' dir='ltr'><strong>martyr</strong></span> <span class='ocrx_word' id='word_1_494' title='bbox 1090 4763 1288 4816; x_wconf 87' lang='lat' dir='ltr'><strong>obiisse</strong></span> <span class='ocrx_word' id='word_1_495' title='bbox 1314 4761 1533 4813; x_wconf 83' lang='lat' dir='ltr'><strong>dicitur.</strong></span> 
     </span>
    </p>
   </div>
   <div class='ocr_carea' id='block_1_80' title="bbox 928 4845 2420 4916">
    <p class='ocr_par' dir='ltr' id='par_1_80' title="bbox 928 4845 2420 4916">
     <span class='ocr_line' id='line_1_83' title="bbox 928 4845 2420 4916; baseline -0.007 -10"><span class='ocrx_word' id='word_1_496' title='bbox 928 4855 1016 4906; x_wconf 83' lang='grc'>26.</span> <span class='ocrx_word' id='word_1_497' title='bbox 1052 4853 1280 4906; x_wconf 90' lang='lat' dir='ltr'><strong>Historia</strong></span> <span class='ocrx_word' id='word_1_498' title='bbox 1327 4852 1393 4903; x_wconf 90' lang='lat' dir='ltr'><strong>de</strong></span> <span class='ocrx_word' id='word_1_499' title='bbox 1436 4849 1676 4903; x_wconf 77' lang='lat' dir='ltr'><strong>Luscbia:</strong></span> <span class='ocrx_word' id='word_1_500' title='bbox 1721 4847 1945 4916; x_wconf 85' lang='lat' dir='ltr'><strong>virginis</strong></span> <span class='ocrx_word' id='word_1_501' title='bbox 1978 4845 2238 4900; x_wconf 68' lang='lat' dir='ltr'><strong>Romanae</strong></span> <span class='ocrx_word' id='word_1_502' title='bbox 2292 4845 2420 4907; x_wconf 88' lang='lat' dir='ltr'><strong>vita,</strong></span> 
     </span>
    </p>
   </div>
   <div class='ocr_carea' id='block_1_81' title="bbox 858 4937 2421 5016">
    <p class='ocr_par' dir='ltr' id='par_1_81' title="bbox 858 4937 2421 5016">
     <span class='ocr_line' id='line_1_84' title="bbox 858 4937 2421 5016; baseline -0.007 -17"><span class='ocrx_word' id='word_1_503' title='bbox 858 4960 978 5016; x_wconf 75' lang='lat' dir='ltr'><strong>quae</strong></span> <span class='ocrx_word' id='word_1_504' title='bbox 1011 4944 1181 5014; x_wconf 87' lang='lat' dir='ltr'><strong>virgo,</strong></span> <span class='ocrx_word' id='word_1_505' title='bbox 1210 4958 1332 4996; x_wconf 87' lang='lat' dir='ltr'><strong>cum</strong></span> <span class='ocrx_word' id='word_1_506' title='bbox 1366 4941 1419 4993; x_wconf 92' lang='lat' dir='ltr'><strong>in</strong></span> <span class='ocrx_word' id='word_1_507' title='bbox 1455 4943 1644 4993; x_wconf 83' lang='lat' dir='ltr'><strong>urbem</strong></span> <span class='ocrx_word' id='word_1_508' title='bbox 1668 4939 1838 4993; x_wconf 78' lang='lat' dir='ltr'><strong>Caria:</strong></span> <span class='ocrx_word' id='word_1_509' title='bbox 1865 4939 2146 5008; x_wconf 87' lang='lat' dir='ltr'><strong>Mylassam</strong></span> <span class='ocrx_word' id='word_1_510' title='bbox 2164 4937 2421 4999; x_wconf 87' lang='lat' dir='ltr'><strong>venisset,</strong></span> 
     </span>
    </p>
   </div>
   <div class='ocr_carea' id='block_1_82' title="bbox 863 5028 2424 5100">
    <p class='ocr_par' dir='ltr' id='par_1_82' title="bbox 863 5028 2424 5100">
     <span class='ocr_line' id='line_1_85' title="bbox 863 5028 2424 5100; baseline -0.006 -11"><span class='ocrx_word' id='word_1_511' title='bbox 863 5039 1082 5091; x_wconf 88' lang='lat' dir='ltr'><strong>nomine</strong></span> <span class='ocrx_word' id='word_1_512' title='bbox 1112 5051 1211 5090; x_wconf 90' lang='lat' dir='ltr'><strong>suo</strong></span> <span class='ocrx_word' id='word_1_513' title='bbox 1239 5033 1594 5094; x_wconf 86' lang='lat' dir='ltr'><strong>dissimulato,</strong></span> <span class='ocrx_word' id='word_1_514' title='bbox 1631 5047 1687 5086; x_wconf 91' lang='lat' dir='ltr'><strong>se</strong></span> <span class='ocrx_word' id='word_1_515' title='bbox 1737 5031 1920 5100; x_wconf 80' lang='grc' dir='ltr'><strong>ξένην,</strong></span> <span class='ocrx_word' id='word_1_516' title='bbox 1960 5030 2010 5082; x_wconf 91' lang='lat' dir='ltr'><strong>id</strong></span> <span class='ocrx_word' id='word_1_517' title='bbox 2046 5041 2127 5083; x_wconf 92' lang='lat' dir='ltr'><strong>est</strong></span> <span class='ocrx_word' id='word_1_518' title='bbox 2158 5028 2424 5096; x_wconf 85' lang='lat' dir='ltr'><strong>hospitam</strong></span> 
     </span>
    </p>
   </div>
   <div class='ocr_carea' id='block_1_83' title="bbox 862 5121 2424 5195">
    <p class='ocr_par' dir='ltr' id='par_1_83' title="bbox 862 5121 2424 5195">
     <span class='ocr_line' id='line_1_86' title="bbox 862 5121 2424 5195; baseline -0.008 -11"><span class='ocrx_word' id='word_1_519' title='bbox 862 5133 1044 5195; x_wconf 72' lang='lat' dir='ltr'><strong>dixit;</strong></span> <span class='ocrx_word' id='word_1_520' title='bbox 1093 5131 1162 5184; x_wconf 91' lang='lat' dir='ltr'><strong>ibi</strong></span> <span class='ocrx_word' id='word_1_521' title='bbox 1204 5127 1592 5183; x_wconf 80' lang='lat' dir='ltr'><strong>monasterium</strong></span> <span class='ocrx_word' id='word_1_522' title='bbox 1631 5125 1828 5179; x_wconf 89' lang='lat' dir='ltr'><strong>Sancto</strong></span> <span class='ocrx_word' id='word_1_523' title='bbox 1881 5124 2158 5192; x_wconf 85' lang='lat' dir='ltr'><strong>Stephano</strong></span> <span class='ocrx_word' id='word_1_524' title='bbox 2205 5121 2424 5191; x_wconf 89' lang='lat' dir='ltr'><strong>martyri</strong></span> 
     </span>
    </p>
   </div>
   <div class='ocr_carea' id='block_1_84' title="bbox 863 5214 2428 5287">
    <p class='ocr_par' dir='ltr' id='par_1_84' title="bbox 863 5214 2428 5287">
     <span class='ocr_line' id='line_1_87' title="bbox 863 5214 2428 5287; baseline -0.005 -13"><span class='ocrx_word' id='word_1_525' title='bbox 863 5238 1077 5278; x_wconf 76' lang='lat' dir='ltr'><strong>sacrum</strong></span> <span class='ocrx_word' id='word_1_526' title='bbox 1102 5222 1374 5283; x_wconf 81' lang='lat' dir='ltr'><strong>excitavit,</strong></span> <span class='ocrx_word' id='word_1_527' title='bbox 1400 5220 1452 5273; x_wconf 93' lang='lat' dir='ltr'><strong>in</strong></span> <span class='ocrx_word' id='word_1_528' title='bbox 1481 5233 1587 5287; x_wconf 90' lang='lat' dir='ltr'><strong>quo</strong></span> <span class='ocrx_word' id='word_1_529' title='bbox 1611 5219 1775 5271; x_wconf 90' lang='lat' dir='ltr'><strong>vitam</strong></span> <span class='ocrx_word' id='word_1_530' title='bbox 1807 5217 2002 5270; x_wconf 83' lang='lat' dir='ltr'><strong>clausit</strong></span> <span class='ocrx_word' id='word_1_531' title='bbox 2025 5256 2038 5278; x_wconf 91' lang='lat'><strong>,</strong></span> <span class='ocrx_word' id='word_1_532' title='bbox 2073 5214 2274 5270; x_wconf 65' lang='lat' dir='ltr'><strong>saeculo</strong></span> <span class='ocrx_word' id='word_1_533' title='bbox 2306 5222 2428 5283; x_wconf 85' lang='lat' dir='ltr'><strong>post</strong></span> 
     </span>
    </p>
   </div>
   <div class='ocr_carea' id='block_1_85' title="bbox 864 5314 1262 5382">
    <p class='ocr_par' dir='ltr' id='par_1_85' title="bbox 864 5314 1262 5382">
     <span class='ocr_line' id='line_1_88' title="bbox 864 5314 1262 5382; baseline -0.003 -15"><span class='ocrx_word' id='word_1_534' title='bbox 864 5316 926 5368; x_wconf 88' lang='lat' dir='ltr'><strong>C.</strong></span> <span class='ocrx_word' id='word_1_535' title='bbox 953 5315 1017 5367; x_wconf 83' lang='lat' dir='ltr'><strong>N.</strong></span> <span class='ocrx_word' id='word_1_536' title='bbox 1051 5314 1262 5382; x_wconf 88' lang='lat' dir='ltr'><strong>quinto.</strong></span> 
     </span>
    </p>
   </div>
   <div class='ocr_carea' id='block_1_86' title="bbox 934 5398 2428 5468">
    <p class='ocr_par' dir='ltr' id='par_1_86' title="bbox 934 5398 2428 5468">
     <span class='ocr_line' id='line_1_89' title="bbox 934 5398 2428 5468; baseline -0.007 -10"><span class='ocrx_word' id='word_1_537' title='bbox 934 5406 1023 5458; x_wconf 90' lang='grc'><strong>27.</strong></span> <span class='ocrx_word' id='word_1_538' title='bbox 1068 5404 1300 5457; x_wconf 86' lang='lat' dir='ltr'><strong>Historia</strong></span> <span class='ocrx_word' id='word_1_539' title='bbox 1356 5403 1422 5456; x_wconf 91' lang='lat' dir='ltr'><strong>de</strong></span> <span class='ocrx_word' id='word_1_540' title='bbox 1480 5401 1738 5454; x_wconf 62' lang='lat' dir='ltr'><strong>Matronae</strong></span> <span class='ocrx_word' id='word_1_541' title='bbox 1779 5398 2068 5468; x_wconf 89' lang='lat' dir='ltr'><strong>Pergensis</strong></span> <span class='ocrx_word' id='word_1_542' title='bbox 2093 5398 2247 5460; x_wconf 86' lang='lat' dir='ltr'><strong>vita;</strong></span> <span class='ocrx_word' id='word_1_543' title='bbox 2309 5412 2428 5464; x_wconf 79' lang='lat' dir='ltr'><strong>qua:</strong></span> 
     </span>
    </p>
   </div>
   <div class='ocr_carea' id='block_1_87' title="bbox 873 5489 2428 5562">
    <p class='ocr_par' dir='ltr' id='par_1_87' title="bbox 873 5489 2428 5562">
     <span class='ocr_line' id='line_1_90' title="bbox 873 5489 2428 5562; baseline -0.006 -14"><span class='ocrx_word' id='word_1_544' title='bbox 873 5498 1108 5550; x_wconf 88' lang='lat' dir='ltr'><strong>Matrona</strong></span> <span class='ocrx_word' id='word_1_545' title='bbox 1132 5497 1320 5549; x_wconf 91' lang='lat' dir='ltr'><strong>urbem</strong></span> <span class='ocrx_word' id='word_1_546' title='bbox 1371 5495 1422 5546; x_wconf 89' lang='lat' dir='ltr'><strong>in</strong></span> <span class='ocrx_word' id='word_1_547' title='bbox 1457 5493 1766 5562; x_wconf 87' lang='lat' dir='ltr'><strong>Pamphylia</strong></span> <span class='ocrx_word' id='word_1_548' title='bbox 1808 5492 2012 5560; x_wconf 92' lang='lat' dir='ltr'><strong>Pcrgen</strong></span> <span class='ocrx_word' id='word_1_549' title='bbox 2046 5490 2273 5558; x_wconf 92' lang='lat' dir='ltr'><strong>patriam</strong></span> <span class='ocrx_word' id='word_1_550' title='bbox 2329 5489 2428 5540; x_wconf 76' lang='lat' dir='ltr'><strong>ha—</strong></span> 
     </span>
    </p>
   </div>
   <div class='ocr_carea' id='block_1_88' title="bbox 867 5577 2430 5648">
    <p class='ocr_par' dir='ltr' id='par_1_88' title="bbox 867 5577 2430 5648">
     <span class='ocr_line' id='line_1_91' title="bbox 867 5577 2430 5648; baseline -0.008 -7"><span class='ocrx_word' id='word_1_551' title='bbox 867 5589 1002 5648; x_wconf 79' lang='lat' dir='ltr'><strong>buit,</strong></span> <span class='ocrx_word' id='word_1_552' title='bbox 1069 5584 1352 5639; x_wconf 85' lang='lat' dir='ltr'><strong>Domitiani</strong></span> <span class='ocrx_word' id='word_1_553' title='bbox 1400 5600 1552 5648; x_wconf 84' lang='lat' dir='ltr'><strong>uxor,</strong></span> <span class='ocrx_word' id='word_1_554' title='bbox 1603 5581 1894 5636; x_wconf 72' lang='lat' dir='ltr'><strong>Theodata:</strong></span> <span class='ocrx_word' id='word_1_555' title='bbox 1941 5588 2132 5643; x_wconf 89' lang='lat' dir='ltr'><strong>mater,</strong></span> <span class='ocrx_word' id='word_1_556' title='bbox 2159 5577 2276 5631; x_wconf 92' lang='lat' dir='ltr'><strong>viro</strong></span> <span class='ocrx_word' id='word_1_557' title='bbox 2314 5586 2430 5629; x_wconf 86' lang='lat' dir='ltr'><strong>tan-</strong></span> 
     </span>
    </p>
   </div>
   <div class='ocr_carea' id='block_1_89' title="bbox 869 5669 2430 5747">
    <p class='ocr_par' dir='ltr' id='par_1_89' title="bbox 869 5669 2430 5747">
     <span class='ocr_line' id='line_1_92' title="bbox 869 5669 2430 5747; baseline -0.008 -13"><span class='ocrx_word' id='word_1_558' title='bbox 869 5683 992 5734; x_wconf 88' lang='lat' dir='ltr'><strong>dem</strong></span> <span class='ocrx_word' id='word_1_559' title='bbox 1023 5677 1328 5747; x_wconf 89' lang='lat' dir='ltr'><strong>posthabito</strong></span> <span class='ocrx_word' id='word_1_560' title='bbox 1371 5690 1681 5745; x_wconf 81' lang='lat' dir='ltr'><strong>quanquam</strong></span> <span class='ocrx_word' id='word_1_561' title='bbox 1722 5674 1890 5727; x_wconf 90' lang='lat' dir='ltr'><strong>invito</strong></span> <span class='ocrx_word' id='word_1_562' title='bbox 1917 5715 1929 5738; x_wconf 91' lang='lat'><strong>,</strong></span> <span class='ocrx_word' id='word_1_563' title='bbox 1978 5672 2031 5723; x_wconf 89' lang='lat' dir='ltr'><strong>in</strong></span> <span class='ocrx_word' id='word_1_564' title='bbox 2083 5669 2430 5724; x_wconf 85' lang='lat' dir='ltr'><strong>monasteriis</strong></span> 
     </span>
    </p>
   </div>
   <div class='ocr_carea' id='block_1_90' title="bbox 876 5770 1346 5838">
    <p class='ocr_par' dir='ltr' id='par_1_90' title="bbox 876 5770 1346 5838">
     <span class='ocr_line' id='line_1_93' title="bbox 876 5770 1346 5838; baseline -0.002 -13"><span class='ocrx_word' id='word_1_565' title='bbox 876 5770 1032 5825; x_wconf 82' lang='lat' dir='ltr'><strong>vitam</strong></span> <span class='ocrx_word' id='word_1_566' title='bbox 1064 5770 1346 5838; x_wconf 71' lang='lat' dir='ltr'><strong>transegit.</strong></span> 
     </span>
    </p>
   </div>
   <div class='ocr_carea' id='block_1_91' title="bbox 941 5856 2429 5928">
    <p class='ocr_par' dir='ltr' id='par_1_91' title="bbox 941 5856 2429 5928">
     <span class='ocr_line' id='line_1_94' title="bbox 941 5856 2429 5928; baseline -0.004 -12"><span class='ocrx_word' id='word_1_567' title='bbox 941 5863 1030 5916; x_wconf 81' lang='grc'><strong>28.</strong></span> <span class='ocrx_word' id='word_1_568' title='bbox 1060 5863 1292 5918; x_wconf 88' lang='lat' dir='ltr'><strong>Historia</strong></span> <span class='ocrx_word' id='word_1_569' title='bbox 1321 5862 1388 5917; x_wconf 86' lang='lat' dir='ltr'><strong>de</strong></span> <span class='ocrx_word' id='word_1_570' title='bbox 1412 5861 1631 5917; x_wconf 87' lang='lat' dir='ltr'><strong>Zenobii</strong></span> <span class='ocrx_word' id='word_1_571' title='bbox 1675 5858 1950 5928; x_wconf 80' lang='lat' dir='ltr'><strong>martyrio,</strong></span> <span class='ocrx_word' id='word_1_572' title='bbox 1991 5857 2134 5927; x_wconf 85' lang='lat' dir='ltr'><strong>quod</strong></span> <span class='ocrx_word' id='word_1_573' title='bbox 2163 5856 2429 5924; x_wconf 82' lang='lat' dir='ltr'><strong>OEgarum</strong></span> 
     </span>
    </p>
   </div>
   <div class='ocr_carea' id='block_1_92' title="bbox 2571 3265 4081 3346">
    <p class='ocr_par' dir='ltr' id='par_1_92' title="bbox 2571 3265 4081 3346">
     <span class='ocr_line' id='line_1_95' title="bbox 2571 3265 4081 3346; baseline -0.021 0"><span class='ocrx_word' id='word_1_574' title='bbox 2571 3292 2660 3346; x_wconf 79' lang='lat'><strong>37.</strong></span> <span class='ocrx_word' id='word_1_575' title='bbox 2695 3288 2926 3342; x_wconf 84' lang='lat' dir='ltr'><strong>Historia</strong></span> <span class='ocrx_word' id='word_1_576' title='bbox 2973 3285 3039 3338; x_wconf 90' lang='lat' dir='ltr'><strong>de</strong></span> <span class='ocrx_word' id='word_1_577' title='bbox 3077 3278 3363 3335; x_wconf 82' lang='lat' dir='ltr'><strong>Mamantis</strong></span> <span class='ocrx_word' id='word_1_578' title='bbox 3391 3271 3751 3343; x_wconf 85' lang='lat' dir='ltr'><strong>Paphlagonis</strong></span> <span class='ocrx_word' id='word_1_579' title='bbox 3786 3265 4081 3336; x_wconf 80' lang='lat' dir='ltr'><strong>martyrio.</strong></span> 
     </span>
    </p>
   </div>
   <div class='ocr_carea' id='block_1_93' title="bbox 2503 3360 4086 3451">
    <p class='ocr_par' dir='ltr' id='par_1_93' title="bbox 2503 3360 4086 3451">
     <span class='ocr_line' id='line_1_96' title="bbox 2503 3360 4086 3451; baseline -0.02 -14"><span class='ocrx_word' id='word_1_580' title='bbox 2503 3383 2644 3451; x_wconf 92' lang='lat' dir='ltr'><strong>quod</strong></span> <span class='ocrx_word' id='word_1_581' title='bbox 2687 3380 2947 3435; x_wconf 63' lang='lat' dir='ltr'><strong>Caesarea:</strong></span> <span class='ocrx_word' id='word_1_582' title='bbox 2993 3372 3372 3444; x_wconf 87' lang='lat' dir='ltr'><strong>Cappadocum</strong></span> <span class='ocrx_word' id='word_1_583' title='bbox 3408 3367 3559 3427; x_wconf 86' lang='lat' dir='ltr'><strong>urbe,</strong></span> <span class='ocrx_word' id='word_1_584' title='bbox 3590 3363 3690 3415; x_wconf 89' lang='lat' dir='ltr'><strong>sub</strong></span> <span class='ocrx_word' id='word_1_585' title='bbox 3740 3360 4086 3427; x_wconf 76' lang='lat' dir='ltr'><strong>imperatore</strong></span> 
     </span>
    </p>
   </div>
   <div class='ocr_carea' id='block_1_94' title="bbox 2503 3467 3018 3527">
    <p class='ocr_par' dir='ltr' id='par_1_94' title="bbox 2503 3467 3018 3527">
     <span class='ocr_line' id='line_1_97' title="bbox 2503 3467 3018 3527; baseline -0.016 0"><span class='ocrx_word' id='word_1_586' title='bbox 2503 3473 2799 3527; x_wconf 85' lang='lat' dir='ltr'><strong>Aureliano</strong></span> <span class='ocrx_word' id='word_1_587' title='bbox 2835 3467 3018 3523; x_wconf 90' lang='lat' dir='ltr'><strong>subiit.</strong></span> 
     </span>
    </p>
   </div>
   <div class='ocr_carea' id='block_1_95' title="bbox 2576 3559 4087 3636">
    <p class='ocr_par' dir='ltr' id='par_1_95' title="bbox 2576 3559 4087 3636">
     <span class='ocr_line' id='line_1_98' title="bbox 2576 3559 4087 3636; baseline -0.018 0"><span class='ocrx_word' id='word_1_588' title='bbox 2576 3584 2663 3636; x_wconf 75' lang='grc'><strong>58.</strong></span> <span class='ocrx_word' id='word_1_589' title='bbox 2698 3579 2935 3634; x_wconf 86' lang='lat' dir='ltr'><strong>Historia</strong></span> <span class='ocrx_word' id='word_1_590' title='bbox 2981 3577 3047 3631; x_wconf 90' lang='lat' dir='ltr'><strong>de</strong></span> <span class='ocrx_word' id='word_1_591' title='bbox 3077 3569 3354 3628; x_wconf 88' lang='lat' dir='ltr'><strong>Severiani</strong></span> <span class='ocrx_word' id='word_1_592' title='bbox 3387 3567 3571 3621; x_wconf 79' lang='lat' dir='ltr'><strong>militis</strong></span> <span class='ocrx_word' id='word_1_593' title='bbox 3595 3562 3871 3631; x_wconf 80' lang='lat' dir='ltr'><strong>martyrio.</strong></span> <span class='ocrx_word' id='word_1_594' title='bbox 3935 3559 4087 3627; x_wconf 64' lang='lat' dir='ltr'><strong>qum.l</strong></span> 
     </span>
    </p>
   </div>
   <div class='ocr_carea' id='block_1_96' title="bbox 2506 3652 4091 3742">
    <p class='ocr_par' dir='ltr' id='par_1_96' title="bbox 2506 3652 4091 3742">
     <span class='ocr_line' id='line_1_99' title="bbox 2506 3652 4091 3742; baseline -0.016 -12"><span class='ocrx_word' id='word_1_595' title='bbox 2506 3677 2770 3730; x_wconf 69' lang='lat' dir='ltr'><strong>Ciesarcae</strong></span> <span class='ocrx_word' id='word_1_596' title='bbox 2795 3669 3180 3742; x_wconf 81' lang='lat' dir='ltr'><strong>Cappadocum</strong></span> <span class='ocrx_word' id='word_1_597' title='bbox 3211 3663 3346 3720; x_wconf 88' lang='lat' dir='ltr'><strong>urbe</strong></span> <span class='ocrx_word' id='word_1_598' title='bbox 3371 3662 3472 3717; x_wconf 86' lang='lat' dir='ltr'><strong>sub</strong></span> <span class='ocrx_word' id='word_1_599' title='bbox 3506 3661 3830 3730; x_wconf 72' lang='lat' dir='ltr'><strong>imperatore</strong></span> <span class='ocrx_word' id='word_1_600' title='bbox 3862 3652 4091 3707; x_wconf 60' lang='lat' dir='ltr'><strong>Licinio</strong></span> 
     </span>
    </p>
   </div>
   <div class='ocr_carea' id='block_1_97' title="bbox 2507 3767 2787 3825">
    <p class='ocr_par' dir='ltr' id='par_1_97' title="bbox 2507 3767 2787 3825">
     <span class='ocr_line' id='line_1_100' title="bbox 2507 3767 2787 3825; baseline -0.007 0"><span class='ocrx_word' id='word_1_601' title='bbox 2507 3767 2787 3825; x_wconf 88' lang='lat' dir='ltr'><strong>sustinuit.</strong></span> 
     </span>
    </p>
   </div>
   <div class='ocr_carea' id='block_1_98' title="bbox 2580 3856 4092 3939">
    <p class='ocr_par' dir='ltr' id='par_1_98' title="bbox 2580 3856 4092 3939">
     <span class='ocr_line' id='line_1_101' title="bbox 2580 3856 4092 3939; baseline -0.019 -5"><span class='ocrx_word' id='word_1_602' title='bbox 2580 3879 2667 3934; x_wconf 81' lang='lat'><strong>39.</strong></span> <span class='ocrx_word' id='word_1_603' title='bbox 2712 3874 2945 3930; x_wconf 90' lang='lat' dir='ltr'><strong>Historia</strong></span> <span class='ocrx_word' id='word_1_604' title='bbox 2982 3873 3045 3925; x_wconf 85' lang='lat' dir='ltr'><strong>de</strong></span> <span class='ocrx_word' id='word_1_605' title='bbox 3077 3867 3319 3939; x_wconf 86' lang='lat' dir='ltr'><strong>Gregorii</strong></span> <span class='ocrx_word' id='word_1_606' title='bbox 3347 3864 3528 3919; x_wconf 90' lang='lat' dir='ltr'><strong>Parthi</strong></span> <span class='ocrx_word' id='word_1_607' title='bbox 3565 3861 3708 3922; x_wconf 82' lang='lat' dir='ltr'><strong>vita.</strong></span> <span class='ocrx_word' id='word_1_608' title='bbox 3761 3858 3852 3927; x_wconf 91' lang='lat' dir='ltr'><strong>qui</strong></span> <span class='ocrx_word' id='word_1_609' title='bbox 3899 3856 4092 3908; x_wconf 82' lang='lat' dir='ltr'><strong>multi-</strong></span> 
     </span>
    </p>
   </div>
   <div class='ocr_carea' id='block_1_99' title="bbox 2512 3949 4093 4041">
    <p class='ocr_par' dir='ltr' id='par_1_99' title="bbox 2512 3949 4093 4041">
     <span class='ocr_line' id='line_1_102' title="bbox 2512 3949 4093 4041; baseline -0.018 -17"><span class='ocrx_word' id='word_1_610' title='bbox 2512 3971 2682 4041; x_wconf 90' lang='lat' dir='ltr'><strong>plices</strong></span> <span class='ocrx_word' id='word_1_611' title='bbox 2765 3967 2834 4019; x_wconf 87' lang='lat' dir='ltr'><strong>ab</strong></span> <span class='ocrx_word' id='word_1_612' title='bbox 2883 3962 3151 4017; x_wconf 78' lang='lat' dir='ltr'><strong>Armeniis</strong></span> <span class='ocrx_word' id='word_1_613' title='bbox 3220 3958 3540 4013; x_wconf 83' lang='lat' dir='ltr'><strong>alilictiones</strong></span> <span class='ocrx_word' id='word_1_614' title='bbox 3600 3952 3670 4006; x_wconf 92' lang='lat' dir='ltr'><strong>ob</strong></span> <span class='ocrx_word' id='word_1_615' title='bbox 3715 3949 4093 4003; x_wconf 86' lang='lat' dir='ltr'><strong>Christianam</strong></span> 
     </span>
    </p>
   </div>
   <div class='ocr_carea' id='block_1_100' title="bbox 2515 4042 4097 4130">
    <p class='ocr_par' dir='ltr' id='par_1_100' title="bbox 2515 4042 4097 4130">
     <span class='ocr_line' id='line_1_103' title="bbox 2515 4042 4097 4130; baseline -0.017 -15"><span class='ocrx_word' id='word_1_616' title='bbox 2515 4062 2831 4130; x_wconf 83' lang='lat' dir='ltr'><strong>religionem</strong></span> <span class='ocrx_word' id='word_1_617' title='bbox 2867 4070 3075 4126; x_wconf 88' lang='lat' dir='ltr'><strong>passus,</strong></span> <span class='ocrx_word' id='word_1_618' title='bbox 3124 4052 3190 4106; x_wconf 88' lang='lat' dir='ltr'><strong>ad</strong></span> <span class='ocrx_word' id='word_1_619' title='bbox 3235 4065 3352 4108; x_wconf 83' lang='lat' dir='ltr'><strong>eam</strong></span> <span class='ocrx_word' id='word_1_620' title='bbox 3397 4058 3450 4102; x_wconf 88' lang='lat' dir='ltr'><strong>et</strong></span> <span class='ocrx_word' id='word_1_621' title='bbox 3486 4059 3666 4116; x_wconf 88' lang='lat' dir='ltr'><strong>regem</strong></span> <span class='ocrx_word' id='word_1_622' title='bbox 3714 4050 3769 4095; x_wconf 91' lang='lat' dir='ltr'><strong>et</strong></span> <span class='ocrx_word' id='word_1_623' title='bbox 3819 4042 4097 4108; x_wconf 86' lang='lat' dir='ltr'><strong>populum</strong></span> 
     </span>
    </p>
   </div>
   <div class='ocr_carea' id='block_1_101' title="bbox 2515 4133 4097 4206">
    <p class='ocr_par' dir='ltr' id='par_1_101' title="bbox 2515 4133 4097 4206">
     <span class='ocr_line' id='line_1_104' title="bbox 2515 4133 4097 4206; baseline -0.018 1"><span class='ocrx_word' id='word_1_624' title='bbox 2515 4150 2894 4206; x_wconf 81' lang='lat' dir='ltr'><strong>Armeniorum</strong></span> <span class='ocrx_word' id='word_1_625' title='bbox 2913 4144 3208 4200; x_wconf 85' lang='lat' dir='ltr'><strong>convertit:</strong></span> <span class='ocrx_word' id='word_1_626' title='bbox 3233 4142 3425 4195; x_wconf 90' lang='lat' dir='ltr'><strong>horum</strong></span> <span class='ocrx_word' id='word_1_627' title='bbox 3439 4134 3748 4206; x_wconf 90' lang='lat' dir='ltr'><strong>aliquandiu</strong></span> <span class='ocrx_word' id='word_1_628' title='bbox 3769 4133 4097 4199; x_wconf 87' lang='lat' dir='ltr'><strong>episcopus,</strong></span> 
     </span>
    </p>
   </div>
   <div class='ocr_carea' id='block_1_102' title="bbox 2517 4223 4099 4298">
    <p class='ocr_par' dir='ltr' id='par_1_102' title="bbox 2517 4223 4099 4298">
     <span class='ocr_line' id='line_1_105' title="bbox 2517 4223 4099 4298; baseline -0.017 0"><span class='ocrx_word' id='word_1_629' title='bbox 2517 4244 2735 4298; x_wconf 89' lang='lat' dir='ltr'><strong>tandem</strong></span> <span class='ocrx_word' id='word_1_630' title='bbox 2790 4237 3101 4294; x_wconf 88' lang='lat' dir='ltr'><strong>solitudinis</strong></span> <span class='ocrx_word' id='word_1_631' title='bbox 3163 4242 3402 4296; x_wconf 85' lang='lat' dir='ltr'><strong>amator,</strong></span> <span class='ocrx_word' id='word_1_632' title='bbox 3453 4229 3622 4286; x_wconf 89' lang='lat' dir='ltr'><strong>lilium</strong></span> <span class='ocrx_word' id='word_1_633' title='bbox 3667 4226 3995 4278; x_wconf 79' lang='lat' dir='ltr'><strong>Arostanem</strong></span> <span class='ocrx_word' id='word_1_634' title='bbox 4043 4223 4099 4273; x_wconf 90' lang='lat' dir='ltr'><strong>in</strong></span> 
     </span>
    </p>
   </div>
   <div class='ocr_carea' id='block_1_103' title="bbox 2517 4312 4104 4404">
    <p class='ocr_par' dir='ltr' id='par_1_103' title="bbox 2517 4312 4104 4404">
     <span class='ocr_line' id='line_1_106' title="bbox 2517 4312 4104 4404; baseline -0.015 -16"><span class='ocrx_word' id='word_1_635' title='bbox 2517 4335 2832 4404; x_wconf 88' lang='lat' dir='ltr'><strong>episcopatu</strong></span> <span class='ocrx_word' id='word_1_636' title='bbox 2855 4337 3224 4382; x_wconf 85' lang='lat' dir='ltr'><strong>successorem</strong></span> <span class='ocrx_word' id='word_1_637' title='bbox 3254 4321 3482 4391; x_wconf 88' lang='lat' dir='ltr'><strong>accepit,</strong></span> <span class='ocrx_word' id='word_1_638' title='bbox 3506 4319 3597 4389; x_wconf 90' lang='lat' dir='ltr'><strong>qui</strong></span> <span class='ocrx_word' id='word_1_639' title='bbox 3623 4314 3850 4371; x_wconf 91' lang='lat' dir='ltr'><strong>concilio</strong></span> <span class='ocrx_word' id='word_1_640' title='bbox 3866 4312 4104 4365; x_wconf 65' lang='lat' dir='ltr'><strong>Nicaeae</strong></span> 
     </span>
    </p>
   </div>
   <div class='ocr_carea' id='block_1_104' title="bbox 2519 4417 3128 4484">
    <p class='ocr_par' dir='ltr' id='par_1_104' title="bbox 2519 4417 3128 4484">
     <span class='ocr_line' id='line_1_107' title="bbox 2519 4417 3128 4484; baseline -0.011 -7"><span class='ocrx_word' id='word_1_641' title='bbox 2519 4421 2784 4484; x_wconf 79' lang='lat' dir='ltr'><strong>interfuit,</strong></span> <span class='ocrx_word' id='word_1_642' title='bbox 2817 4419 2880 4472; x_wconf 81' lang='grc' dir='ltr'><strong>Α.</strong></span> <span class='ocrx_word' id='word_1_643' title='bbox 2912 4417 2974 4471; x_wconf 89' lang='lat' dir='ltr'><strong>C.</strong></span> <span class='ocrx_word' id='word_1_644' title='bbox 3005 4417 3128 4470; x_wconf 71' lang='lat'><strong>5&#39;25.</strong></span> 
     </span>
    </p>
   </div>
   <div class='ocr_carea' id='block_1_105' title="bbox 2592 4519 4106 4588">
    <p class='ocr_par' dir='ltr' id='par_1_105' title="bbox 2592 4519 4106 4588">
     <span class='ocr_line' id='line_1_108' title="bbox 2592 4519 4106 4588; baseline -0.009 -3"><span class='ocrx_word' id='word_1_645' title='bbox 2592 4534 2679 4588; x_wconf 67' lang='grc'><strong>40.</strong></span> <span class='ocrx_word' id='word_1_646' title='bbox 2725 4531 2960 4587; x_wconf 88' lang='lat' dir='ltr'><strong>Historia</strong></span> <span class='ocrx_word' id='word_1_647' title='bbox 2994 4531 3058 4583; x_wconf 90' lang='lat' dir='ltr'><strong>de</strong></span> <span class='ocrx_word' id='word_1_648' title='bbox 3092 4527 3324 4588; x_wconf 78' lang='lat' dir='ltr'><strong>Romuli,</strong></span> <span class='ocrx_word' id='word_1_649' title='bbox 3354 4524 3608 4586; x_wconf 87' lang='lat' dir='ltr'><strong>Zenonis,</strong></span> <span class='ocrx_word' id='word_1_650' title='bbox 3643 4521 3867 4575; x_wconf 78' lang='lat' dir='ltr'><strong>Eudoxii</strong></span> <span class='ocrx_word' id='word_1_651' title='bbox 3902 4531 3961 4574; x_wconf 89' lang='lat' dir='ltr'><strong>et</strong></span> <span class='ocrx_word' id='word_1_652' title='bbox 3991 4519 4106 4572; x_wconf 72' lang='lat' dir='ltr'><strong>Ma-</strong></span> 
     </span>
    </p>
   </div>
   <div class='ocr_carea' id='block_1_106' title="bbox 2524 4612 4108 4690">
    <p class='ocr_par' dir='ltr' id='par_1_106' title="bbox 2524 4612 4108 4690">
     <span class='ocr_line' id='line_1_109' title="bbox 2524 4612 4108 4690; baseline -0.008 -13"><span class='ocrx_word' id='word_1_653' title='bbox 2524 4622 2653 4677; x_wconf 87' lang='lat' dir='ltr'><strong>carii</strong></span> <span class='ocrx_word' id='word_1_654' title='bbox 2684 4621 2957 4690; x_wconf 85' lang='lat' dir='ltr'><strong>martyrio,</strong></span> <span class='ocrx_word' id='word_1_655' title='bbox 3007 4619 3149 4688; x_wconf 84' lang='lat' dir='ltr'><strong>quod</strong></span> <span class='ocrx_word' id='word_1_656' title='bbox 3185 4615 3447 4670; x_wconf 82' lang='lat' dir='ltr'><strong>Romulus</strong></span> <span class='ocrx_word' id='word_1_657' title='bbox 3476 4614 3690 4682; x_wconf 86' lang='lat' dir='ltr'><strong>quidem</strong></span> <span class='ocrx_word' id='word_1_658' title='bbox 3723 4613 3821 4665; x_wconf 94' lang='lat' dir='ltr'><strong>sub</strong></span> <span class='ocrx_word' id='word_1_659' title='bbox 3854 4612 4108 4680; x_wconf 80' lang='lat' dir='ltr'><strong>impera-</strong></span> 
     </span>
    </p>
   </div>
   <div class='ocr_carea' id='block_1_107' title="bbox 2528 4703 4105 4781">
    <p class='ocr_par' dir='ltr' id='par_1_107' title="bbox 2528 4703 4105 4781">
     <span class='ocr_line' id='line_1_110' title="bbox 2528 4703 4105 4781; baseline -0.008 -13"><span class='ocrx_word' id='word_1_660' title='bbox 2528 4725 2643 4768; x_wconf 90' lang='lat' dir='ltr'><strong>tore</strong></span> <span class='ocrx_word' id='word_1_661' title='bbox 2680 4713 2912 4781; x_wconf 82' lang='lat' dir='ltr'><strong>Trajano</strong></span> <span class='ocrx_word' id='word_1_662' title='bbox 2936 4752 2949 4774; x_wconf 92' lang='lat'><strong>,</strong></span> <span class='ocrx_word' id='word_1_663' title='bbox 3003 4709 3182 4763; x_wconf 69' lang='lat' dir='ltr'><strong>cieteri</strong></span> <span class='ocrx_word' id='word_1_664' title='bbox 3215 4712 3344 4762; x_wconf 81' lang='lat' dir='ltr'><strong>vero</strong></span> <span class='ocrx_word' id='word_1_665' title='bbox 3366 4708 3466 4762; x_wconf 91' lang='lat' dir='ltr'><strong>sub</strong></span> <span class='ocrx_word' id='word_1_666' title='bbox 3513 4708 3836 4775; x_wconf 81' lang='lat' dir='ltr'><strong>imperatore</strong></span> <span class='ocrx_word' id='word_1_667' title='bbox 3871 4703 4105 4756; x_wconf 67' lang='lat' dir='ltr'><strong>Diocle-</strong></span> 
     </span>
    </p>
   </div>
   <div class='ocr_carea' id='block_1_108' title="bbox 2529 4795 4105 4862">
    <p class='ocr_par' dir='ltr' id='par_1_108' title="bbox 2529 4795 4105 4862">
     <span class='ocr_line' id='line_1_111' title="bbox 2529 4795 4105 4862; baseline -0.008 -1"><span class='ocrx_word' id='word_1_668' title='bbox 2529 4809 2674 4862; x_wconf 90' lang='lat' dir='ltr'><strong>tiano</strong></span> <span class='ocrx_word' id='word_1_669' title='bbox 2707 4808 2760 4859; x_wconf 92' lang='lat' dir='ltr'><strong>in</strong></span> <span class='ocrx_word' id='word_1_670' title='bbox 2788 4804 3054 4858; x_wconf 77' lang='lat' dir='ltr'><strong>Armenia:</strong></span> <span class='ocrx_word' id='word_1_671' title='bbox 3081 4801 3301 4855; x_wconf 86' lang='lat' dir='ltr'><strong>minoris</strong></span> <span class='ocrx_word' id='word_1_672' title='bbox 3335 4801 3467 4853; x_wconf 92' lang='lat' dir='ltr'><strong>urbe</strong></span> <span class='ocrx_word' id='word_1_673' title='bbox 3492 4798 3750 4858; x_wconf 86' lang='lat' dir='ltr'><strong>Melitine,</strong></span> <span class='ocrx_word' id='word_1_674' title='bbox 3780 4795 4105 4849; x_wconf 74' lang='lat' dir='ltr'><strong>subierunt.</strong></span> 
     </span>
    </p>
   </div>
   <div class='ocr_carea' id='block_1_109' title="bbox 2597 4905 4106 4973">
    <p class='ocr_par' dir='ltr' id='par_1_109' title="bbox 2597 4905 4106 4973">
     <span class='ocr_line' id='line_1_112' title="bbox 2597 4905 4106 4973; baseline -0.011 -2"><span class='ocrx_word' id='word_1_675' title='bbox 2597 4917 2685 4971; x_wconf 70' lang='grc'><strong>41.</strong></span> <span class='ocrx_word' id='word_1_676' title='bbox 2725 4915 2956 4968; x_wconf 85' lang='lat' dir='ltr'><strong>Historia</strong></span> <span class='ocrx_word' id='word_1_677' title='bbox 3002 4911 3069 4966; x_wconf 89' lang='lat' dir='ltr'><strong>de</strong></span> <span class='ocrx_word' id='word_1_678' title='bbox 3098 4909 3346 4964; x_wconf 87' lang='lat' dir='ltr'><strong>Hieronis</strong></span> <span class='ocrx_word' id='word_1_679' title='bbox 3380 4918 3433 4962; x_wconf 87' lang='lat' dir='ltr'><strong>et</strong></span> <span class='ocrx_word' id='word_1_680' title='bbox 3456 4909 3722 4961; x_wconf 89' lang='lat' dir='ltr'><strong>sociorum</strong></span> <span class='ocrx_word' id='word_1_681' title='bbox 3787 4905 4059 4973; x_wconf 85' lang='lat' dir='ltr'><strong>martyrio</strong></span> <span class='ocrx_word' id='word_1_682' title='bbox 4092 4921 4106 4966; x_wconf 85' lang='lat'>;</span> 
     </span>
    </p>
   </div>
   <div class='ocr_carea' id='block_1_110' title="bbox 2529 4994 4111 5077">
    <p class='ocr_par' dir='ltr' id='par_1_110' title="bbox 2529 4994 4111 5077">
     <span class='ocr_line' id='line_1_113' title="bbox 2529 4994 4111 5077; baseline -0.011 -14"><span class='ocrx_word' id='word_1_683' title='bbox 2529 5027 2593 5064; x_wconf 78' lang='lat' dir='ltr'><strong>ex</strong></span> <span class='ocrx_word' id='word_1_684' title='bbox 2624 5009 2819 5077; x_wconf 89' lang='lat' dir='ltr'><strong>quibus</strong></span> <span class='ocrx_word' id='word_1_685' title='bbox 2852 5008 3016 5058; x_wconf 90' lang='lat' dir='ltr'><strong>Hiero</strong></span> <span class='ocrx_word' id='word_1_686' title='bbox 3049 5004 3235 5057; x_wconf 86' lang='lat' dir='ltr'><strong>urbem</strong></span> <span class='ocrx_word' id='word_1_687' title='bbox 3280 5002 3332 5053; x_wconf 90' lang='lat' dir='ltr'><strong>in</strong></span> <span class='ocrx_word' id='word_1_688' title='bbox 3365 4998 3696 5069; x_wconf 84' lang='lat' dir='ltr'><strong>Cappadocia</strong></span> <span class='ocrx_word' id='word_1_689' title='bbox 3733 4994 3979 5066; x_wconf 83' lang='lat' dir='ltr'><strong>Tyanam</strong></span> <span class='ocrx_word' id='word_1_690' title='bbox 4016 5011 4111 5062; x_wconf 68' lang='lat' dir='ltr'><strong>pa-</strong></span> 
     </span>
    </p>
   </div>
   <div class='ocr_carea' id='block_1_111' title="bbox 2531 5088 4107 5160">
    <p class='ocr_par' dir='ltr' id='par_1_111' title="bbox 2531 5088 4107 5160">
     <span class='ocr_line' id='line_1_114' title="bbox 2531 5088 4107 5160; baseline -0.009 -7"><span class='ocrx_word' id='word_1_691' title='bbox 2531 5101 2686 5154; x_wconf 84' lang='lat' dir='ltr'><strong>triam</strong></span> <span class='ocrx_word' id='word_1_692' title='bbox 2718 5101 2938 5160; x_wconf 85' lang='lat' dir='ltr'><strong>habuit,</strong></span> <span class='ocrx_word' id='word_1_693' title='bbox 2979 5110 3100 5150; x_wconf 90' lang='lat' dir='ltr'><strong>cum</strong></span> <span class='ocrx_word' id='word_1_694' title='bbox 3135 5094 3203 5148; x_wconf 76' lang='lat'><strong>50</strong></span> <span class='ocrx_word' id='word_1_695' title='bbox 3246 5092 3406 5146; x_wconf 79' lang='lat' dir='ltr'><strong>sociis</strong></span> <span class='ocrx_word' id='word_1_696' title='bbox 3449 5089 3763 5159; x_wconf 78' lang='lat' dir='ltr'><strong>martyrium</strong></span> <span class='ocrx_word' id='word_1_697' title='bbox 3807 5088 3859 5138; x_wconf 90' lang='lat' dir='ltr'><strong>in</strong></span> <span class='ocrx_word' id='word_1_698' title='bbox 3896 5088 4107 5140; x_wconf 80' lang='lat' dir='ltr'><strong>Arme-</strong></span> 
     </span>
    </p>
   </div>
   <div class='ocr_carea' id='block_1_112' title="bbox 2529 5175 4108 5247">
    <p class='ocr_par' dir='ltr' id='par_1_112' title="bbox 2529 5175 4108 5247">
     <span class='ocr_line' id='line_1_115' title="bbox 2529 5175 4108 5247; baseline -0.013 -5"><span class='ocrx_word' id='word_1_699' title='bbox 2529 5192 2633 5243; x_wconf 71' lang='lat' dir='ltr'><strong>nia:</strong></span> <span class='ocrx_word' id='word_1_700' title='bbox 2671 5190 2894 5242; x_wconf 89' lang='lat' dir='ltr'><strong>minoris</strong></span> <span class='ocrx_word' id='word_1_701' title='bbox 2937 5191 3067 5240; x_wconf 89' lang='lat' dir='ltr'><strong>urbe</strong></span> <span class='ocrx_word' id='word_1_702' title='bbox 3101 5183 3334 5237; x_wconf 83' lang='lat' dir='ltr'><strong>Melitine</strong></span> <span class='ocrx_word' id='word_1_703' title='bbox 3379 5181 3479 5234; x_wconf 92' lang='lat' dir='ltr'><strong>sub</strong></span> <span class='ocrx_word' id='word_1_704' title='bbox 3520 5175 3942 5247; x_wconf 88' lang='lat' dir='ltr'><strong>imperatoribus</strong></span> <span class='ocrx_word' id='word_1_705' title='bbox 3980 5176 4108 5228; x_wconf 85' lang='lat' dir='ltr'><strong>Dio—</strong></span> 
     </span>
    </p>
   </div>
   <div class='ocr_carea' id='block_1_113' title="bbox 2531 5279 3429 5344">
    <p class='ocr_par' dir='ltr' id='par_1_113' title="bbox 2531 5279 3429 5344">
     <span class='ocr_line' id='line_1_116' title="bbox 2531 5279 3429 5344; baseline -0.014 -6"><span class='ocrx_word' id='word_1_706' title='bbox 2531 5285 2762 5339; x_wconf 89' lang='lat' dir='ltr'><strong>cletiano</strong></span> <span class='ocrx_word' id='word_1_707' title='bbox 2787 5292 2838 5336; x_wconf 90' lang='lat' dir='ltr'><strong>et</strong></span> <span class='ocrx_word' id='word_1_708' title='bbox 2869 5279 3189 5333; x_wconf 75' lang='lat' dir='ltr'><strong>Maximiano</strong></span> <span class='ocrx_word' id='word_1_709' title='bbox 3218 5289 3429 5344; x_wconf 90' lang='lat' dir='ltr'><strong>passus.</strong></span> 
     </span>
    </p>
   </div>
   <div class='ocr_carea' id='block_1_114' title="bbox 2602 5382 4110 5458">
    <p class='ocr_par' dir='ltr' id='par_1_114' title="bbox 2602 5382 4110 5458">
     <span class='ocr_line' id='line_1_117' title="bbox 2602 5382 4110 5458; baseline -0.013 -8"><span class='ocrx_word' id='word_1_710' title='bbox 2602 5398 2688 5450; x_wconf 69' lang='lat'><strong>49..</strong></span> <span class='ocrx_word' id='word_1_711' title='bbox 2733 5395 2966 5448; x_wconf 87' lang='lat' dir='ltr'><strong>Historia</strong></span> <span class='ocrx_word' id='word_1_712' title='bbox 2995 5392 3061 5446; x_wconf 90' lang='lat' dir='ltr'><strong>de</strong></span> <span class='ocrx_word' id='word_1_713' title='bbox 3088 5391 3154 5444; x_wconf 68' lang='grc'>40</span> <span class='ocrx_word' id='word_1_714' title='bbox 3187 5398 3501 5458; x_wconf 87' lang='lat' dir='ltr'><strong>martyrum,</strong></span> <span class='ocrx_word' id='word_1_715' title='bbox 3534 5386 3600 5441; x_wconf 77' lang='lat'>39</span> <span class='ocrx_word' id='word_1_716' title='bbox 3627 5384 3853 5438; x_wconf 67' lang='lat' dir='ltr'><strong>militum</strong></span> <span class='ocrx_word' id='word_1_717' title='bbox 3883 5382 4110 5451; x_wconf 59' lang='lat' dir='ltr'><strong>Cappa-</strong></span> 
     </span>
    </p>
   </div>
   <div class='ocr_carea' id='block_1_115' title="bbox 2534 5478 4108 5554">
    <p class='ocr_par' dir='ltr' id='par_1_115' title="bbox 2534 5478 4108 5554">
     <span class='ocr_line' id='line_1_118' title="bbox 2534 5478 4108 5554; baseline -0.013 -7"><span class='ocrx_word' id='word_1_718' title='bbox 2534 5495 2751 5552; x_wconf 85' lang='lat' dir='ltr'><strong>docum,</strong></span> <span class='ocrx_word' id='word_1_719' title='bbox 2783 5504 2904 5544; x_wconf 86' lang='lat' dir='ltr'><strong>cum</strong></span> <span class='ocrx_word' id='word_1_720' title='bbox 2936 5484 3380 5554; x_wconf 84' lang='lat' dir='ltr'><strong>quadragesimus</strong></span> <span class='ocrx_word' id='word_1_721' title='bbox 3419 5483 3482 5533; x_wconf 89' lang='lat' dir='ltr'><strong>ab</strong></span> <span class='ocrx_word' id='word_1_722' title='bbox 3532 5480 3594 5532; x_wconf 92' lang='lat' dir='ltr'><strong>iis</strong></span> <span class='ocrx_word' id='word_1_723' title='bbox 3626 5478 3953 5546; x_wconf 78' lang='lat' dir='ltr'><strong>aufugisset,</strong></span> <span class='ocrx_word' id='word_1_724' title='bbox 3988 5479 4037 5542; x_wconf 81' lang='lat' dir='ltr'><strong>ej</strong></span> <span class='ocrx_word' id='word_1_725' title='bbox 4087 5490 4108 5527; x_wconf 87' lang='lat' dir='ltr'><strong>s</strong></span> 
     </span>
    </p>
   </div>
   <div class='ocr_carea' id='block_1_116' title="bbox 2535 5567 4111 5643">
    <p class='ocr_par' dir='ltr' id='par_1_116' title="bbox 2535 5567 4111 5643">
     <span class='ocr_line' id='line_1_119' title="bbox 2535 5567 4111 5643; baseline -0.012 -7"><span class='ocrx_word' id='word_1_726' title='bbox 2535 5587 2652 5636; x_wconf 86' lang='lat' dir='ltr'><strong>loco</strong></span> <span class='ocrx_word' id='word_1_727' title='bbox 2681 5580 2959 5634; x_wconf 88' lang='lat' dir='ltr'><strong>custodem</strong></span> <span class='ocrx_word' id='word_1_728' title='bbox 3001 5575 3258 5640; x_wconf 87' lang='lat' dir='ltr'><strong>carceris,</strong></span> <span class='ocrx_word' id='word_1_729' title='bbox 3301 5587 3562 5643; x_wconf 87' lang='lat' dir='ltr'><strong>paganum</strong></span> <span class='ocrx_word' id='word_1_730' title='bbox 3597 5569 3892 5628; x_wconf 86' lang='lat' dir='ltr'><strong>hominem,</strong></span> <span class='ocrx_word' id='word_1_731' title='bbox 3951 5567 4111 5619; x_wconf 82' lang='lat' dir='ltr'><strong>Chii-</strong></span> 
     </span>
    </p>
   </div>
   <div class='ocr_carea' id='block_1_117' title="bbox 2535 5662 4110 5739">
    <p class='ocr_par' dir='ltr' id='par_1_117' title="bbox 2535 5662 4110 5739">
     <span class='ocr_line' id='line_1_120' title="bbox 2535 5662 4110 5739; baseline -0.014 -11"><span class='ocrx_word' id='word_1_732' title='bbox 2535 5676 2770 5728; x_wconf 84' lang='lat' dir='ltr'><strong>stianum</strong></span> <span class='ocrx_word' id='word_1_733' title='bbox 2807 5679 3032 5739; x_wconf 82' lang='lat' dir='ltr'><strong>repente</strong></span> <span class='ocrx_word' id='word_1_734' title='bbox 3059 5668 3255 5720; x_wconf 89' lang='lat' dir='ltr'><strong>factum</strong></span> <span class='ocrx_word' id='word_1_735' title='bbox 3284 5704 3299 5729; x_wconf 88' lang='lat'><strong>,</strong></span> <span class='ocrx_word' id='word_1_736' title='bbox 3327 5662 3563 5732; x_wconf 80' lang='lat' dir='ltr'><strong>martyrii</strong></span> <span class='ocrx_word' id='word_1_737' title='bbox 3593 5662 3800 5715; x_wconf 89' lang='lat' dir='ltr'><strong>socium</strong></span> <span class='ocrx_word' id='word_1_738' title='bbox 3831 5672 4110 5712; x_wconf 84' lang='lat' dir='ltr'><strong>consecu-</strong></span> 
     </span>
    </p>
   </div>
   <div class='ocr_carea' id='block_1_118' title="bbox 2536 5751 4112 5832">
    <p class='ocr_par' dir='ltr' id='par_1_118' title="bbox 2536 5751 4112 5832">
     <span class='ocr_line' id='line_1_121' title="bbox 2536 5751 4112 5832; baseline -0.013 -14"><span class='ocrx_word' id='word_1_739' title='bbox 2536 5777 2711 5818; x_wconf 92' lang='lat' dir='ltr'><strong>torum</strong></span> <span class='ocrx_word' id='word_1_740' title='bbox 2746 5762 3018 5832; x_wconf 80' lang='lat' dir='ltr'><strong>martyrio,</strong></span> <span class='ocrx_word' id='word_1_741' title='bbox 3043 5759 3182 5827; x_wconf 90' lang='lat' dir='ltr'><strong>quod</strong></span> <span class='ocrx_word' id='word_1_742' title='bbox 3212 5759 3262 5808; x_wconf 94' lang='lat' dir='ltr'><strong>in</strong></span> <span class='ocrx_word' id='word_1_743' title='bbox 3286 5755 3720 5810; x_wconf 86' lang='lat' dir='ltr'><strong>Sebastianorum</strong></span> <span class='ocrx_word' id='word_1_744' title='bbox 3754 5751 3909 5812; x_wconf 82' lang='lat' dir='ltr'><strong>urbe,</strong></span> <span class='ocrx_word' id='word_1_745' title='bbox 3946 5763 4112 5818; x_wconf 81' lang='lat' dir='ltr'><strong>quam</strong></span> 
     </span>
    </p>
   </div>
   <div class='ocr_carea' id='block_1_119' title="bbox 2536 5842 4113 5909">
    <p class='ocr_par' dir='ltr' id='par_1_119' title="bbox 2536 5842 4113 5909">
     <span class='ocr_line' id='line_1_122' title="bbox 2536 5842 4113 5909; baseline -0.014 0"><span class='ocrx_word' id='word_1_746' title='bbox 2536 5857 2860 5909; x_wconf 76' lang='lat' dir='ltr'><strong>vetustiores</strong></span> <span class='ocrx_word' id='word_1_747' title='bbox 2876 5853 3087 5908; x_wconf 76' lang='lat' dir='ltr'><strong>cuidem</strong></span> <span class='ocrx_word' id='word_1_748' title='bbox 3118 5852 3167 5903; x_wconf 93' lang='lat' dir='ltr'><strong>in</strong></span> <span class='ocrx_word' id='word_1_749' title='bbox 3187 5845 3540 5904; x_wconf 75' lang='lat' dir='ltr'><strong>Cappadocia.</strong></span> <span class='ocrx_word' id='word_1_750' title='bbox 3567 5842 3892 5898; x_wconf 80' lang='lat' dir='ltr'><strong>recentiores</strong></span> <span class='ocrx_word' id='word_1_751' title='bbox 3926 5849 4113 5891; x_wconf 85' lang='lat' dir='ltr'><strong>autem</strong></span> 
     </span>
    </p>
   </div>
  </div>
