4162 6474
732 435 838 504 299
1852 442 2226 503 SYMEONIS
2266 440 2839 506 METAPIIRAS'IXE
3871 449 3999 512 300

737 555 974 607 'lenonis
1005 555 1340 624 temporibus
1376 553 1575 609 ibidem
1611 555 1902 609 virtutibus
1930 556 2152 621 claram,
2194 564 2315 624 post
2347 560 2390 612 Α
2493 557 2576 610 79.
2619 557 2858 614 Historia
2893 559 2960 614 de
2990 560 3289 615 Anastasia:
3314 558 3570 617 Romana:
3593 561 3814 635 virginis
3839 579 4001 616 mar-

738 644 1062 698 Dduiierittm
1110 658 1138 697 a
1181 659 1239 697 se
1267 644 1617 698 commissum
1648 644 1864 698 deserto
1898 644 2114 706 marito,
2166 644 2306 697 intra
2417 649 2574 718 tyrio,
2607 651 2750 718 quod
2780 653 2880 706 sub
2907 653 3231 722 imperatore
3262 654 3596 711 Diocletiano
3667 656 3860 711 subiit.

743 735 1127 789 .miuasterium
1175 735 1242 789 ab
1272 735 1596 789 Alexandria
1638 735 1960 789 milliaribus
2005 735 2308 790 octodecim
2486 743 2574 798 80,
2615 743 2850 799 Historia
2877 746 2944 800 de
2986 747 3319 816 Eleumerii,
3352 749 3522 818 pan-ia
3559 748 3787 802 Romani
3814 789 3828 813 ,
3869 745 4008 816 my-

742 836 1027 887 remotum.
1065 827 1206 882 inter
1241 827 1540 929 monachos
1579 841 1678 895 pro
1723 827 1840 881 viro
1875 827 2133 893 habitam,
2181 827 2310 881 reli-
2418 833 2656 888 ricorum
2691 837 2928 906 episcopi
2974 839 3250 909 martyrio,
3303 807 3448 910 quod
3510 855 3635 894 cum
3694 807 4008 907 Evainpbia

743 933 908 986 quum
941 933 1115 972 aevum
1146 928 1472 989 transegisse
1502 928 1707 972 narrat.
2421 936 2614 989 matre,
2645 928 2748 982 sub
2775 928 3100 998 imperatore
3133 931 3394 995 Adriano,
3433 931 3712 986 sustinuit.

812 1009 901 1062 71.
942 1008 1174 1062 Historia
1210 1011 1274 1062 de
1306 1007 1532 1062 Joannis
1561 1007 1886 1073 Eleemonis,
1915 1010 1967 1064 id
1989 1019 2073 1064 est
2101 1010 2314 1064 miseri-
2495 1021 2582 1076 ει,
2633 1021 2867 1077 Historia
2915 1023 2984 1077 de
3041 1023 3240 1080 Νίεειω
3289 1024 3450 1080 Gothi
3515 1023 3809 1095 martyrio,
3854 1021 4014 1077 auod

744 1101 942 1164 cordis,
983 1101 1474 1155 Alexandrinorum
1503 1103 1738 1172 episcopi
1767 1103 1912 1170 vita.
1955 1104 2047 1173 qui
2082 1105 2309 1173 patriam
2424 1113 2793 1168 Romanorum
2829 1115 3153 1184 imperatore
3200 1115 3480 1182 Gratiano,
3513 1116 3822 1170 Gothorum
3877 1127 4017 1182 rege

750 1192 802 1243 in
836 1190 1065 1262 [Egyplo
1103 1192 1514 1254 Amathuntem,
1553 1195 1977 1263 patriarchatum
2006 1195 2057 1248 in
2089 1193 2321 1265 Egypto

2444 1206 2777 1274 \thanarico,
2810 1206 3153 1264 Christianos
3193 1207 3401 1264 Gothos
3442 1218 3555 1263 tum
3591 1207 3816 1262 Danubii
3845 1221 4016 1261 acco-

749 1283 1174 1338 Alexandrinum
1202 1325 1216 1349 ,
1281 1301 1424 1340 anno
1480 1287 1822 1356 imperatoris
1877 1286 2075 1341 Phocae
2107 1288 2320 1356 quinto.
2430 1299 2508 1352 las
2540 1306 2923 1366 persequente,
2949 1299 3227 1353 sustinuit.

751 1374 950 1429 Christi
987 1374 1110 1441 606,
1156 1387 1370 1441 nactus,
1408 1378 1460 1431 in
1503 1380 1673 1449 patria
1705 1395 1812 1449 quo
1841 1380 1944 1434 iter
1971 1395 2094 1433 mox
2128 1395 2158 1432 e
2183 1379 2323 1433 vivis
2501 1388 2589 1443 82,
2618 1389 2849 1444 Historia
2869 1390 2934 1444 de
2963 1388 3202 1461 Gregorii
3230 1389 3470 1460 episcopi
3502 1388 3808 1445 Siculorum
3836 1385 4011 1455 Agri-

753 1468 1364 1570 ahiturussusceperat,
1408 1473 1550 1525 diem
1579 1488 1736 1526 suum
1779 1473 1938 1538 obiit,
1981 1488 2125 1527 anno
2155 1472 2326 1542 impe-
2435 1479 2640 1550 gemini
2700 1479 2831 1540 vita,
2882 1480 2972 1548 qui
3028 1449 3100 1534 ex“
3129 1449 3366 1534 vico-ad
3412 1449 3764 1550 Agrigentum
3815 1449 4019 1530 urbem

754 1571 949 1614 ratorts
982 1560 1210 1615 lleraclii
1243 1579 1341 1624 vn,
1371 1563 1568 1618 Christi
1602 1564 1723 1618 616.
2435 1582 2608 1637 ortus,
2661 1588 2689 1626 a
2720 1571 2953 1625 Macario
2983 1573 3270 1642 episcopus
3301 1570 3789 1637 Hierosolymitano
3822 1570 4017 1622 diaco—

827 1653 914 1708 72.
960 1653 1190 1708 Historia
1221 1657 1290 1710 de
1312 1656 1514 1725 Patapii
1542 1659 1784 1714 eremita:
1819 1659 1951 1726 vita,
1999 1660 2091 1731 qui
2117 1660 2330 1716 Thebas
2437 1678 2540 1716 nus
2575 1661 3114 1732 Hierosolymitanus,
3134 1663 3346 1717 tandem
3377 1663 3445 1718 ab
3475 1662 3730 1732 episcopo
3766 1659 4023 1714 Romano

758 1744 976 1816 Egypti
1009 1748 1194 1802 urbem
1232 1750 1459 1817 patriam
1491 1750 1694 1804 habuit.
2439 1753 2732 1824 episcopus
2775 1753 3159 1824 Agrigentinus
3209 1753 3480 1809 Theodori
3527 1767 3812 1808 successor
3857 1766 4027 1806 crea—

831 1838 916 1890 75.
958 1837 1190 1892 Historia
1223 1839 1289 1893 de
1315 1840 1530 1894 Arctha:
1555 1843 1830 1912 martyrio,
1862 1845 2004 1914 quod
2038 1846 2139 1900 sub
2162 1844 2325 1900 Eles-
2371 1909 2399 1914 Α
2445 1856 2531 1902 tus
2560 1857 2664 1901 est.

772 1928 961 2031 beatus
1003 1928 1358 2031 .IIEtbiopum
1412 1948 1536 2002 rege
1585 1933 1899 1989 Christiano
1926 1977 1941 2002 ,
1989 1938 2225 1994 civitatis
2282 1940 2336 1993 in
2370 1909 2410 1964 Β
2511 1937 2600 1992 85.
2641 1936 2875 1992 Historia
2909 1938 2975 1994 de
3006 1937 3229 2009 Agathae
3253 1937 3495 2009 virginis,
3520 1937 3691 2006 patria
3721 1937 4022 1998 Catanaam,

765 2018 1048 2089 Ethiopia
1092 2021 1352 2093 Nagrante
1404 2039 1643 2092 praeses,
1706 2041 1830 2080 cum
1880 2042 2001 2082 eam
2049 2029 2342 2088 Dunaanus
2443 2030 2723 2099 martyrio,
2756 2032 2899 2100 quod
2929 2030 3069 2084 intra
3115 2029 3352 2084 Siciliam
3383 2031 3436 2082 in
3479 2031 3611 2084 urbe
3645 2028 3868 2090 Catana,
3911 2030 4024 2082 sub

767 2112 1004 2212 Ali-alium
1039 2113 1484 2212 rer-Christianis
1517 2117 1769 2173 inimicus
1797 2121 2192 2190 occupavisset,
2218 2141 2341 2179 cum
2445 2121 2770 2191 imperatore
2839 2122 3000 2177 Decio
3067 2125 3286 2177 tertium
3345 2121 3687 2177 consulatum
3749 2132 4022 2192 gerente;

766 2205 888 2257 aliis
919 2205 1251 2274 martyribus
1281 2207 1436 2260 obiit.

2444 2214 2509 2270 Α.
2539 2214 2598 2268 C.
2628 2215 2754 2279 251,
2786 2215 3065 2270 sustinuit.
3943 2249 3946 2258 -

839 2295 926 2350 74.
956 2294 1188 2398 Historia
1210 2297 1276 2351 de
1293 2299 1560 2377 Eustathii
1580 2301 1857 2372 martyrio,
1881 2304 2023 2372 quod
2049 2304 2149 2360 sub
2174 2305 2346 2375 impe-

2515 2308 2602 2362 84.
2644 2307 2876 2363 Historia
2916 2308 2982 2362 de
3030 2307 3266 2378 Dionysii
3321 2305 3668 2376 Areopagitce
3711 2302 4032 2358 Athenien-

770 2385 1212 2489 ratore‘d‘r‘ajano
1239 2388 1344 2442 dux
1381 2390 1632 2489 militum,
1664 2392 1766 2446 sub
1789 2393 1980 2447 eodem
2017 2396 2085 2448 ad
2125 2398 2342 2467 religio-
2447 2400 2544 2465 sis,
2580 2417 2742 2471 quem
2788 2410 3009 2456 sanctus
3041 2401 3240 2455 Paulus
3270 2401 3547 2470 apostolus
3593 2399 3658 2452 ad
3706 2397 4032 2466 religionem

772 2492 896 2580 ηςιξι
929 2477 1451 2580 (λιπιδιιειςιθηῖρυῐη
1475 2482 1591 2580 iliis
1621 2498 1950 2580 οιξῐινθιξξξε,
2011 2501 2134 2539 cum
2167 2487 2345 2542 Theo-
2447 2496 2808 2550 Christianam
2869 2495 3160 2558 convertit,
3219 2493 3326 2547 vita
3373 2505 3429 2547 et
3466 2491 3746 2561 martyrio.
3801 2487 4035 2541 Primus

773 2569 912 2636 piste
935 2583 1134 2670 uxore,
1163 2569 1368 2638 Agapio
1400 2580 1456 2625 et
1475 2569 1772 2641 Theopisto
1803 2573 1948 2641 filiis,
1979 2576 2080 2630 sub
2108 2576 2344 2647 impera-

2447 2587 2860 2643 Atheniensium
2879 2587 3183 2655 episcopus,
3199 2598 3359 2653 quem
3379 2591 3563 2653 postea
3581 2582 3764 2649 plures
3788 2579 4035 2648 primum

777 2667 894 2711 ⁸0⁵⁸
922 2658 1178 2721 Αάηθηον
1206 2675 1258 2712 ⁸η
1288 2661 1422 2715 urbe
1450 2661 1639 2727 Roma,
1669 2664 1853 2719 subi“.
2448 2679 2830 2736 Parisiensium
2846 2679 3159 2748 episcopum
3182 2676 3348 2731 fuisse
3379 2683 3630 2738 narrant,
3650 2673 3752 2728 sub
3786 2672 4043 2741 impera-

2452 2787 2568 2831 tore
2606 2775 2930 2837 Domitiano,
2965 2781 3163 2840 martyr
3193 2771 3348 2824 obiit.

2520 2867 2608 2921 85.
2631 2865 2862 2919 Historia
2874 2865 2939 2919 de
2957 2862 3281 2916 'l'heoctistae
3301 2859 3510 2914 Lesbia
3525 2857 3746 2928 virginis
3762 2856 4045 2923 vita,.quae

2450 2959 2601 3030 virgo
2636 2957 2863 3027 patriam
2899 2955 3090 3008 habuit
3135 2952 3500 3020 Methymnam
3531 2950 3718 3002 urbem
3769 2949 3826 3000 in
3872 2945 4042 3015 Egs-i

2452 3052 2617 3104 maris
2659 3063 2825 3119 prope
2857 3046 3137 3117 Phrygiam
3170 3045 3309 3098 Αείιρ
3345 3042 3678 3113 provinciam
3712 3039 4043 3094 Grzeeorum

2459 3143 2636 3198 insula
2685 3141 2878 3206 Lesbo,
2925 3155 3047 3208 qua:
3095 3137 3371 3192 nonnullis
3412 3135 3574 3190 etiam
3614 3131 3866 3203 Mytilene
3897 3131 3934 3185 d
3962 3133 4047 3186 ci-

2380 3243 2425 3302 (ζ
2461 3248 2565 3300 tur,
2600 3237 2766 3289 vitam
2798 3232 3148 3288 monasticam
3197 3231 3252 3283 in
3307 3228 3442 3282 Paro
3494 3227 3803 3281 Graecorum
3857 3224 4045 3276 insula

2461 3328 2645 3384 coluit.

2534 3419 2622 3475 86.
2664 3417 2897 3472 Historia
2924 3415 2990 3470 de
3024 3415 3212 3469 decem
3245 3420 3540 3482 martyrum
3573 3407 3854 3477 martyrio,
3886 3407 4048 3474 quod

2464 3514 2517 3567 in
2567 3513 2879 3566 Graecorum
2927 3508 3101 3562 insula
3140 3505 3300 3560 Creta
3350 3504 3450 3557 sub
3487 3502 3818 3570 imperatore
3871 3496 4050 3549 Decio

2462 3604 2864 3660 sustinuerunt.

2531 3695 2620 3749 87.
2652 3693 2884 3746 Historia
2908 3691 2974 3745 de
2997 3674 3224 3742 Andreae
3251 3685 3529 3741 Cretensis
3556 3684 3688 3744 vita,
3711 3681 3801 3752 qui
3819 3681 3922 3734 sub
3943 3681 4052 3732 im-

2463 3795 2713 3857 peratore
2747 3781 3108 3838 Constantino
3139 3779 3481 3848 Copronymo
3515 3772 3872 3830 lconomacho
3901 3773 4052 3826 moti

2462 3895 2621 3951 quam
2655 3879 2946 3950 imaginum
2975 3877 3178 3930 cultum
3208 3873 3468 3928 damnare
3491 3868 3701 3924 maluit.

842 2749 932 2803 75.
979 2749 1215 2804 Historia
1240 2750 1308 2806 de
1333 2751 1551 2821 Sophia:
1574 2755 1721 2809 itala
1750 2759 2028 2826 martyrio,
2053 2761 2196 2828 quod
2222 2776 2346 2815 cum

777 2841 951 2895 tribus
991 2841 1132 2909 ﬁliis,
1178 2843 1303 2910 ﬁde,
1354 2859 1449 2914 Spe
1476 2853 1531 2900 et
1559 2847 1843 2914 charitate,
1893 2852 1994 2906 sub
2025 2851 2348 2922 imperatore

779 2934 1038 2998 Adriano,
1069 2935 1122 2989 in
1154 2936 1286 2990 urbe
1313 2937 1504 3003 Roma,
1543 2939 1731 2994 subiit.

849 3025 935 3081 76.
980 3028 1214 3082 Historia
1263 3028 1332 3084 de
1375 3031 1626 3101 Eugeniae
1659 3031 1916 3090 Romanae
1957 3037 2180 3108 virginis
2205 3054 2348 3092 mar-

785 3120 943 3186 tyrio,
975 3119 1116 3186 quod
1150 3121 1202 3173 io
1239 3120 1371 3174 urbe
1407 3121 1575 3176 Roma
1601 3164 1616 3189 ,
1670 3127 1770 3180 sub
1798 3128 2220 3198 imperatoribus
2246 3130 2350 3186 Va-

784 3208 990 3259 leriano
1017 3218 1069 3260 et
1093 3207 1316 3263 Galieno
1342 3211 1620 3267 sustinuit.

848 3297 935 3351 77.
978 3296 1214 3353 llistoria
1237 3301 1302 3354 de
1321 3299 1534 3374 Georgii
1557 3304 1855 3374 Capadoeis
1892 3311 2174 3381 martyrio,
2198 3328 2358 3382 quem

787 3387 980 3458 vulgus
1011 3405 1136 3443 cum
1170 3391 1415 3448 Dracone
1448 3411 1684 3466 pugnam
1720 3398 1909 3455 iniisse
1941 3413 2112 3471 putat,
2191 3406 2362 3474 impe-

789 3491 934 3535 rator
955 3481 1321 3541 Diocletianus
1347 3501 1469 3541 cum
1510 3490 1786 3546 tribunum
1828 3494 2084 3558 militum,
2128 3497 2362 3567 denique

788 3572 1044 3625 comitem
1093 3576 1412 3650 creavisset,
1465 3578 1518 3632 in
1557 3580 1691 3635 urbe
1718 3579 1909 3647 Roma,
1955 3596 2175 3656 propter
2207 3586 2364 3642 Chri-

789 3664 1018 3719 stianam
1056 3668 1369 3738 religionem
1399 3673 1568 3726 occidi
1597 3674 1780 3742 jussit.

865 3758 953 3810 78.
992 3759 1224 3815 Historia
1255 3763 1323 3816 de
1351 3764 1649 3821 Anastasis:
1668 3767 1927 3823 Romanae
1959 3770 2136 3826 vidua:
2159 3783 2359 3843 marty-

796 3849 898 3909 εἱο,
917 3851 1070 3951 'quod
1095 3853 1151 3906 in
1183 3854 1315 3909 urbe
1332 3855 1503 3911 Roma
1527 3858 1628 3912 sub
1654 3857 1980 3929 imperatore
2028 3861 2362 3920 Diocletiano

795 3943 1073 3998 sustinuit.

1979 4292 2353 4353 DANIELIS
2397 4293 2503 4352 DE
2549 4289 2845 4351 NESSEL

1339 4433 1675 4514 Catalogus
1722 4435 2007 4498 Vitarum
2054 4456 2213 4517 quas
2259 4441 2535 4518 Symeon
2583 4437 3049 4515 Metaphrastes
3095 4430 3484 4510 composuit.

1401 4585 1494 4647 (Ex
1521 4584 1752 4650 Catalogo
1782 4587 2020 4636 Bibliotb.
2058 4585 2338 4637 Vindobon.
2375 4599 2492 4634 mss.
2531 4585 2688 4635 Grec.
2714 4586 2765 4633 in
2795 4584 2875 4634 fol.
2904 4581 3082 4632 indicis
3107 4581 3125 4630 l
3152 4593 3246 4642 pag
3302 4576 3435 4639 109.)

2377 4745 2449 4760 ﬁ

874 4850 1176 4924 Symeonis,
1208 4853 1533 4923 cognomine
1559 4852 1962 4924 Metaphrastte,
1989 4855 2080 4924 qui
2121 4855 2222 4911 fuit
2252 4871 2369 4910 ma-
2405 4860 2446 4914 D
2547 4850 2782 4906 Historia
2835 4845 3075 4916 martyrii
3107 4840 3282 4898 sancti
3309 4834 3610 4894 Eleutherii
3644 4831 3891 4904 episcopi
3926 4831 4060 4902 Illy-

804 4941 969 5008 gister
1001 4951 1055 4995 et
1075 4942 1378 5009 logothetes
1417 4943 1472 4996 in
1493 4943 1613 4996 aula
1635 4943 2248 5014 Constantinopolitano,
2281 4945 2374 5000 de—
2477 4945 2595 5009 rici,
2619 4951 2672 4996 ct
2704 4939 2925 4995 historia
2953 4933 3190 5004 martyrii
3218 4929 3390 4985 sancti
3422 4925 3732 4997 Polyeucti;

805 5035 1054 5102 cimoque
1090 5042 1210 5103 post
1247 5033 1526 5089 Christum
1557 5036 1753 5111 saeculo
1775 5012 2007 5102 ﬂoruit,v
2549 5034 2783 5089 Historia
2815 5025 3052 5098 martyrii
3084 5024 3256 5078 sancti
3281 5017 3536 5074 Demetrii
3575 5012 3953 5085 proconsulis;

877 5102 1110 5180 Historia
1145 5127 1268 5181 vita}
1299 5125 1357 5181 S.
1396 5126 1605 5194 Alexii;
1668 5109 1670 5111 θ

2557 5127 2676 5182 Vita
2717 5131 2916 5179 sanctae
2966 5118 3171 5180 Mariae,
3217 5129 3338 5183 quae
3368 5112 3421 5165 in
3463 5109 3604 5164 virili
3650 5105 3930 5169 emnobio,
3959 5102 4066 5155 sub

879 5215 1110 5269 Historia
1143 5218 1381 5284 martyrii
1416 5217 1472 5271 S.
1510 5216 1941 5272 Panteleemonis
1973 5235 1988 5284 ;

2481 5221 2668 5277 habitu
2707 5217 2847 5271 virili
2872 5224 2926 5269 et
2972 5211 3194 5266 nomine
3249 5206 3463 5269 Marini,
3505 5201 3847 5258 sanctissime
3901 5200 4066 5260 vixit,

878 5307 1112 5362 Historia
1142 5309 1267 5362 vita:
1291 5309 1345 5361 S.
1375 5309 1601 5375 Nicolai,
1623 5310 1862 5379 episc0pi
1893 5310 2190 5377 Myrensis;
2484 5326 2583 5365 nec
2624 5309 2724 5362 nisi
2758 5314 2877 5375 post
2906 5303 3110 5357 obitum
3143 5298 3342 5353 femina
3377 5293 3717 5364 deprehensa
3746 5301 3827 5343 est
3865 5306 3880 5350 ;

877 5399 1078 5453 Versus
1132 5401 1524 5469 compunctori-i
1574 5401 1744 5455 forma
1778 5402 2139 5457 confessionis
2181 5416 2376 5456 secun-
2552 5396 2804 5452 Historia:
2852 5394 2978 5447 vita:
3007 5389 3187 5445 sancti
3249 5385 3479 5442 Joannis
3524 5380 3902 5452 Chrysostcmi
3961 5379 4072 5431 fra-

808 5491 935 5545 dum
961 5491 1204 5545 ordinem
1237 5491 1632 5560 alphabetieum
1657 5510 1671 5557 ;
2480 5503 2757 5563 gmentum
2781 5504 2796 5550 ;

881 5583 1162 5637 Canticum
1200 5597 1412 5636 sacrum
1434 5583 1623 5638 ordine
1644 5584 2024 5653 alphabetico;
2485 5560 2504 5563 _
2553 5580 2671 5633 Vita
2704 5571 3205 5643 sancti'l‘ryphonis
3257 5568 3529 5637 ῐηθτῐὶτῖει
3586 5562 3757 5634 liatria
3801 5560 4073 5615 Cambs"

884 5673 1240 5742 Synaxarium
1273 5675 1328 5728 in
1347 5676 1754 5730 cruciﬁxionem
1776 5674 1980 5729 Christi
2014 5648 2263 5732 versibus
2285 5691 2382 5747 po-
2485 5670 2673 5725 densis
2696 5669 2750 5720 in
2781 5665 3029 5734 Phrygia,
3065 5661 3256 5715 Nicaeae
3290 5667 3470 5712 autem
3505 5657 3559 5708 in
3602 5651 3850 5722 Bithynia
3898 5652 3968 5702 Α.
4003 5648 4069 5702 (ἶ.

815 5767 1003 5832 ῖμὶοὲε;

2484 5763 2590 5817 (ΖΞὶο
2620 5761 2720 5814 sub
2752 5758 2883 5825 imp.
2920 5754 3082 5808 Decio
3107 5749 3286 5820 passi;

883 5857 922 5909 ll
952 5860 1116 5913 stoyia
1147 5859 1386 5928 martyrii
1420 5859 1588 5913 sancti
1623 5858 1816 5913 Niceten
1855 5857 2050 5926 Gothi;
2563 5852 2868 5922 Martyrium
2897 5848 3065 5903 sancti
3089 5842 3276 5899 Isidori
3300 5835 3643 5895 Alexandrini
3663 5835 3943 5903 martyris.
