4162 6474
170 402 247 471 301
1321 430 1669 494 VITARUM
1709 434 1893 494 CATA
1906 435 2175 498 LOGUS.

217 526 497 595 Martyrium
534 540 735 585 sancta:
765 531 984 604 Agathat
1013 538 1238 609 virginis
1271 551 1324 597 ct
1347 546 1638 614 martyris;
1720 551 1764 605 Α

213 616 497 687 Martyrium
540 634 853 680 sanctorum
882 638 1198 699 martyrum,
1231 632 1460 699 Faustae,
1499 636 1686 691 Evcia-

159 708 205 760 sii
226 717 271 761 et
295 708 610 777 Maximini;

217 798 308 853 Vita
336 801 475 856 beati
510 803 735 876 Ettgenii
785 820 841 865 et
890 811 1067 867 Mariae
1094 814 1214 885 ejus
1247 814 1371 871 ﬁliae
1412 817 1463 871 in
1496 834 1684 875 emno-

158 891 224 945 bio
245 893 329 947 sub
357 895 542 953 habitu
569 900 705 954 virili
737 902 891 958 dictae
922 904 1146 975 Marini;

209 985 487 1055 Martyrium
514 995 688 1047 sancti
741 994 1049 1067 Nicephort,
1090 1003 1338 1074 martyris
1364 1005 1679 1061 Antiochia:

161 1077 197 1127 in
221 1075 380 1146 Syria;

212 1166 306 1219 Vita
336 1181 382 1223 et
414 1177 728 1245 martyrium
786 1183 957 1236 sancti
1014 1187 1264 1256 martyris
1310 1186 1493 1253 Blasii,
1562 1194 1679 1260 epi-

160 1261 269 1327 Si‘OIli
292 1260 543 1320 Sebastire
569 1268 621 1321 in
644 1268 1001 1341 Cappadocia,
1028 1286 1082 1331 et
1102 1278 1372 1333 sociorum
1397 1282 1513 1348 ejus
1536 1299 1550 1342 :

210 1354 492 1426 Martyrium
534 1374 843 1419 sanctorum
902 1365 1192 1437 Pamphili,
1222 1370 1474 1438 Valentii,
1506 1373 1677 1437 Pauli.

161 1443 348 1511 Seleuci,
389 1448 698 1523 Porphyrii,
742 1456 1029 1523 Theoduli,
1076 1461 1274 1516 Juliani
1321 1474 1374 1517 et
1408 1465 1678 1520 sociorum

161 1538 171 1599 ιζ
196 1538 322 1591 initio
361 1543 579 1609 quidem
609 1547 677 1600 ab
708 1546 937 1604 EUSt'biO
992 1553 1162 1621 ipsius
1199 1556 1370 1611 sancti
1411 1557 1677 1626 Pamphili

159 1631 292 1683 amico
320 1634 522 1697 intimo,
560 1647 614 1691 et
654 1640 915 1695 Ctesarec
962 1645 1016 1695 in
1074 1645 1368 1703 Patrestina
1423 1650 1679 1720 episcopo

158 1730 497 1791 conscriptum,
529 1732 715 1786 multis
747 1744 926 1787 autem
952 1744 1076 1804 post
1110 1741 1323 1794 saeculis
1349 1755 1379 1793 a
1408 1742 1677 1812 Symeone

157 1812 471 1885 Metaphraste
503 1823 935 1893 interpolatum);

207 1902 306 1959 Vita
337 1912 503 1964 sancti
536 1913 827 1968 Andronici
858 1927 911 1971 et
962 1918 1146 1973 uxoris
1172 1919 1291 1988 ejus
1311 1921 1623 1978 Athanasia:
1658 1942 1671 1989 ;

210 1997 499 2070 Martyrium
528 2009 696 2059 sancti
737 2007 948 2064 Orestis
990 2011 1185 2081 Tyana:
1232 2013 1285 2067 i-n
1337 2014 1676 2085 Cappadocia

156 2091 231 2144 sub
253 2092 365 2163 imp.
400 2094 765 2165 Diocletiano;

208 2185 492 2257 Martyrium
526 2193 699 2245 sancti
737 2192 968 2246 Victoris
1003 2202 1057 2247 et
1087 2196 1261 2250 sancti
1284 2196 1670 2270 Stephanidis;

206 2278 483 2351 Martyrium
518 2286 688 2340 sancti
721 2285 1005 2349 Vincentii,
1038 2288 1671 2351 archiadiaconijsar-

152 2380 384 2442 augustani
406 2395 419 2441 ;

202 2467 417 2522 Narratio
448 2474 694 2529 miraculi
722 2492 752 2529 a
785 2478 880 2534 SS.
908 2479 1234 2551 martyribus
1258 2477 1447 2541 Curia,
1481 2479 1669 2533 Samo-

154 2572 201 2608 n:
224 2570 267 2612 et
287 2562 466 2627 Abibo,
496 2564 712 2621 Edessa?
737 2569 901 2636 editi;

202 2648 481 2721 Martyrium
516 2658 686 2711 sancti
717 2659 988 2725 Platonis;

206 2740 450 2815 Martyria,
488 2745 625 2803 Vita:
641 2758 697 2804 et
734 2752 992 2808 Encomia
1033 2753 1131 2811 SS.
1168 2753 1373 2810 mensis
1402 2752 1671 2815 Octobris,

151 2853 305 2909 nempe
336 2858 348 2893 :

202 2930 483 3003 Martyrium
518 2946 724 2992 sanctae
753 2939 977 2993 Ananite
1006 2959 1019 3005 ;

201 3023 480 3096 Martyrium
525 3025 623 3084 SS.
659 3029 909 3101 Cypriani
938 3042 993 3087 et
1025 3031 1287 3097 Justinae;

202 3116 484 3188 Martyrium
515 3123 693 3176 sancri
720 3122 956 3192 Dionysii
982 3122 1317 3194 Areopagita:
1347 3142 1359 3186 ;

200 3207 478 3278 Martyrium
508 3224 709 3268 sancta:
733 3216 1035 3270 Charitines
1062 3234 1074 3281 ;

200 3299 611 3358 Commentarius
636 3306 688 3359 in
729 3319 973 3359 sanctum
1021 3306 1323 3376 apostolum
1358 3305 1616 3362 Thomam
1652 3325 1663 3371 ;

199 3390 483 3461 Martyrium
526 3394 627 3447 SS.
656 3395 829 3461 Sergii
868 3397 1139 3449 etBacchi
1181 3412 1193 3458 ;

198 3482 293 3539 Vita
320 3497 513 3541 sanctae
544 3489 772 3558 Pelagia:
804 3491 1193 3555 Antiochenm;

198 3577 474 3648 Martyrium
518 3581 621 3636 SS.
663 3582 997 3651 Eulampiict
1036 3588 1367 3657 Eulampire;

197 3672 473 3743 Martyrium
505 3673 610 3728 SS.
644 3674 823 3736 Probi.
852 3675 1079 3732 Tarachi
1116 3689 1168 3733 et
1198 3678 1488 3735 Andronici
1514 3698 1527 3743 ;

198 3762 475 3832 Martyrium
506 3765 606 3820 SS.
640 3766 823 3835 Carpi,
855 3766 1029 3839 Papyli
1066 3779 1119 3823 et
1145 3771 1419 3825 sociorum
1456 3788 1469 3832 ;

200 3854 479 3925 Martyrium
538 3856 637 3910 55.
693 3856 945 3923 Nazarii,
993 3858 1235 3915 Gervasii
1265 3886 1285 3925 ,ν
1335 3858 1563 3914 Protasii
1617 3869 1671 3912 et

148 3944 193 3995 {.1
207 3946 254 3997 lsi
280 3964 291 4009 ;

199 4037 475 4108 Martyrium
500 4041 674 4095 sancti
708 4041 929 4096 aniani
953 4062 966 4105 ;

194 4126 472 4199 Martyrium
501 4135 676 4185 sancti
708 4132 930 4203 Longini
960 4133 1303 4189 Centurionis
1336 4153 1350 4199 ;

194 4221 610 4279 Commentarius
642 4228 690 4277 in
732 4235 976 4279 sanctum
1006 4227 1392 4297 evangelistam
1419 4225 1615 4281 Lucam
1654 4243 1667 4290 ;

196 4308 475 4380 Martyrium
498 4313 677 4367 sancti
720 4311 843 4366 Vari
885 4330 898 4377 ;

194 4396 470 4472 Martyrium
506 4405 685 4458 sancti
717 4406 941 4460 Andreae
967 4406 1019 4460 in
1046 4408 1183 4462 Crisi
1220 4425 1232 4470 ;

195 4489 477 4563 Martyrium
509 4496 688 4548 sancti
711 4496 930 4550 Artemii
967 4514 981 4561 ;

198 4580 291 4634 Vita
322 4588 489 4637 sancti
522 4584 819 4640 Hilarionis
847 4604 858 4649 ;

198 4675 293 4730 Vita
312 4681 473 4733 sancti
516 4679 792 4743 Abericii;

195 4768 609 4825 Commentarius
657 4773 710 4823 in
756 4781 1000 4825 sanctum
1042 4773 1346 4841 apostolum
1398 4772 1665 4829 Iacobum

145 4859 320 4915 fratrem
345 4864 554 4921 Domini
590 4864 796 4917 dictum
826 4881 838 4925 ς

194 4950 472 5024 Martyrium
513 4956 574 5008 S.
612 4956 826 5008 Arethre
862 4973 873 5017 ;

195 5045 471 5117 Martyrium
544 5046 653 5101 SS.
703 5046 954 5102 Marciani
1013 5058 1066 5101 et
1124 5049 1365 5118 martyrii
1423 5049 1665 5103 notario.

146 5148 265 5196 rum;

195 5225 467 5295 Martyrium
504 5228 686 5283 sancti
722 5227 973 5281 Demetrii
1010 5247 1021 5280 :

196 5315 473 5389 Martyrium
501 5331 711 5375 sancta:
731 5320 1021 5375 Anastasis
1048 5320 1303 5375 Romamn
1333 5320 1561 5375 senioris
1589 5338 1602 5385 ;

196 5405 291 5462 Vita
320 5412 482 5465 sancti
520 5412 1023 5465 Abramiieremitze
1057 5431 1071 5476 ;

199 5499 473 5572 Martyrium
497 5504 599 5557 SS.
624 5502 853 5557 Zenobii
878 5514 932 5556 et
956 5502 1209 5558 Zenobim
1232 5520 1246 5569 ;

198 5590 470 5661 Martyrium
504 5595 692 5649 sancti
718 5594 997 5663 EpimaChi
1035 5612 1049 5658 ἱ

203 5680 296 5737 Vita
342 5688 506 5741 sancti
572 5685 809 5739 Joannis
854 5685 1222 5756 Cbrysosmmi
1276 5685 1664 5756 archiepiscopi

147 5768 683 5846 Constantinopolitani
724 5792 738 5839 ;

200 5862 471 5935 Martyrium
503 5867 681 5923 sancti
718 5865 955 5920 Platonis
984 5886 995 5929 ;

1866 546 2177 617 Martyrium
2206 563 2410 607 sancta:
2440 553 2745 611 Catharinae
2776 558 3000 630 virginis
3034 580 3051 627 ς

1867 636 1986 692 Vita
2007 642 2180 695 sancti
2207 644 2381 714 Alypii
2411 645 2616 715 Stylitre
2645 666 2658 710 ;

1862 729 2176 803 Martyrium
2213 738 2386 791 sancti
2417 737 2601 793 Jacobi
2630 737 2804 796 Persa:
2838 761 2850 805 ;

1862 821 1979 877 Vita
2003 834 2054 878 et
2078 829 2391 897 martyrium
2412 832 2584 886 sancti
2615 831 2905 903 Stephanis
2929 835 3169 891 Junioris
3209 856 3220 896 :

1857 915 2296 975 Commentarius
2332 922 2384 975 in
2405 923 2461 978 S.
2489 926 2761 981 Andream
2815 929 3119 997 apostolum
3158 948 3171 993 ;

1857 1004 2105 1059 Narratio
2141 1008 2385 1063 miraculi
2439 1028 2466 1063 a
2510 1024 2693 1069 sancto
2738 1016 2997 1071 Micbare
3036 1020 3356 1090 archangcln

1784 1096 1977 1153 Chonii
2000 1100 2113 1153 sive
2139 1100 2364 1156 Colossii
2402 1104 2452 1157 in
2481 1105 2707 1177 Phrygia
2731 1110 2858 1164 editi
2890 1127 2903 1173 ;

1856 1191 2105 1246 Narratio
2152 1194 2293 1257 vitaz,
2328 1211 2508 1250 rerum
2559 1209 2831 1267 gestarum
2874 1211 2927 1254 et
2968 1203 3349 1257 miraculorum

1790 1285 1963 1337 sancti
2006 1284 2213 1340 Nicolai
2253 1287 2514 1358 Myrensis
2544 1291 2594 1343 in
2624 1290 2779 1362 Lycia
2807 1294 3044 1362 episcopi
3087 1311 3099 1355 ;

1854 1377 2165 1447 Martyrium
2191 1382 2362 1434 sancti
2396 1379 2596 1437 Nicetaa
2630 1384 2791 1439 Gothi
2830 1403 2842 1451 ;

1852 1469 2162 1541 Martyrium
2195 1483 2395 1526 sancta!
2428 1473 2739 1543 Euphemize
2772 1480 2993 1547 virginis
3021 1498 3031 1542 ;

1853 1560 1972 1616 Vita
2005 1566 2174 1617 sancti
2204 1566 2493 1626 Ambrosii,
2526 1568 2763 1637 episcopi
2792 1568 3200 1628 Mediolanensis
3232 1588 3247 1637 ;

1850 1652 2156 1723 Martyrium
2220 1654 2318 1711 SS.
2370 1656 2649 1723 Eustratii,
2710 1661 3004 1725 Auxentii,
3062 1662 3348 1732 Fulgentii,

1779 1742 1984 1799 Orestis
2018 1758 2069 1800 et
2098 1747 2346 1801 Mardarii
2376 1766 2389 1813 ;

1849 1838 1971 1893 Vita
1996 1852 2194 1895 sanctae
2224 1840 2524 1897 Theodorae
2560 1843 2937 1899 Alexandrina:
2973 1863 2987 1910 ;

1852 1932 1969 1986 Vita
2017 1936 2186 1987 sancti
2245 1935 2468 1988 Joannis
2516 1935 2935 2007 Eleemosynarii
2965 1979 2977 2001 ,
3026 1939 3347 1996 patriarcha:

1780 2021 2098 2075 Antiochcni
2128 2040 2141 2087 ;

1848 2113 2080 2168 Historia
2114 2117 2350 2187 martyrii
2380 2118 2550 2173 sancti
2585 2118 2859 2190 Polyeucti
2905 2120 3093 2177 militis
3124 2132 3180 2176 et
3204 2137 3347 2175 mar-

1779 2209 1911 2277 tyris
1933 2225 1946 2271 ;

1852 2298 2169 2369 Martyrium
2193 2310 2393 2355 sauctze
2426 2302 2731 2356 Catlrarinat
2759 2302 2984 2371 virginis
3012 2320 3024 2361 ;

1848 2389 1965 2443 Vita
1993 2392 2163 2443 sancti
2196 2390 2483 2460 Symeonis
2516 2393 2720 2461 Stylitaa
2764 2394 2920 2461 primi
2946 2395 3059 2448 sive
3087 2396 3342 2458 senioris,

1776 2481 1865 2550 qui
1899 2483 1961 2534 Α.
1994 2480 2056 2535 C.
2090 2482 2195 2536 ‘60
2228 2484 2548 2537 centenario
2575 2483 2748 2552 major
2778 2484 2913 2537 obiit
2945 2502 2958 2550 ;

1843 2570 2129 2625 Certamen
2160 2573 2333 2626 sancti
2366 2574 2605 2643 martyrii
2628 2572 2943 2638 Mamantis;

1843 2663 2130 2719 Certamen
2165 2664 2335 2718 sancti
2384 2664 2638 2734 martyris
2666 2665 2911 2719 Antbimi
2961 2665 3203 2735 episcopi
3254 2664 3346 2719 Ni-

1774 2756 2053 2820 comeditc,
2082 2756 2173 2823 qui
2195 2755 2255 2807 Α.
2296 2754 2360 2809 C.
2394 2755 2498 2808 502
2527 2771 2715 2821 passus
2750 2773 2832 2809 est
2858 2775 2871 2820 ;

1846 2841 2158 2913 Martyrium
2209 2844 2378 2897 sancti
2434 2842 2663 2906 Baovla',
2698 2846 2934 2913 episcopi
2978 2846 3338 2907 Antiochrri;

1846 2936 2094 2991 Narratio
2122 2938 2361 2991 miraculi
2392 2954 2419 2990 a
2446 2950 2635 2992 sancto
2702 2939 2956 2994 Michaele
3006 2943 3346 3010 archangeli)

1775 3031 1971 3084 Chonii
2002 3033 2113 3085 sive
2143 3031 2380 3085 Colossis
2410 3032 2460 3085 in
2493 3033 2717 3101 Phrygia
2751 3034 2877 3088 editi
2912 3053 2924 3097 ;

1848 3122 2157 3190 Martyrium
2196 3122 2291 3175 SS.
2328 3122 2573 3183 Eudoxii,
2621 3123 2853 3185 Romuli,
2893 3122 3131 3177 Zenonis
3159 3132 3210 3175 et
3237 3122 3344 3174 Ma-

1704 3230 1747 3290 ρ
1780 3214 1951 3277 carii;

1847 3304 2156 3374 Martyrium
2189 3307 2357 3359 sanrti
2390 3305 2639 3359 Sozontis
2669 3324 2680 3369 ;

1848 3396 2157 3465 Martyrium
2191 3400 2361 3450 sancti
2394 3398 2674 3450 Severiaui
2712 3416 2723 3460 ;

1849 3490 2156 3541 Martyrium
2191 3490 2287 3541 SS.
2333 3502 2623 3559 martyrum
2664 3491 2988 3556 Menedorae,
3022 3488 3345 3546 Metrodoca

1772 3589 1824 3631 ct
1858 3578 2256 3649 Nympitouocs
2286 3597 2301 3643 ;

1846 3668 1965 3723 Vita
1994 3680 2194 3725 sancta:
2222 3669 2524 3727 Theodocze
2548 3668 2927 3731 Alexandrina!
2953 3690 2968 3739 τ

1846 3760 2153 3830 Martyrium
2191 3763 2361 3815 sancti
2396 3762 2707 3817 Autonomii
2736 3766 2975 3834 episcopi
3007 3785 3022 3831 ;

1845 3852 1953 3905 Res
1969 3864 2129 3920 gesta:
2164 3858 2337 3907 sancti
2383 3854 2617 3908 Cornelii
2649 3859 3021 3923 centurionis;

1847 3940 2157 4009 Martyrium
2189 3941 2361 3994 sancti
2388 3941 2591 3995 Nicetze
2616 3942 2777 3997 Gothi
2814 3960 2826 4006 ;

1845 4035 2157 4105 Martyrium
2187 4044 2390 4089 sancta!
2415 4036 2731 4104 Euphemite
2768 4056 2779 4099 ;

1846 4128 2155 4195 Martyrium
2190 4136 2392 4181 sanctae
2441 4127 2658 4196 Sophia:
2706 4138 2759 4181 et
2797 4129 3025 4184 liliarum
3071 4132 3210 4201 ejus,
3259 4133 3343 4187 Pi-

1775 4228 1938 4279 steos,
1970 4218 2174 4286 Elpidis
2211 4228 2266 4270 et
2293 4220 2501 4287 Agapes
2532 4236 2545 4281 ;

1849 4309 2157 4377 Martyrium
2202 4307 2303 4361 55.
2358 4319 2651 4379 martyrum
2710 4311 2995 4377 Trophini,
3023 4313 3256 4368 Sabbatii
3290 4326 3344 4369 et

1779 4400 2171 4455 Dorimedontii
2202 4417 2215 4464 ;

1849 4492 2160 4563 Martyrium
2201 4495 2372 4548 sancti
2411 4492 2676 4547 Eustathii
2704 4504 2759 4545 et
2794 4497 2981 4548 uxoris
3014 4498 3133 4564 ejus
3164 4497 3341 4552 Theo-

1706 4573 1748 4627 D
1780 4585 1964 4656 pistes,
1998 4594 2051 4638 et
2075 4585 2304 4639 duorum
2342 4585 2594 4647 ﬁliorum,
2628 4585 2809 4654 Agapii
2834 4596 2886 4639 et
2918 4588 3196 4657 Theopisti
3228 4608 3241 4653 ;

1848 4675 2157 4747 Martyrium
2188 4687 2388 4731 sanctae
2419 4678 2632 4731 Ther-Ite
2655 4679 2878 4747 virginis
2906 4698 2917 4741 ;

1850 4769 1963 4822 Vita
2017 4780 2215 4822 sancta:
2257 4769 2627 4837 Euphrosynen
2663 4771 2886 4839 virginis
2908 4774 3333 4833 Alexandrina:

1843 4859 2303 4925 Commentarius
2343 4862 2396 4912 in
2430 4870 2677 4914 sanctum
2720 4862 2982 4916 Joannem
3036 4867 3335 4934 apostolum

1775 4963 1828 5008 et
1859 4955 2243 5022 evangelistam
2282 4972 2295 5017 ;

1847 5044 2152 5113 Martyrium
2191 5046 2361 5098 sancti
2384 5046 2672 5099 Callistrati
2708 5058 2761 5100 et
2788 5048 3055 5101 sociorum
3096 5067 3109 5113 ;

1844 5135 1960 5188 Vita
1992 5138 2159 5189 sancti
2208 5136 2515 5190 Charitouis
2548 5138 2874 5191 confessoris
2908 5156 2920 5201 ;

1844 5227 1961 5280 Vita
1994 5228 2163 5281 sancti
2197 5227 2406 5298 Cyriaci
2469 5231 2808 5283 anachoreta:
2841 5248 2853 5293 ;

1843 5317 1962 5372 Vita
1990 5330 2044 5373 et
2072 5319 2385 5387 martyrium
2424 5320 2593 5372 sancti
2636 5319 2905 5390 Gregorii,
2945 5321 3183 5391 episc0pi
3218 5338 3333 5374 ma-

1769 5428 1885 5482 gnae
1918 5412 2185 5464 Armeniae
2218 5428 2230 5475 ;

1842 5504 2147 5573 Martyrium
2205 5506 2373 5557 sancti
2428 5508 2657 5573 apostoli
2706 5515 2760 5559 et
2801 5507 3051 5577 martyris
3089 5509 3331 5561 Ananiae.

1774 5596 1888 5650 Vita
1917 5604 1970 5648 et
1992 5595 2302 5664 martyrium
2327 5595 2421 5649 SS.
2445 5608 2737 5669 martyrum
2768 5598 3019 5670 Cypriani
3038 5598 3335 5657 etJustinae

1771 5688 1995 5756 virginis
2021 5705 2034 5751 ;
2461 5702 2466 5706 '

1843 5780 2149 5848 Martyrium
2171 5780 2340 5832 sancti
2361 5779 2593 5850 Dionysii
2625 5780 2956 5848 Areopagita:
2992 5798 3004 5843 ;

1844 5870 2151 5941 Martyrium
2180 5881 2380 5925 sanctae
2406 5870 2726 5927 Cbaristinae
2757 5872 2980 5942 virginis
3012 5889 3025 5932 ;
