4162 6474
752 455 857 521 303
1391 445 1770 507 SYMEONIS
1809 445 2385 507 METAPIIRAST/E
2420 442 2777 518 VITARUM
2817 439 3286 504 CATALOGUS.
3899 434 4013 500 304

827 557 1270 617 (Zomtnentarius
1296 555 1348 609 in
1376 564 1625 609 sanctum
1681 554 1987 624 apostolum
2022 553 2284 608 Thomam
2313 572 2325 621 ;
2355 564 2407 624 Α
2508 553 2824 624 Martyrium
2850 562 3050 609 sanctae
3076 552 3302 624 virginis
3331 549 3642 608 Cltaritines
3671 568 3685 615 ;

822 652 1131 723 Martyrium
1163 648 1264 702 SS.
1302 646 1477 716 Sergii
1515 657 1568 700 ct
1599 645 1797 699 Bacchi
1839 664 1853 711 ;
2505 643 2620 697 \‘ita
2649 653 2706 698 et
2734 644 3051 713 pmnitentia
3078 653 3281 699 sancta:
3309 642 3540 715 Pelagia;
3563 642 3931 698 Antiochenae
3961 661 3978 709 ;

818 746 937 799 Vita
965 749 1167 797 sanctae
1201 739 1431 807 Pelagim
1455 740 1818 793 Antiochena:
1848 755 1862 803 ;
2496 733 2808 803 Martyrium
2841 733 2941 786 SS.
2970 732 3235 804 Eulampii
3270 742 3323 788 et
3356 732 3653 804 Eulampiz
3687 749 3702 798 ;
3936 740 3939 741 '

818 837 1133 906 Martyrium
1169 833 1266 887 SS.
1306 831 1571 900 Eulamp‘ri
1601 840 1657 884 et
1684 831 1980 900 Eulampia:
2010 849 2024 896 ;
2497 825 2815 897 Martyrium
2846 826 3078 898 Longini
3118 828 3456 883 Centurionis
3490 845 3505 890 ;

822 930 1132 1001 Martyrium
1168 926 1266 981 SS.
1303 925 1482 988 Probi,
1525 923 1787 993 Taraechi.
1820 934 1876 978 et
1922 923 2213 978 Andronici
2249 942 2264 987 ;
2494 918 2936 975 Commentarius
2966 922 3018 974 in
3055 932 3304 976 sanctum
3356 919 3659 991 apostolum
3689 929 3744 975 et
3765 932 4013 987 evange-

828 1025 1138 1093 Martyrium
1172 1020 1270 1074 SS.
1301 1018 1463 1087 Carpi
1496 1017 1740 1088 episcopi
1790 1017 2183 1088 Thyatirensis,
2219 1016 2323 1071 Pa-
2426 1011 2606 1067 listam
2640 1012 2840 1067 Lucam
2879 1030 2893 1078 ;

749 1117 854 1187 )ttli
904 1112 1112 1168 diaconi
1134 1120 1187 1163 et
1220 1110 1488 1163 sociorum
1519 1127 1533 1172 ;
2499 1103 2806 1173 Martyrium
2830 1104 2998 1158 sancti
3024 1103 3278 1157 Demetrii
3309 1121 3323 1169 ;

827 1206 941 1259 Vita
978 1212 1030 1257 et
1065 1211 1345 1256 certamen
1381 1198 1479 1253 SS.
1512 1208 1809 1270 martyrum
1858 1195 2090 1261 Nazarii,
2120 1193 2325 1249 Cerya-
2498 1195 2615 1249 Vita
2653 1197 2822 1251 Sancti
2852 1195 3074 1251 Luciani
3110 1199 3391 1270 martyris;

754 1299 840 1359 sii,
877 1294 1105 1349 Protasii
1138 1302 1192 1347 et
1223 1292 1365 1346 Celsi
1395 1310 1407 1356 ;
2499 1287 2619 1343 Vita
2651 1300 2705 1343 ct
2740 1292 3052 1361 martyrium
3083 1293 3255 1347 sancti
3301 1292 3561 1362 Stephani
3604 1292 3867 1364 iunioris,
3902 1292 4014 1345 ab—

824 1389 941 1441 Vita
964 1397 1018 1441 et
1048 1386 1362 1455 martyrium
1392 1381 1564 1436 sancti
1595 1379 1821 1435 Luciani
1853 1398 1870 1445 ;
2430 1381 2570 1436 batis
2627 1383 2827 1436 montis
2892 1382 3076 1438 Sancti
3117 1385 3392 1449 Auxentii,
3422 1400 3452 1439 e
3486 1386 3703 1455 regione
3754 1384 4009 1455 Byzantii

826 1479 1140 1548 Martyrium
1187 1474 1359 1528 sancti
1392 1473 1618 1543 Longini
1642 1470 1980 1526 centurionis
2011 1488 2026 1537 ;
2430 1472 2577 1526 circa
2607 1472 2912 1543 Bithyniam
2953 1475 3067 1539 siti,
3112 1476 3203 1545 qui
3241 1477 3304 1530 A.
3332 1476 3394 1530 C.
3428 1476 3551 1535 767.
3583 1476 3652 1530 ob
3690 1487 4013 1530 sanctarum

823 1568 1133 1639 Martyrium
1166 1550 1346 1620 sancti.
1369 1564 1597 1618 Andreae
1635 1564 1688 1617 in
1719 1564 1881 1617 Crisi.
2431 1561 2724 1633 imaginum
2757 1565 2983 1632 cultum,
3014 1566 3115 1621 sub
3171 1567 3304 1637 imp.
3330 1566 3691 1622 Constantino
3718 1568 4019 1638 COprony-

830 1657 1269 1714 Commentarius
1311 1656 1366 1708 in
1398 1664 1642 1708 sanctum
1666 1652 1972 1723 apostolum
2001 1661 2058 1707 et
2088 1665 2329 1723 erange-
2432 1668 2524 1708 mo
2557 1670 2749 1724 passus
2779 1666 2862 1710 est
2892 1675 2906 1720 ;

762 1757 941 1808 Iistam
978 1752 1175 1805 Lucam
1210 1766 1223 1812 ;
2500 1744 2816 1816 Martyrium
2840 1758 3043 1804 sanctae
3079 1749 3389 1805 Catharinae
3417 1751 3638 1820 virginis
3675 1769 3691 1818 ;

828 1845 1137 1915 Martyrium
1177 1842 1349 1897 sancti
1375 1840 1500 1895 Vari
1536 1851 1591 1896 et
1617 1842 1887 1897 sociorum
1916 1856 1935 1907 ;
2504 1833 2625 1890 Vita
2656 1838 2831 1892 sancti
2854 1840 3145 1903 Ambrosii,
3169 1840 3407 1911 episc0pi
3432 1840 3874 1894 Mediolanensts.

829 1938 1139 2008 Martyrium
1172 1936 1343 1989 sancti
1372 1933 1597 1989 Artemii
1628 1952 1643 1999 ;
2356 1927 2403 1987 Β
2504 1928 2814 2001 Martyrium
2877 1930 2977 1986 SS.
3010 1943 3303 2004 martyrum
3344 1932 3515 1987 Mena
3571 1931 3913 2003 llermogenii
3952 1942 4022 1986 ea

825 2032 942 2084 Vita
986 2042 1039 2083 et
1069 2027 1407 2082 conversatio
1436 2029 1609 2081 sancti
1638 2024 1926 2079 Hilarionis
1960 2040 1976 2091 ;
2433 2016 2701 2090 Eugraphi
2730 2037 2746 2085 ;

828 2122 948 2175 Vita
978 2121 1145 2174 sancti
1174 2116 1414 2174 Aber'cii.
2504 2109 2815 2182 Martyrium
2848 2110 2947 2167 SS.
2970 2111 3249 2177 Eustratii,
3273 2112 3552 2179 Auxentii,
3584 2113 3833 2184 Eugenii,
3864 2112 4025 2165 Mar-

831 2212 1276 2267 Commcntarius
1313 2212 1364 2263 in
1416 2219 1665 2264 sanctum
1721 2207 2024 2280 apostolum
2072 2205 2330 2262 Iacobum
2432 2202 2647 2259 dariiet
2677 2204 2934 2273 Orestis;

760 2306 1199 2374 cognominatum
1232 2303 1451 2354 fratrem
1492 2299 1745 2365 Domini;
2503 2293 2816 2365 Martyrium
2851 2296 3022 2351 sancti
3056 2294 3370 2368 Nicephori,
3401 2296 3653 2369 martyris
3699 2295 4025 2351 Antiochia

828 2397 1142 2467 Martyrium
1174 2394 1348 2448 sancti
1380 2394 1605 2448 Aretltte
1634 2402 1689 2448 et
1710 2392 1980 2447 sociorum
2014 2406 2029 2457 ;
2433 2382 2486 2437 in
2521 2382 2674 2454 Syria
2703 2402 2717 2451 ;

835 2490 1144 2559 Martyrium
1183 2485 1281 2539 SS.
1316 2486 1572 2540 Marciani
1597 2494 1652 2539 et
1677 2484 1914 2555 martyrii
1960 2482 2329 2547 notariorum;
2505 2479 2828 2551 Martyrium
2851 2482 3021 2535 sancti
3056 2481 3217 2536 Dlasii
3252 2500 3268 2550 ;

835 2582 1148 2649 Martyrium
1179 2578 1352 2632 sancti
1388 2578 1670 2633 Demetrii.
2505 2570 2818 2644 Martyrium
2848 2575 3019 2627 sancti
3041 2573 3242 2628 Nicetaa
3270 2573 3435 2629 Gothi
3462 2592 3477 2640 ;

833 2674 952 2727 Vita
973 2680 1027 2727 ct
1056 2670 1370 2742 martyrium
1404 2679 1605 2727 sanctae
1632 2672 1883 2743 martyris
1901 2672 2199 2728 Anastasiae
2222 2675 2332 2730 Ro-
2508 2665 2817 2737 Martyrium
2847 2668 3019 2721 sancti
3048 2668 3274 2722 Ananim
3303 2686 3319 2729 :

765 2782 937 2821 manre
966 2784 981 2831 ;
2508 2760 2945 2817 Commentarius
2978 2764 3031 2815 in
3060 2768 3309 2815 sanctum
3332 2760 3637 2830 apostolum
3674 2758 3977 2827 Thomam;

837 2858 950 2911 Vita
980 2859 1150 2913 sancti
1184 2858 1424 2914 Ahramii
1452 2867 1507 2915 et
1527 2866 1729 2914 sanctae
1756 2855 1940 2913 Mariae
1980 2858 2158 2930 neptis
2181 2858 2331 2932 ejus;
2506 2855 2819 2926 Martyrium
2843 2855 3014 2910 sancti
3047 2854 3300 2909 Demetrii
3326 2871 3340 2919 ;

844 2950 1159 3023 Martyrium
1188 2953 1361 3008 sancti
1389 2954 1612 3007 Zenobii
1636 2961 1691 3007 et
1718 2952 1926 3008 sororis
1959 2952 2079 3023 ejus
2112 2969 2128 3020 ;
2216 2931 2219 2932 ν
2508 2945 2629 3000 Vita
2667 2946 2837 3000 sancti
2862 2945 3147 3017 Symeonis
3166 2945 3373 3017 Stylitaa
3389 2946 3548 3015 primi
3586 2931 3697 2999 sive
3736 2946 4029 3012 senioris;

843 3042 1153 3114 Martyrium
1176 3045 1347 3100 sancti
1380 3043 1660 3115 Epimachi
1687 3063 1707 3109 ;
2510 3039 2823 3110 Martyrium
2848 3040 3025 3094 sancti
3057 3040 3236 3109 magni
3264 3039 3515 3109 martyris
3553 3038 3764 3108 Georgii
3799 3057 3815 3105 ;

843 3131 1152 3203 Martyrium
1182 3133 1355 3190 sancti
1391 3133 1632 3207 Dionysii
1665 3132 2002 3208 Areoliagitze
2032 3151 2049 3199 ;
2512 3131 2824 3204 Martyrium
2858 3132 3031 3187 sancti
3063 3132 3323 3188 Eustratii
3342 3140 3396 3188 et
3415 3131 3707 3189 sociorum.
