4162 6474
707 491 808 551 307

1923 471 2205 531 MENSIS
2243 468 2704 528 JANUARIUS.

3850 459 3971 521 308

709 602 916 662 tudine,
943 598 987 653 si
1023 595 1156 649 nihil
1184 592 1348 655 aliud,
1377 589 1570 661 probra
1597 601 1706 640 non
1737 583 1921 638 ferens
1951 581 2278 642 vicinorum,
2309 624 2318 639 λ

2421 598 2490 633 ων
2518 580 2578 633 οὐ
2608 579 2789 647 φέρων
2823 575 3182 644 ὀνειδισμοὺς,
3211 574 3266 626 οἵ
3303 589 3369 642 με
3399 572 3494 626 καὶ
3519 570 3971 634 ύποτωθάζοντες

705 691 797 761 qui
825 702 910 743 me
937 683 1247 746 irridentes,
1280 690 1536 748 tanquam
1590 673 1833 728 sterilem
1877 680 1933 726 et
1987 668 2280 724 infertilem

705 760 968 836 conviciis
1001 780 1284 843 appetunt.
1341 770 1467 824 Haec
1515 766 1603 820 ille
1648 764 1869 834 quidem
1905 760 2119 815 diccbat
2159 772 2282 811 cum

704 867 978 937 lacrymis,
1011 863 1352 934 prehensans
1379 858 1543 927 pedes
1576 852 1908 910 sacrosancti
1937 851 2083 904 illius
2114 849 2282 902 senis.

711 965 802 1017 Ille
845 970 1024 1015 autem
1063 959 1210 1028 (sunt
1254 955 1400 1009 enim
1447 951 1844 1013 misericordes,
1876 947 1966 1018 qui
1999 946 2187 1000 virtuti
2233 955 2288 1000 ct

711 1055 822 1108 Deo
853 1055 980 1107 dant
1017 1051 1259 1119 operam)
1286 1046 1469 1101 verbis
1518 1044 1754 1098 ﬂectitur
1793 1040 2102 1110 Paphnutii,
2145 1048 2199 1092 et
2229 1053 2288 1092 se

640 1187 647 1194 .
714 1153 887 1198 totum
918 1139 1127 1193 confert
1173 1137 1242 1192 ad
1296 1136 1620 1191 orationem.
1680 1132 1818 1186 JuSti
1859 1132 2038 1200 itaque
2092 1129 2286 1190 oratio,

715 1243 974 1303 operante
1008 1231 1153 1300 apud
1188 1230 1357 1283 Deum
1398 1227 1447 1278 vi
1477 1241 1689 1286 eorum,
1721 1240 1840 1293 qua:
1875 1223 2052 1292 ipsum
2093 1221 2158 1275 ad
2188 1223 2290 1275 hoc

716 1324 1105 1393 provocabant,
1142 1319 1364 1389 jejuniis
1402 1325 1457 1370 et
1507 1316 1786 1386 precibus,
1817 1324 1872 1368 et
1921 1312 2291 1368 communica-

720 1415 865 1469 tione
895 1429 957 1467 ac
985 1411 1314 1480 benignitate
1360 1409 1412 1462 in
1465 1423 1752 1477 pauperes,
1802 1406 1904 1460 fuit
1941 1404 2187 1458 exaudita
2226 1404 2294 1457 ab

719 1523 805 1571 eo,
829 1507 920 1576 qui
953 1505 1107 1559 audit
1135 1518 1328 1573 preces
1367 1516 1577 1562 eorum,
1611 1502 1701 1567 qui
1738 1500 1916 1567 ipsum
1957 1498 2211 1550 invocant
2239 1495 2293 1548 in

719 1599 948 1654 veritate
977 1617 988 1650 :
1020 1606 1075 1652 et
1121 1595 1426 1665 Paphnutio
1460 1593 1699 1646 nascitur
1728 1591 1912 1652 ﬁliola,
1947 1605 2068 1658 qua:
2097 1589 2166 1641 ab
2215 1587 2296 1639 in-

721 1690 888 1744 fantia
918 1704 1026 1756 pra:
1066 1703 1124 1740 se
1177 1685 1386 1738 ferebat
1423 1682 1674 1735 eximiam
1715 1679 1957 1748 corporis
1988 1676 2295 1748 pulchritu-

722 1780 906 1832 dinem
938 1795 950 1830 :
985 1791 1105 1845 quae
1132 1773 1295 1827 etiam
1334 1773 1522 1840 utique
1571 1770 1951 1824 subindicabat
1997 1769 2297 1838 elegantem

725 1878 781 1923 et
805 1869 1022 1929 scitum,
1051 1865 1144 1935 qui
1175 1865 1231 1917 in
1260 1879 1322 1917 ea
1363 1872 1549 1931 postea
1585 1861 1705 1923 fuit,
1741 1862 1981 1913 animum
2016 1877 2030 1912 :
2070 1867 2124 1912 et
2170 1873 2297 1928 pro-

2386 669 2458 732 ὡς
2487 669 2682 737 ἀγονόν
2722 684 2782 720 τε
2827 668 2922 719 καὶ
2969 667 3218 734 ἄκαρπον
3263 665 3376 726 τοῖς
3418 662 3643 714 ὀνείδεσι
3686 660 3968 730 βάλλουσι.

2387 761 2568 814 Ταῦτα
2625 762 2653 814 ὁ
2702 760 2800 830 μὲν
2851 759 2946 811 σὺν
2987 757 3252 827 δάκρυσιν
3299 754 3454 822 ἔλεγε
3485 752 3595 805 τῶν
3642 752 3737 804 τοῦ
3799 753 3960 804 θείου

2389 856 2640 924 γέροντος
2676 853 2888 905 ἐκείνου
2923 850 3101 902 ποδῶν
3153 837 3479 916 ἁπτόμενος.
3523 845 3581 897 '0
3624 842 3681 895 δὲ
3716 844 3970 912 (συμπαο

2390 949 2499 1008 θεῖς
2533 946 2642 1015 γάρ
2670 943 2764 996 καὶ
2795 942 3230 1011 φιλοικτίρμονες
3261 941 3311 992 οἱ
3333 939 3500 1008 ἀρετῇ
3535 939 3626 996 καὶ
3653 937 3770 1004 Θεῷ
3793 953 3973 1006 προσ-

2390 1033 2700 1106 ανέχοντες)
2737 1036 2851 1096 τοῖς
2884 1032 2976 1086 τοῦ
3003 1032 3336 1101 Παφνουτίου
3389 1031 3698 1100 κάμπτεται
3731 1031 3970 1099 ῥήμασι,

2391 1128 2486 1178 καὶ
2539 1125 2654 1178 ὅλον
2693 1123 2884 1176 ἐαυτὸν
2945 1122 3131 1191 φέρων
3181 1124 3246 1190 τῇ
3304 1123 3579 1190 προσευχῇ
3627 1120 3857 1172 δίδωσιν.
3901 1117 3993 1177 Ἰι

2389 1217 2484 1270 τοῦ
2538 1217 2749 1270 δικαίου
2799 1214 2977 1266 τοίνυν
3021 1213 3246 1281 δέησις,
3282 1211 3650 1280 ἐνεργουμένη
3706 1211 3773 1277 τῇ
3830 1207 3975 1276 πρὸς

2393 1309 2526 1361 Θεῦν
2562 1309 2742 1360 νεύσει
2796 1305 2902 1359 τῶν
2944 1306 3024 1366 είς
3081 1303 3238 1356 τοῦτο
3294 1301 3751 1372 προϐαλλομένων
3781 1299 3977 1359 αὑτὸν,

2395 1403 2513 1463 ταῖς
2536 1398 2814 1470 νηστείαις
2842 1414 2900 1450 τε
2937 1397 3030 1450 καὶ
3055 1399 3174 1458 ταῖς
3215 1396 3566 1465 προσευχαῖς,
3595 1391 3690 1443 καὶ
3719 1389 3795 1459 τῷ
3830 1390 3978 1456 πρθς

2395 1494 2523 1554 τοὺς
2599 1490 2891 1558 δεομένους
2963 1486 3267 1554 κοινωνικῷ
3314 1503 3373 1538 τε
3425 1486 3518 1538 καῖ⁵
3583 1482 3978 1552 φιλανθρώπῳ,

2398 1583 2737 1637 ἐπακούοντα
2784 1583 2908 1650 ἔσχε
2936 1581 3026 1633 τὸν
3055 1582 3142 1632 ἀεὶ
3192 1581 3289 1648 τῆς
3339 1577 3574 1646 δεήσεως
3615 1574 3980 1626 εἰσακούοντα

2398 1674 2505 1728 τῶν
2535 1678 2591 1728 ἐν
2634 1672 2860 1743 ἀληθείᾳ
2887 1671 3330 1737 ἐπικαλουμένων
3361 1669 3540 1722 αὐτόν.
3577 1668 3685 1719 Καὶ
3713 1665 3980 1733 γεννᾶται

2397 1769 2476 1838 τῷ
2508 1766 2830 1836 Παφνουτίῳ
2861 1766 3152 1834 θυγάτριον
3183 1762 3383 1831 πολλὴν
3407 1763 3471 1813 ἐκ
3505 1759 3738 1829 βρέφους
3773 1758 3983 1826 ἐμφαῖ-

2401 1878 2490 1914 νον
2511 1861 2610 1928 τὴν
2642 1858 2958 1928 σωματικὴν
2993 1855 3325 1922 ὡραιότητα,
3363 1854 3484 1920 ἥτις
3527 1851 3667 1920 τάχα
3705 1850 3804 1916 τὴν
3836 1848 3984 1916 μετὰ

726 1961 874 2014 tinus
904 1957 1120 2027 quidem
1156 1955 1315 2009 solvit
1344 1953 1531 2008 matris
1565 1953 1799 2005 ﬁliorum
1844 1959 2158 2020 egestatem,
2192 1948 2300 2003 sol-

2421 1951 2572 2003 ;αὓτα
2621 1953 2720 2018 τῆς
2760 1947 2936 2017 ψυχῆς
2968 1947 3310 2014 ὑπέμφαινεν
3340 1943 3681 2011 ἁστειὸτητα·
3715 1941 3808 1992 καὶ
3857 1937 3984 1990 λύει

725 2053 804 2106 vit
820 2060 998 2106 autem
1021 2050 1189 2119 patris
1203 2063 1415 2117 quoque
1434 2045 1729 2099 tristitiam.
1751 2042 1818 2097 Ut
1835 2057 1963 2112 ergo
1981 2042 2144 2096 etiam
2160 2051 2302 2095 esset

727 2159 926 2199 nomen
951 2141 1282 2196 conveniens
1310 2140 1382 2192 illi
1405 2139 1502 2200 rei,
1527 2152 1686 2206 quam
1719 2134 2148 2195 erantassecuti,
2183 2149 2300 2186 eam

732 2227 978 2305 protinus
1001 2234 1281 2287 nominant
1308 2230 1741 2300 Euplirosyncm,
1774 2228 1877 2282 hoc
1908 2235 2010 2293 est,
2036 2224 2300 2280 laetitiam.

803 2499 894 2553 111.
934 2497 1085 2550 llanc
1118 2507 1248 2565 ergo
1281 2489 1640 2561 Paphnutius,
1682 2503 1805 2543 cum
1842 2495 1986 2543 esset
2033 2486 2153 2541 ﬁdei
2193 2487 2308 2540 frn-

732 2602 876 2656 ctus,
893 2589 1070 2643 alebat
1086 2585 1266 2657 potius
1287 2584 1506 2646 virtute,
1527 2595 1689 2650 quam
1711 2581 1776 2635 iis
1804 2595 1923 2650 qua:
1945 2594 2171 2644 carnem
2193 2578 2312 2647 pin-

735 2681 1046 2753 gucfaciunt
1073 2685 1160 2730 :et
1187 2675 1250 2728 iis
1286 2689 1406 2743 qua:
1444 2682 1589 2727 stant
1609 2686 1671 2726 ac
1698 2680 1940 2735 manent,
1963 2669 2128 2740 magis
2151 2683 2310 2738 quam

736 2775 805 2828 iis
853 2785 971 2840 qua:
1006 2767 1375 2830 efflorescunt,
1420 2763 1709 2833 persuadet
1747 2763 1991 2815 animum
2033 2760 2310 2826 adbibere,

739 2875 796 2922 et
820 2865 1013 2918 animm
1042 2875 1228 2916 curam
1261 2863 1466 2931 gerere}
1481 2859 1556 2913 rei
1589 2857 1932 2920 immortalis,
1956 2854 2127 2926 magis
2151 2869 2315 2924 quam

740 2960 860 3028 ejus
896 2957 1038 3026 quod
1067 2956 1176 3009 cito
1204 2953 1510 3014 marcescit,
1533 2951 1762 3007 docebat
1793 2948 2058 3019 corporis.
2089 2947 2316 3016 Ipsaque

742 3049 1010 3121 aSpiciens
1036 3048 1102 3102 ad
1138 3047 1395 3102 virtutem
1437 3051 1742 3113 parentum,
1774 3049 1831 3095 et
1857 3040 1926 3094 ab
1954 3039 2168 3093 illorum
2190 3052 2318 3107 pro-

743 3146 909 3198 bitate
937 3142 1180 3196 animum
1204 3154 1313 3193 non
1338 3138 1547 3192 habens
1574 3137 1994 3206 discrepantem.
2019 3133 2316 3196 crescebat,

744 3244 806 3290 ut
834 3245 1083 3303 corpore,
1126 3231 1198 3285 ita
1227 3229 1390 3284 etiam
1436 3227 1630 3282 animat
1656 3225 2080 3296 pulchritudine.
2113 3222 2241 3276 Erat
2270 3222 2319 3276 ei

740 3331 852 3395 jam
897 3340 1074 3379 annus
1121 3322 1496 3384 duodecimus,
1531 3325 1587 3372 et
1627 3326 1800 3371 mater
1849 3332 1879 3372 e
1908 3316 2017 3370 vita
2066 3312 2321 3385 praesenti

747 3423 1072 3471 excesserat.
1130 3410 1267 3464 Filia
1309 3418 1489 3463 autem
1540 3406 1618 3461 sic
1667 3406 1916 3471 formata,
1966 3414 2023 3459 et
2074 3404 2124 3457 ei
2166 3409 2325 3456 aetate

747 3508 1076 3580 procedente
1110 3505 1364 3570 virtutem
1398 3501 1570 3570 magis
1600 3499 1808 3554 habens
1839 3497 2212 3557 accedentem,
2236 3495 2325 3550 de-

745 3600 1021 3656 siderabat
1063 3613 1252 3671 verum
1324 3611 1605 3666 sponsum,
1653 3603 1729 3660 et,
1782 3608 1945 3662 quam
1997 3591 2085 3645 ille
2132 3589 2324 3659 diligit,

751 3707 938 3746 curam
973 3690 1194 3760 gerebat
1221 3689 1418 3743 animae
1444 3685 1883 3757 pulchritudinis.
1911 3682 2012 3749 Qui
2037 3692 2217 3737 autem
2244 3689 2328 3734 at-

754 3773 1050 3839 tendebant
1079 3795 1167 3835 res
1215 3780 1356 3835 solas
1399 3793 1707 3848 corporeas,
1739 3786 1795 3831 et
1831 3775 2146 3846 spectabant
2186 3773 2331 3826 illius

756 3872 986 3925 formam
1019 3869 1278 3939 corporis.
1309 3877 1364 3923 et
1406 3877 1552 3922 recte
1579 3866 1841 3926 sciebant,
1865 3879 2027 3934 quam
2058 3871 2202 3917 esset
2228 3876 2328 3914 no-

756 3959 854 4013 bili
879 3959 999 4013 loco
1030 3967 1175 4022 nata,
1206 3967 1457 4012 octavqu
1485 3956 1756 4010 decimum
1787 3955 1897 4024 jam
1929 3967 2134 4006 annum
2169 3966 2333 4022 agen-

760 4062 890 4110 tem.
943 4060 1150 4119 patrem
1203 4048 1610 4112 convenientes,
1640 4047 1898 4116 petebant
1944 4045 2001 4097 in
2050 4044 2331 4098 matrimo-

757 4138 1014 4194 niurn..ls
1044 4149 1247 4202 autem,
1279 4154 1402 4194 cum
1446 4153 1556 4192 non
1606 4145 1789 4206 posset
1831 4150 2019 4188 eorum
2068 4135 2333 4202 postulata

761 4229 1046 4299 repellere,
1068 4229 1182 4293 uni,
1207 4229 1295 4296 qui
1327 4227 1617 4297 praestabat
1647 4225 1900 4279 omnibus
1929 4223 2145 4292 Opibus,
2166 4223 2334 4292 gloria

762 4334 818 4378 ct
860 4326 1076 4386 virtute,
1130 4322 1431 4392 despondet
1483 4321 1732 4389 puellam,
1783 4318 2070 4372 consilium
2111 4317 2335 4386 capiens

764 4416 884 4483 ejus
940 4414 1138 4467 virtute
1192 4413 1349 4482 longe
1425 4410 1877 4480 indignissimum,
1959 4419 2015 4461 ut
2073 4408 2166 4478 qui
2226 4422 2337 4460 non

763 4504 1037 4572 aspexerit
1070 4503 1136 4554 ad
1187 4501 1307 4553 ﬁlia:
1356 4515 1467 4553 suae
1505 4508 1728 4561 statum,
1777 4507 1833 4552 et
1882 4498 2026 4551 illius
2067 4498 2118 4550 in
2170 4497 2338 4552 Deum

764 4593 1021 4663 pietatem
1065 4607 1077 4643 :
1111 4605 1214 4645 nec
1250 4589 1395 4659 quod
1429 4599 1540 4642 tota
1577 4587 1840 4642 evasisset
1884 4587 1996 4640 Deo
2035 4586 2337 4650 familiaris,

766 4685 924 4752 eique
965 4682 1064 4737 soli
1111 4683 1348 4751 placere,
1408 4693 1462 4736 et
1508 4682 1626 4750 ejus
1667 4696 1786 4735 esse
1833 4695 2030 4750 Sponsa
2078 4691 2342 4750 perpetuo

767 4786 914 4830 esset
943 4775 1212 4829 meditata.
1249 4773 1450 4828 [lorum
1493 4789 1620 4845 ergo
1651 4774 1741 4828 ille
1769 4773 1908 4828 nihil
1937 4782 2217 4842 reputans,
2244 4789 2340 4842 pa-

768 4874 925 4928 rabat
957 4873 1173 4941 nuptias
1201 4873 1323 4926 ﬁlia:
1349 4873 1570 4926 minime
1592 4872 2000 4926 convenientes.
2028 4870 2133 4924 Sed
2165 4871 2345 4926 zelans

770 4966 966 5020 zelavit
997 4965 1260 5018 Dominus
1287 4965 1406 5032 ejus
1437 4979 1600 5018 verus
1629 4978 1879 5033 sponsus,
1915 4971 1970 5017 et
1999 4963 2196 5031 abripit
2222 4963 2344 5030 qui-

769 5061 893 5116 dem
939 5077 969 5114 a
1002 5059 1371 5121 matrimonio,
1404 5068 1458 5111 et
1502 5059 1588 5121 iis,
1619 5074 1739 5127 quae
1774 5071 2183 5126 consequuntur
2227 5072 2344 5110 ma-

772 5155 1109 5215 trimonium,
1141 5162 1200 5205 ut
1231 5151 1532 5221 procedens
1563 5151 1815 5205 ostendet
1840 5150 2015 5204 oratio
2049 5169 2060 5204 :
2095 5165 2213 5204 eam
2246 5166 2347 5204 au-

770 5254 879 5300 tem
907 5245 973 5299 ad
1002 5245 1164 5298 vitam
1187 5243 1462 5312 compellit
1489 5240 2074 5310 praestantiorem,qua:
2097 5254 2215 5293 eam
2243 5240 2344 5309 ipsi

772 5337 1139 5407 conjungebat
1163 5350 1259 5405 per
1285 5335 1509 5388 multam
1537 5334 1851 5404 puritatem.

844 5427 934 5482 ιγ.
964 5427 1099 5480 Nam
1142 5440 1267 5480 cum
1295 5434 1450 5493 pater
1474 5423 1690 5492 quidem
1738 5422 1842 5477 hoc
1885 5422 2118 5491 cepisset
2162 5420 2346 5476 consi—

773 5522 928 5585 lium,
965 5535 1076 5574 non
1099 5530 1246 5574 esset
1274 5528 1454 5574 autem
1501 5517 1589 5571 illa
1618 5526 1752 5579 tuta.
1780 5517 1826 5570 si
1858 5532 1965 5570 non
2005 5515 2152 5570 senis
2195 5516 2348 5585 prius

774 5627 998 5680 precum
1031 5609 1319 5679 particeps,
1351 5624 1579 5678 quarum
1617 5608 1733 5676 ipsa
1759 5617 1872 5662 erat
1899 5607 2129 5669 fructus,
2153 5606 2231 5659 sic
2259 5621 2348 5659 ve-

778 5703 920 5756 niret
951 5702 1017 5755 ad
1055 5701 1295 5769 nuptias,
1329 5699 1725 5754 benedictionis
1762 5698 1932 5768 gratia
1975 5697 2042 5751 ad
2094 5711 2346 5766 magnum

782 5791 932 5846 iHum
965 5807 1145 5846 senem
1176 5791 1323 5845 venit
1359 5806 1478 5843 cum
1515 5799 1754 5857 parente.
1790 5789 1993 5842 Deinde
2039 5803 2160 5842 cum
2211 5786 2350 5840 illius

783 5883 1039 5938 audiisset
1093 5898 1390 5950 sermones,
1426 5891 1472 5936 ct
1517 5882 1905 5936 monachorum
1957 5889 2083 5934 tunc
2117 5879 2349 5949 primum

2411 2042 2508 2114 μὲν
2538 2041 2695 2103 εὐθὺς
2733 2039 2939 2109 μητρὸς
2975 2038 3252 2099 ἀτεκνίαν,
3287 2035 3401 2085 λύει
3446 2034 3500 2086 δέ
3529 2034 3620 2085 καὶ
3652 2030 3854 2098 πατρὸς
3876 2029 3985 2096 τὴν

2415 2133 2740 2201 κατήφειαν.
2776 2129 2894 2180 Ἵνα
2939 2121 3032 2178 οὖν
3081 2126 3278 2177 οἰκεῖον
3314 2122 3450 2191 αὑτῇ
3499 2121 3594 2173 καὶ
3627 2118 3688 2170 τὸ
3719 2117 3889 2182 ὄνομα
3920 2109 3986 2186 ᾗ,

2407 2219 2579 2291 οὗπερ
2633 2220 2788 2274 αὐτοὶ
2829 2219 3154 2288 πράγματος
3187 2214 3479 2273 ἀπέλαυον,
3532 2209 3626 2263 τοῦ
3665 2207 3716 2275 γ’
3761 2209 3989 2272 ἐκείνην

2410 2312 2690 2368 καλεῖσθαι
2731 2311 3029 2377 διέγνωσαν
3056 2344 3071 2372 ,
3103 2304 3198 2357 καὶ
3243 2298 3595 2371 Εὐφροσύνην
3645 2297 3805 2357 εὐθὺς
3861 2293 3992 2346 ὀνο-

2414 2404 2666 2475 μάζουσι.

2486 2494 2565 2549 I".
2588 2490 2804 2560 Ταύτην
2833 2485 2926 2543 οὖν
2959 2491 2987 2541 ὁ
3009 2484 3342 2554 Παφνούτιος
3388 2480 3550 2550 εὐχῆς
3581 2473 3746 2531 οὖσαν
3772 2471 3990 2543 καρπὸν

2412 2589 2585 2658 ἀρετῇ
2619 2581 2878 2655 μᾶλλονῆ
2911 2582 3022 2640 τοῖς
3047 2577 3147 2646 τὴν
3203 2575 3383 2643 σάρκα
3412 2568 3721 2621 πιαίνουσιν
3765 2564 3991 2631 ἑτρεφε,

2419 2681 2514 2734 καὶ
2579 2679 2692 2738 τοῖς
2741 2672 2939 2726 ἑστῶσι
2987 2669 3080 2723 καὶ
3139 2662 3480 2736 μένουσιν,ἥ
3529 2662 3641 2722 τοῖς
3680 2653 3997 2739 ἀπωθοῦσι

2418 2771 2774 2839 προσανέχειν
2793 2766 3069 2827 ἀνέπειθε,
3099 2761 3196 2814 καὶ
3215 2758 3390 2828 ψυχῆς
3420 2752 3796 2823 ἐπιμελεῖσθαι
3811 2748 3999 2817 πράγ-

2423 2880 2590 2936 ματος
2623 2859 2912 2922 ἀθανάτου,
2956 2856 2989 2926 ἢ
3021 2854 3115 2906 τοῦ
3145 2852 3282 2921 ταχὺ
3320 2844 3716 2919 μαραινομένου
3745 2839 3998 2927 ἐδίδασκε

2423 2957 2690 3026 σώματος.
2740 2952 2851 3004 Καὶ
2895 2947 3034 3018 αὐτὴ
3063 2947 3196 3016 πρός
3245 2961 3303 2996 τε
3353 2941 3450 3012 τὴν
3503 2937 3614 2992 τῶν
3650 2933 3999 3004 γεννητόρων

2423 3024 2620 3122 ἀρετὴν
2639 3047 2922 3117 ἀφορῶσα,
2947 3041 3160 3107 καὶτῆς
3192 3036 3417 3090 ἐκείνων
3455 3026 3866 3096 καλοκαγαθίας
3894 3024 4000 3091 τὴν

2422 3114 2648 3211 γνώμην
2689 3114 2800 3189 Ῠούκ
2840 3132 3154 3204 ἀπάδουσαν
3195 3127 3394 3196 ἔχουσα
3423 3122 3657 3192 ηὔξανεν
3688 3118 3878 3185 ὥσπερ
3929 3114 4000 3182 δὴ

2427 3235 2666 3303 σώματι,
2699 3227 2843 3282 οὕτω
2899 3225 2992 3278 καὶ
3029 3219 3209 3293 ψυχῆς
3261 3216 3579 3288 ὼραιὸτητι.
3615 3211 3775 3271 Ἔτος
3821 3205 4008 3277 ταύτῃ

2426 3297 2724 3379 δωδέκατον
2748 3316 2838 3391 ἦν,
2869 3318 2961 3371 καὶ
2985 3316 3018 3382 ἡ
3056 3316 3238 3383 μήτηρ
3265 3310 3380 3380 βίου
3405 3305 3500 3359 τοῦ
3532 3303 3796 3372 παρόντος
3825 3297 4002 3365 ἀπῆν·

2426 3417 2460 3486 ή
2488 3417 2613 3476 παῖς
2647 3414 2702 3466 δὲ
2749 3389 2892 3462 οὓτω
2941 3400 3408 3474 διαπραττομένη,
3458 3397 3554 3448 καὶ
3628 3392 3728 3462 τῆς
3777 3389 4009 3460 ἡλικίας

2427 3481 2565 3575 αὐτῇ
2614 3499 3054 3573 προκοπτούσης,
3086 3496 3178 3548 καὶ
3198 3493 3297 3563 τὴν
3331 3488 3532 3560 ἀρετὴν
3571 3487 3766 3555 ἔχουσα
3799 3481 4008 3575 μᾶλλον

2428 3564 2858 3664 προστιθεμένην
2884 3631 2898 3655 ,
2925 3564 3016 3639 τὸν
3063 3583 3234 3652 ἀληθῆ
3285 3577 3535 3647 Νυμφίον
3569 3575 3775 3638 ἐπόθει,
3808 3573 3902 3625 καὶ
3942 3564 4009 3624 οὗ

2430 3687 2633 3747 ἐκεῖνος
2675 3683 2777 3753 ἐρᾷ
2803 3677 3035 3748 ψυχικοῦ
3071 3674 3301 3734 κάλλους
3326 3668 3668 3738 ἐπεμελεῖτο.
3697 3667 3759 3718 Oi
3801 3664 3858 3716 δὲ
3890 3665 4011 3724 τοῖς

2431 3778 2762 3847 σωματικοῖς
2799 3773 2986 3842 μόνοις
3031 3766 3437 3838 προσκείμενοι,
3472 3763 3569 3829 τήν
3594 3775 3653 3810 τε
3687 3756 3780 3810 τοῦ
3817 3756 4013 3824 σῶμα·-

2431 3888 2521 3932 τος
2550 3870 2697 3936 ὥραν
2725 3864 2984 3935 ὁρῶντες,
3019 3861 3114 3912 καὶ
3144 3861 3290 3919 ὅπως
3334 3853 3612 3920 εὐγενείας
3649 3843 3794 3919 εἶχεν
3843 3849 4014 3914 ἀκρι-

2434 3960 2544 4022 ϐῶς
2591 3956 2968 4024 ἐπιστάμενοι,
3007 3949 3151 4004 ὀκτὼ
3192 3950 3286 4001 καὶ
3329 3947 3557 3998 δέκατον
3590 3942 3706 4003 ἔτος
3751 3955 3849 3991 που
3887 3939 4014 3990 δια·

2434 4051 2688 4109 νύουσαν,
2717 4049 2794 4107 είς
2818 4044 3014 4110 λόγους
3049 4038 3333 4108 ἐρχόμενοι
3355 4033 3430 4102 τῷ
3461 4031 3836 4100 γεγεννηκότι,
3869 4027 4016 4097 πρὶς

2439 4139 2734 4210 μνηστείαν
2761 4133 2966 4202 ταύτην
3007 4129 3253 4201 ᾐτοῦντο.
3299 4125 3358 4178 '0
3381 4123 3436 4175 δέ
3457 4122 3554 4184 τάς
3577 4120 3782 4172 τούτων
3820 4116 4018 4168 ἐντεύ-

2439 4229 2549 4296 ξεις
2595 4228 2694 4296 οὐχ
2739 4219 2852 4284 οἷός
2899 4239 2964 4274 τε
3025 4221 3100 4273 ὢν
3133 4215 3478 4279 ἀπώσασθαι,
3521 4215 3599 4266 ἑνὶ
3637 4212 3741 4265 τῶν
3791 4211 4019 4262 πάντων

2438 4319 2654 4388 πλούτῳ
2680 4334 2738 4369 τε
2768 4316 2864 4368 καὶ
2892 4313 3018 4384 δόξῃ
3050 4311 3146 4364 καὶ
3175 4311 3344 4378 ἀρετῇ
3364 4307 3690 4375 διαφέροντι,
3718 4302 3815 4370 τὴν
3843 4300 4020 4352 παῖδα

2441 4412 2832 4480 κατεγγυᾶται’
2860 4404 3126 4474 πολὺητῆς
3161 4401 3374 4462 οἰκείας
3408 4398 3609 4468 ἀρετῆς
3643 4393 3858 4458 ἀνάξιον
3886 4393 4022 4461 βου-

2441 4505 2795 4573 λευσάμενος,
2829 4500 2927 4552 άτε
2965 4497 3041 4566 μὴ
3085 4495 3222 4564 πρὸς
3253 4492 3351 4562 τὴν
3393 4492 3492 4558 τῆς
3523 4488 3710 4547 παιδὸς
3741 4485 4023 4537 κατάστα-

2373 4613 2415 4665 D
2447 4616 2530 4650 σιν
2562 4592 2792 4656 ἀπιδὼν,
2821 4590 2916 4643 καὶ
2949 4589 3011 4640 τὸ
3062 4586 3277 4652 ἐκείνης
3305 4582 3572 4649 φιλόθεον,
3615 4580 3708 4631 καὶ
3737 4578 3882 4638 ὅπως
3919 4576 4023 4644 ὅλη

2443 4688 2561 4756 Θεῷ
2601 4683 3006 4754 προσῳκείωτο,
3061 4678 3154 4730 καὶ
3192 4675 3366 4743 τούτῳ
3425 4674 3620 4742 ἀρέσαι
3687 4670 3860 4737 μόνῳ,
3921 4670 4026 4719 καὶ

2445 4779 2591 4846 αὐτῷ
2625 4773 3006 4843 νυμφευθῆναι
3047 4769 3133 4821 δια
3167 4767 3391 4836 μελέτης
3423 4763 3647 4816 ἐτίθετο.
3675 4760 3891 4812 Τούτων
3922 4754 4023 4811 οὖν

2447 4859 2652 4929 ἐκεῖνος
2702 4864 2856 4916 οὐδὲν
2893 4858 3385 4926 ὑπολογισάμενος,
3433 4856 3609 4922 γάμον
3645 4851 3921 4922 ἀπᾴδοντα
3951 4852 4022 4919 τῇ

2447 4960 2600 5014 παιδὶ
2633 4953 3069 5023 παρεσκεύαζεν.
3115 4948 3274 5002 Ἀλλά
3305 4946 3489 5016 ζηλῶν
3526 4943 3765 5013 ἐζήλωσε
3811 4941 4026 5009 Κύριος

2446 5053 2474 5103 ὁ
2507 5048 2712 5118 ἀληθὴς
2751 5045 2954 5112 ταύτης
3011 5041 3267 5110 νυμφίος,
3313 5040 3404 5091 καὶ
3438 5036 3753 5105 ἀφαρπάζει
3789 5034 3909 5103 μὲν,
3948 5034 4030 5095 ὡς

2447 5141 2652 5213 προῖὼν
2687 5141 2714 5192 ὁ
2771 5139 2929 5204 λόγος
2971 5135 3223 5205 δηλώσει,
3257 5131 3434 5200 γάμου
3483 5146 3542 5180 τε
3596 5129 3690 5179 καὶ
3735 5127 3840 5178 τῶν
3879 5128 4027 5193 μετὰ

2446 5236 2661 5304 γάμων·
2697 5234 2778 5295 εἰς
2825 5231 2939 5301 βίον
2969 5230 3027 5282 δὲ
3071 5227 3277 5295 ταύτην
3315 5223 3602 5292 κρείττονα
3640 5220 3889 5282 συνωθεῖ,
3935 5218 4029 5270 τὸν

2447 5328 2534 5380 διὰ
2567 5326 2768 5393 πολλῆς
2806 5323 2957 5392 αύτῴ
3009 5320 3346 5372 συνάπτοντα
3378 5315 3767 5383 καθαρότητος.

2519 5419 2590 5473 Δ’.
2632 5417 2721 5479 Ὠς
2757 5414 2865 5484 γὰρ
2905 5413 3077 5465 ταῦτα
3116 5411 3195 5480 τῷ
3226 5408 3395 5479 πατρὶ
3425 5407 3522 5475 μὲν
3555 5403 3895 5474 βεϐούλευτο,
3923 5402 4032 5454 οὐκ

2448 5505 2514 5580 ἦν
2563 5509 2617 5561 δὲ
2664 5507 2902 5576 ἀσφαλὲς
2956 5505 3063 5573 ἄρα
3100 5505 3174 5573 μὴ
3237 5500 3623 5570 μετειληφυῖαν
3655 5499 3746 5548 καὶ
3789 5495 3896 5547 τῶν
3931 5494 4030 5547 τοῦ

2450 5603 2700 5671 γέροντος
2734 5598 2908 5667 εὐχῶν
2937 5599 3227 5666 πρότερον,
3257 5587 3330 5645 ὧν
3363 5592 3455 5645 καὶ
3488 5589 3692 5660 καρπὸς
3729 5587 4031 5656 ἐτύγχανεν

2451 5692 2611 5761 αὑτὴ,
2642 5690 2784 5743 οὕτω
2821 5690 2956 5760 πρδς
3003 5688 3094 5740 τὸν
3123 5686 3302 5754 γάμον
3340 5685 3536 5746 ἐλθεῖν,
3581 5680 3830 5746 εὐλογίας
3859 5679 4030 5744 χάριν

2453 5785 2588 5855 πρὸς
2644 5783 2734 5836 τὸν
2805 5782 2978 5851 μέγαν
3026 5783 3230 5833 ἐκεῖνον
3284 5779 3397 5846 ἃμα
3436 5775 3514 5843 τῷ
3565 5774 3774 5826 τεκόντι
3837 5773 4028 5839 φοιτᾷ.

2459 5875 2587 5933 Εἶτα
2615 5876 2786 5946 λόγων
2823 5873 3029 5928 ἐκείνου
3060 5870 3361 5937 ἀκούσασα,
3396 5869 3485 5921 καὶ
3509 5867 3606 5938 τὴν
3638 5864 3743 5920 τῶν
3767 5864 4024 5935 μοναχιῖλν
