4162 6474
778 414 878 479 311

1989 419 2272 481 MENSIS
2308 424 2445 483 JAN
2460 424 2645 484 UARI
2660 425 2770 494 US,

3932 428 4031 491 312

776 535 958 581 autem
1014 534 1266 596 prompto
1333 534 1387 579 et
1440 525 1603 579 alacri
1671 527 1854 579 animo
1910 526 2174 595 implevit.
2210 527 2355 596 quod

2468 532 2612 601 pépet
2661 532 2754 585 καὶ
2791 532 2905 594 τοϊς
2940 530 3109 584 αὑτοῦ
3150 531 3326 600 λόγοις
3358 532 3517 596 εὐθὺς
3561 532 3663 603 τὴν
3699 532 4027 596 εὐπείθειαν,

778 635 969 689 preces
993 628 1300 679 consuetas,
1328 626 1380 672 et
1406 618 1666 688 quidquid
1694 626 1805 671 erat
1831 617 1882 669 in
1911 634 2061 673 more
2094 620 2351 688 positum,

781 713 1132 781 implevisset,
1163 712 1463 765 monastico
1493 727 1612 765 eam
1651 712 1828 766 induit
1873 710 2079 765 habitu.
2116 711 2183 765 Et
2229 727 2354 765 cum

778 814 1030 874 precatus
1073 811 1217 857 esset
1269 803 1316 857 ei
1385 804 1545 856 tinem
1600 817 1767 873 scopo
1818 804 2257 870 convenientem,
2301 804 2356 857 in

776 914 935 952 suum
977 898 1270 951 revertitur
1304 896 1720 950 monasterium.

2462 624 2556 676 καὶ
2607 622 2703 675 τοῦ
2758 623 2868 676 τῶν
2916 623 3169 693 μοναχῶν
3221 623 3521 694 ἀξιωθῆναι
3576 629 3855 693 σχήματος
3904 627 4030 693 παρ’

2464 717 2672 770 ἐκείνου
2704 719 2972 788 ἐπιζητεῖ⁸
3007 719 3101 770 καὶ
3142 718 3237 785 ὅγε
3273 717 3555 788 πρόθυμος
3579 713 3646 788 ἦν
3680 718 3741 771 τὸ
3771 716 4033 786 ζητούμε-

2463 824 2553 860 νον
2598 807 2930 877 ἐκπληροῦν,
2962 808 3055 861 καὶ
3087 808 3187 868 τὰς
3228 810 3476 878 συνήθεις
3512 810 3677 878 εὐχὰς
3707 810 3911 862 αὐτίκα
3946 812 4035 861 καὶ

2464 901 2572 953 πᾶν
2621 902 2758 972 ὅπερ
2797 903 2985 973 ἔθιμον
3032 898 3101 974 ἦν
3157 905 3478 970 ἐκτελέσας,
3528 904 3589 957 τὸ
3626 905 3736 957 τῶν
3790 904 4035 974 μοναχῶν

777 994 914 1063 αὐτῇ
955 992 1268 1063 περιϐάλλει
1307 991 1512 1061 σχῆμα.
1555 990 1961 1063 Ἐπευξάμενός
2008 1010 2066 1045 τε
2098 994 2237 1064 αὐτῇ
2296 993 2451 1059 τέλος
2490 996 2567 1067 τῷ
2610 998 2798 1069 σκοπῷ
2829 999 3129 1072 συμφέρον,
3183 1004 3264 1065 εἰς
3316 1001 3414 1073 τὴν
3450 1001 3658 1055 οἰκείαν
3700 1001 4035 1071 ἐπαναστρὲο

780 1108 867 1164 φει
912 1091 1098 1158 μονήν.

857 1184 965 1237 VII.
1015 1184 1304 1254 Postquam
1349 1193 1530 1238 autem
1579 1185 1697 1255 pius
1750 1183 1837 1237 ille
1889 1199 2052 1239 senex
2097 1186 2353 1241 recessis-

780 1289 881 1337 set.
920 1278 1298 1332 considerabat
1342 1279 1483 1347 apud
1531 1293 1587 1331 se
1635 1277 2032 1348 Euphrosyne,
2079 1278 2354 1347 quomodo

780 1382 835 1424 et
867 1370 956 1425 ubi
991 1370 1091 1423 sibi
1128 1370 1311 1423 datum
1352 1372 1416 1423 ad
1470 1380 1830 1423 mercaturam
1865 1380 2145 1423 exerceret
2181 1371 2356 1424 talen-

782 1476 920 1527 tum,
955 1464 1183 1515 maxime
1209 1477 1330 1516 cum
1369 1465 1535 1517 sciret
1573 1470 1779 1531 patrem
1808 1460 1912 1514 sibi
1956 1459 2073 1515 fore
2125 1461 2354 1530 impedi-

784 1568 968 1610 mento
998 1557 1063 1609 ad
1114 1556 1165 1610 id
1197 1555 1339 1625 quod
1377 1555 1736 1610 desiderabat.
1767 1553 1901 1607 Cum
1922 1568 2050 1622 ergo
2077 1554 2354 1622 quaesivis-

782 1661 861 1704 set
916 1649 1156 1712 modum,
1188 1666 1285 1719 per
1308 1664 1467 1719 quem
1499 1657 1680 1715 posset
1708 1646 1933 1701 omnino
1963 1647 2129 1699 latere
2167 1654 2222 1699 et
2262 1645 2357 1698 be-

783 1742 1151 1795 nevolentiam
1185 1740 1371 1808 patris,
1409 1750 1461 1794 et
1493 1738 1679 1808 sponsi
1714 1755 1976 1799 amorem.
2010 1740 2200 1793 statuit
2237 1739 2356 1807 qui-

2533 1185 2608 1241 Z'.
2676 1187 2831 1241 Ἐπεὶ
2882 1187 2940 1240 δὲ
2990 1188 3085 1240 καὶ
3127 1190 3157 1241 ό
3204 1187 3459 1258 θεοφιλὴς
3516 1189 3723 1250 ἐκεῖνος
3770 1186 4037 1256 ἀνεχώρει

2462 1279 2799 1350 πρεσϐύτης,
2872 1280 3092 1333 ἐσκόπει
3145 1280 3268 1333 καθ’
3323 1281 3522 1350 ἑαυτὴν
3591 1282 3623 1350 ἠ
3693 1279 4035 1347 Εὐφροσύνη,

2464 1374 2581 1435 πῶς
2617 1373 2683 1426 ἂν
2715 1373 2810 1425 καὶ
2844 1372 2949 1426 ποῦ
2984 1373 3043 1425 τὸ
3085 1372 3240 1425 δοθὲν
3284 1374 3420 1442 αὐτῇ
3468 1372 3797 1443 ἐμπορεύσοι
3842 1371 3904 1423 τδ
3951 1373 4041 1422 τά·

2462 1465 2673 1525 λαντον,
2719 1464 2895 1528 ἄλλως
2944 1482 3003 1517 τε
3048 1466 3143 1518 καὶ
3192 1465 3285 1516 τὸν
3332 1465 3546 1534 πατέρα
3586 1466 3758 1517 εἰδυῖα
3790 1464 4040 1532 ἐμποδὼν

2464 1556 2602 1624 αὐτῇ
2639 1556 2776 1625 πρὸς
2824 1556 2887 1608 τὸ
2940 1555 3273 1626 ποθούμενον
3326 1556 3569 1609 ἔσεσθαι.
3606 1556 3694 1618 Ὠς
3723 1556 3813 1609 οὖν
3856 1557 4038 1625 ἐζήτει

2462 1647 2661 1717 τρόπον
2688 1648 2754 1700 δι’
2785 1642 2847 1700 οὗ
2896 1646 3080 1700 λαθεῖν
3125 1647 3261 1710 ὅλως
3309 1647 3600 1717 δυνήσεται
3631 1649 3957 1717 γεννήτορός
3984 1664 4038 1699 τε

2465 1740 2717 1809 στοργήν,
2745 1740 2837 1793 καὶ
2868 1740 3174 1809 μνηστῆρος
3205 1740 3437 1811 ἔρωτας,
3469 1740 3772 1794 ἀποθέσθαι
3810 1742 3911 1809 μὲν
3942 1758 4039 1807 γυ-

784 1836 905 1888 dem
938 1844 1138 1887 vestem
1171 1848 1369 1886 exuere
1419 1833 1765 1896 muliebrem,
1797 1832 2007 1886 virilem
2056 1841 2239 1886 autem
2270 1832 2357 1885 in-

2468 1834 2709 1886 ναικείαν
2765 1833 2907 1902 ἔγνω
2944 1835 3157 1904 στολὴν,
3208 1833 3401 1903 ἀνδρὸς
3434 1835 3490 1887 δὲ
3530 1834 4041 1903 μεταμφιάσασθαι.

785 1932 1005 1981 ducere.
1062 1928 1124 1980 Et
1153 1928 1407 1996 quoniam
1451 1928 1655 1982 sciebat
1704 1941 1820 1991 eos,
1847 1927 1937 1996 qui
1977 1927 2152 1995 ipsam
2204 1934 2360 1979 erant

788 2022 1124 2088 persecuturi
1162 2030 1415 2090 tanquam
1463 2020 1742 2082 feminam,
1780 2034 1900 2073 esse
1932 2027 2272 2072 scrutaturos
2304 2018 2358 2070 in

789 2113 1134 2167 monasteriis
1156 2113 1464 2181 mulierum,
1499 2112 1689 2166 statuit
1724 2112 1957 2180 seipsam
1988 2110 2255 2164 collocare
2304 2109 2361 2162 in

790 2221 1019 2259 numero
1040 2206 1451 2260 monachorum.
1477 2204 1586 2257 Hoc
1609 2213 1786 2256 autem
1814 2202 2099 2257 consilium
2119 2202 2359 2271 capiens,

789 2307 946 2352 nocte
975 2298 1205 2364 quadam
1237 2297 1385 2350 exuit
1413 2294 1630 2365 quidem
1678 2310 1831 2349 suam
1868 2304 2074 2348 vestem
2116 2304 2171 2347 et
2200 2293 2362 2347 simul

788 2405 911 2443 cum
945 2390 1129 2443 tunica
1158 2390 1320 2443 etiam
1370 2389 1689 2443 muliebrem
1721 2387 1869 2442 exuit
1894 2386 2359 2440 imbecillitatem:

790 2482 965 2536 induit
1011 2492 1191 2536 autem
1241 2492 1444 2536 vestem
1493 2482 1804 2545 salutarem,
1855 2488 1912 2534 et
1958 2480 2362 2548 quamprimum

791 2583 1186 2627 transmutatzrr
1217 2574 1270 2626 in
1310 2573 1521 2627 virilem
1559 2572 1826 2626 habitum.
1883 2571 2089 2625 Deinde
2120 2585 2244 2624 cum
2286 2572 2364 2625 la-

792 2664 987 2717 tuisset
1026 2664 1343 2717 ancillarum
1369 2662 1796 2725 multitudinem,
1831 2670 1885 2715 et
1938 2661 2084 2730 ipsos
2124 2662 2364 2729 parentis

790 2756 996 2818 oculos,
1032 2764 1085 2807 et
1110 2755 1252 2808 mdes
1290 2754 1625 2822 despexisset
1652 2751 1935 2820 praeclaras
1953 2766 2014 2804 ac
2030 2751 2363 2821 magniﬁcas,

789 2846 988 2899 Christi
1016 2860 1231 2899 crucem
1270 2844 1486 2909 tollens,
1518 2843 1767 2913 protinus
1804 2842 1957 2906 abiit,
1999 2841 2187 2895 volens
2210 2857 2267 2895 se
2294 2841 2367 2893 di-

791 2959 820 3008 g
848 2956 946 2991 ~am
986 2939 1210 2991 reddere
1239 2953 1304 2990 eo
1326 2937 1469 3006 quod
1506 2935 1868 2997 desiderabat,
1905 2934 2127 2987 etvenit
2150 2934 2213 2985 ad
2236 2933 2366 2986 illud

794 3031 1306 3091 uroirasterium,cui
1333 3038 1563 3099 praeerat
1592 3045 1780 3094 senex,
1812 3029 1969 3097 cuius
2000 3041 2220 3097 precum
2249 3025 2367 3079 fue-

796 3135 873 3176 rat
906 3124 1132 3177 fructus.
1166 3123 1233 3176 Et
1267 3139 1387 3175 cum
1414 3124 1653 3175 venisset
1674 3122 1727 3174 in
1751 3127 2101 3189 conspectum
2131 3117 2366 3187 prmfecti

795 3218 1129 3280 mmasterii,
1155 3216 1481 3285 interrogata
1506 3215 1623 3277 fuit,
1651 3216 1899 3283 quisnam
1922 3223 2087 3274 esset,
2114 3222 2167 3265 et
2199 3212 2362 3276 unde,

794 3320 847 3363 ct
874 3325 1105 3378 quanam
1135 3313 1201 3363 de
1237 3324 1395 3363 causa
1424 3311 1489 3363 ad
1514 3323 1637 3361 eum
1674 3308 2016 3361 accessisset.
2056 3304 2145 3359 illa
2183 3315 2363 3357 autem

795 3402 953 3465 dixit,
984 3416 1041 3454 se
1075 3401 1254 3455 vocari
1284 3401 1502 3469 quidem
1534 3400 1911 3469 Smaragdum,
1937 3413 2057 3452 esse
2095 3408 2275 3449 autem
2302 3411 2362 3449 ex

795 3493 913 3545 aula
974 3493 1319 3560 imperatoris
1353 3492 1451 3557 (sic
1484 3493 1627 3545 cnim
1673 3490 1887 3544 dicebat
1920 3488 2104 3542 volens
2134 3486 2362 3551 latere);

799 3584 1080 3651 reliquisse
1112 3600 1239 3637 vero
1268 3585 1473 3647 omnia,
1501 3592 1558 3636 ut
1585 3582 1745 3636 infida
1788 3591 1841 3634 et
1869 3580 2099 3643 inutilia,
2125 3594 2187 3633 ac
2225 3578 2368 3631 desi-

797 3675 1017 3729 derasse
1048 3675 1210 3729 vitam
1259 3676 1649 3733 monachorum
1702 3693 1714 3727 :
1769 3681 1916 3727 etex
1964 3673 2096 3725 urbe
2146 3670 2364 3740 quidem

798 3768 997 3838 fugisse
1017 3768 1180 3837 regia,
1207 3777 1263 3820 ut
1283 3783 1405 3837 «luce
1431 3775 1573 3820 esset
1598 3767 1757 3835 plena
1784 3764 2126 3826 tumultibus,
2146 3773 2199 3816 et
2224 3762 2367 3831 quod

798 3862 1095 3915 amicorum
1120 3869 1171 3913 et
1195 3859 1539 3917 familiarium
1565 3858 1731 3912 nollet
1754 3858 1937 3911 vexari
1958 3858 2366 3927 congressione,

797 3966 851 4003 et
890 3952 957 4006 ab
989 3952 1068 4006 eis
1096 3952 1415 4021 interrumpi
1444 3967 1599 4004 suum
1626 3950 1823 4020 quietis
1852 3949 2178 4004 desiderium
2207 3965 2367 4006 zeum

799 4054 977 4098 autem
1038 4044 1103 4096 de
1157 4044 1382 4096 istorum
1431 4043 1717 4096 sanctitate
1765 4043 2153 4095 monachorum
2200 4042 2368 4095 multa

798 4136 1113 4199 audivisset,
1153 4151 1217 4190 eo
1245 4136 1479 4197 venisse,
1518 4136 1561 4188 si
1600 4150 1708 4204 quo
1746 4145 1903 4203 pacto
1937 4134 2096 4205 digna
2138 4134 2369 4188 habere-

801 4238 886 4281 tur
914 4228 1103 4281 referri
1136 4230 1188 4280 in
1217 4243 1404 4281 eorum
1438 4243 1745 4280 numerum.

871 4317 1005 4371 \‘lll.
1056 4317 1294 4372 Laetatus
1343 4329 1427 4372 est
1474 4320 1553 4371 vir
1578 4320 1687 4381 ille,
1725 4328 1779 4372 et
1818 4318 1997 4373 verbis
2040 4328 2094 4372 et
2145 4333 2357 4372 morum

800 4412 1064 4465 modestia
1082 4410 1452 4474 admirandus,
1473 4421 1526 4463 et
1546 4430 1557 4463 :
1583 4410 1719 4465 Ecce
1734 4412 2146 4474 monasterium,
2169 4412 2362 4479 inquit.

801 4505 892 4566 liii,
915 4506 963 4558 si
996 4505 1089 4558 tibi
1110 4504 1285 4573 placet
1317 4504 1504 4557 referri
1534 4505 1584 4557 iu
1609 4520 1895 4558 numerum
1926 4503 2175 4568 fratrum,
2201 4521 2363 4558 nemo

2464 1925 2571 1977 Καὶ
2602 1927 2722 1978 ἐπεὶ
2747 1928 2873 1989 τοὺς
2910 1925 3197 1991 διώξοντας
3236 1926 3352 1996 ᾔδει
3386 1926 3462 1988 ὡς
3483 1928 3717 1993 γυναῖκα
3742 1925 3953 1994 ταύτην
3984 1928 4038 1977 ὲν

2464 2017 2735 2086 σεμνειοις
2762 2016 3058 2088 ἀνερευνᾷν
3111 2017 3408 2086 γυναικῶν,
3456 2018 3793 2087 μοναζόντων
3833 2019 4041 2086 ἑαυτὴν

2464 2105 2678 2176 ἔκρινεν
2714 2109 3083 2176 ἑγκατατάξαι
3134 2108 3301 2178 χορῷ.
3345 2108 3502 2162 Οὕτω
3531 2110 3587 2161 δὲ
3622 2108 4034 2179 βουλευσαμένη

2465 2198 2758 2251 ἀποδύεται
2785 2198 2883 2269 μὲν
2908 2198 3008 2268 τὴν
3034 2199 3169 2251 ἰδίαν
3200 2198 3413 2269 στολὴν,
3445 2200 3537 2251 καὶ
3566 2199 3885 2268 ἄμα’χιτῶνι
3919 2215 4044 2250 συν-

2465 2289 2763 2342 αποδύεται
2793 2290 2888 2342 καὶ
2914 2289 3011 2360 τὴν
3033 2290 3351 2357 γυναικείαν
3381 2290 3685 2354 ἀσθένειαν,
3720 2290 4043 2342 ὲπενδύεται

2464 2386 2519 2439 δὲ
2548 2386 2760 2455 ἱμάτιον
2801 2384 3091 2456 σωτηρίου,
3118 2385 3212 2437 καὶ
3242 2387 3322 2447 εἰς
3352 2384 3543 2453 ἀνδρὸς
3572 2386 3757 2454 σχῆμα
3788 2384 3848 2436 τὸ
3875 2387 4047 2454 τάχις

2470 2478 2986 2551 μεταρῤυθμίζεται.
3022 2472 3157 2531 Εἶτα
3183 2477 3425 2530 λαθοῦσα
3461 2476 3869 2544 θεραπαινίδιον
3902 2477 4045 2545 πλη-

2468 2573 2586 2636 θὺν,
2616 2571 2813 2634 αὐτούς
2842 2588 2902 2623 τε
2950 2570 3265 2639 ὀφθαλμοὺς
3320 2571 3428 2621 τῶν
3472 2569 3899 2637 γεγεννηκότων,
3950 2571 4049 2622 καὶ

2466 2664 2643 2724 οἰκίας
2685 2662 3013 2732 ὑπεριδοῦσα
3040 2662 3321 2731 λαμπρὰς,
3363 2662 3456 2714 τὸν
3480 2661 3574 2714 τοῦ
3605 2663 3840 2730 Χριστου
3872 2678 4015 2714 σταυ
4036 2692 4049 2702 -

2470 2757 2562 2827 ρον
2589 2757 2862 2824 ἀραμένη,
2898 2756 3057 2816 εὐθὺς
3106 2755 3293 2825 ἀπῄει,
3343 2754 3540 2824 ἑαυτὴν
3588 2755 3748 2817 ἀξίαν
3798 2753 3893 2806 τοῦ
3939 2772 4044 2807 πο-

2470 2850 2733 2918 θουμένου
2762 2846 3209 2916 καταστήσασθαι
3237 2846 3557 2915 βουλομένη.
3592 2845 3734 2916 Πρὸς
3775 2848 3960 2907 ἐκεῖνό
3992 2864 4051 2899 τε

2468 2940 2529 2993 τδ
2564 2942 2921 3009 μοναστήριον
2959 2941 3296 3007 ἀφικνεῖται,
3332 2934 3392 2992 οὗ
3441 2937 3735 3006 καθηγεῖτο
3772 2939 3800 2989 ὁ
3837 2940 4049 3006 γέρων,

2468 3022 2529 3080 οἶδ
2578 3027 2641 3097 δὴ
2695 3029 2789 3079 καὶ
2818 3028 2927 3080 τῶν
2958 3028 3133 3097 εὐχῶν
3164 3028 3406 3095 ἐγεγόνει
3438 3028 3670 3097 καρπό;’
3705 3030 3795 3081 καὶ
3826 3028 3917 3081 διὰ
3954 3026 4053 3081 τοῦ

2472 3122 2550 3183 εἰς
2585 3120 2740 3172 τοῦτο
2772 3120 3129 3188 τεταγμένου,
3180 3122 3288 3173 τῶν
3349 3121 3598 3190 μοναχῶν
3629 3120 3706 3190 τῷ
3736 3122 4055 3190 προεστῶτι

2467 3214 2565 3281 τῆς
2602 3212 2765 3281 μονῆς
2814 3214 2891 3274 εἰς
2931 3212 3051 3281 (xyw
3110 3211 3363 3276 ἐλθοῦσα,
3408 3213 3490 3275 τίς
3544 3230 3603 3265 τε
3640 3214 3736 3264 καὶ
3769 3213 3897 3265 ὅθεν
3936 3217 4052 3282 εἴη,

2468 3306 2560 3357 καὶ
2590 3304 2731 3366 τίνος
2778 3304 2940 3357 ἕνεκα
2980 3306 3116 3374 πρὸς
3148 3304 3312 3358 αὑτὸν
3356 3307 3737 3372 παραγένοιτο,
3767 3308 4054 3376 ἡρωτᾶτο.

2480 3400 2543 3451 Ἥ
2582 3399 2657 3461 δὲ,
2694 3398 3017 3467 Σμάραγδος
3053 3398 3150 3464 μὲν
3186 3397 3290 3466 ἔφη
3334 3396 3637 3460 καλεῖσθαι,
3669 3394 3808 3452 εἶναι
3842 3400 3898 3451 δὲ
3952 3402 4060 3461 τῖς

2470 3491 2741 3560 βασιλείου
2775 3491 2945 3558 αὐλῆς
2986 3489 3149 3551 (οὕτω
3179 3491 3288 3560 γὰρ
3317 3488 3434 3542 εἷπε
3483 3489 3778 3559 βουλομένη
3810 3490 4060 3553 λαθεῖν“;,

2470 3585 2795 3637 καταλιπεῖν
2840 3584 2895 3636 δὲ
2928 3583 3108 3636 πάντα
3164 3582 3237 3644 ὡς
3296 3585 3503 3639 ἄπιστα
3535 3584 3631 3635 καὶ
3656 3584 3914 3649 ἀνόνητα,
3964 3584 4062 3634 τὶν

2468 3676 2523 3728 δὲ
2581 3676 2694 3746 βίον
2743 3676 2982 3743 ποθῆσαι
3023 3675 3134 3727 τῶν
3162 3675 3434 3744 μοναχῶν,
3473 3677 3570 3728 καὶ
3624 3676 3724 3744 τὴν
3758 3674 3855 3742 μὲν
3891 3674 4065 3743 βασι·

2469 3768 2587 3820 λίδα
2616 3767 2724 3820 τῶν
2767 3768 2971 3820 πόλεων
3012 3768 3271 3834 ἐκφυγεῖν
3311 3766 3386 3829 ὡς
3421 3766 3605 3836 πλήρη
3646 3766 3901 3836 θορύϐου.
3959 3769 4066 3818 κεί

2469 3859 2547 3928 τῷ
2572 3859 2646 3930 μὴ
2679 3858 2963 3928 βούλεσθαι
2992 3860 3168 3926 φίλων
3199 3858 3292 3909 καὶ
3318 3857 3566 3925 συνήθων
3597 3858 3834 3926 ὁμιλίαις
3863 3857 4067 3925 ὀχλεῖ-

2475 3951 2619 4016 σθαι,
2661 3953 2752 4004 καὶ
2786 3951 2877 4001 ὑπ’
2909 3951 3086 4003 αὐτῶν
3116 3949 3447 4019 μολύνεσθαι
3474 3950 3533 4001 τὸ
3572 3949 3867 4019 φιλήσυχον
3903 3950 4068 4000 κατὰ

2472 4042 2671 4112 πολλὴν
2720 4042 2775 4094 δὲ
2819 4042 2917 4111 τῆς
2949 4041 3103 4111 ὑμῶν
3165 4042 3451 4110 ἁγιότητος
3492 4040 3660 4108 ἀκοὴν
3712 4041 3777 4091 τὰ
3809 4039 4069 4091 ἐνταῦθα

2470 4133 2816 4199 κιταλαθεῖν,
2853 4132 2906 4185 εῐ
2929 4150 3046 4196 πως
3086 4131 3376 4202 ἀξιωθείην
3438 4131 3692 4201 γενέσθαι
3732 4132 3861 4201 ὑμῖν
3925 4146 4067 4183 σνν-

2471 4226 2746 4298 αρίθμιος.

2543 4318 2623 4370 η’.
2673 4316 2908 4381 Ἡσθεὶς,
2950 4311 3044 4371 οὖν
3073 4318 3101 4370 ὁ
3131 4316 3381 4386 θεοφιλὴς
3416 4318 3619 4377 iui-:0;
3666 4314 3804 4385 ἀνὴρ
3842 4314 3973 4380 τοῖς
4003 4332 4072 4369 τε

2476 4408 2704 4477 ῥήμασι,
2759 4408 2850 4459 καὶ
2889 4410 2954 4477 τῇ
2997 4407 3105 4460 τῶν
3149 4407 3297 4476 ἠθῶν
3357 4408 3609 4477 εὐνομία,
3655 4409 3771 4468 καὶ,
3816 4405 3965 4461 Ἰδοὺ
4004 4409 4075 4459 τὸ

2477 4503 2858 4572 μοναστήριον,
2891 4502 3016 4570 ἔφη.
3044 4503 3255 4565 τέκνον,
3289 4502 3342 4555 ετ
3360 4518 3443 4553 σοι
3468 4502 3695 4569 ἀρεστὸν
3723 4501 4077 4571 ἐναρίθμιον

798 4605 879 4647 est
903 4594 1293 4663 prohibiturus.
1331 4592 1436 4647 Sed
1476 4594 1729 4663 quoniam
1768 4610 1827 4648 es
1864 4604 2021 4649 aetate
2064 4596 2241 4648 adhuc
2283 4595 2362 4661 ju-

2473 4594 2724 4661 γενέσθαι
2772 4597 2884 4655 τοῖς
2938 4593 3208 4663 ἀδελφοῖς,
3265 4597 3294 4647 ὁ
3360 4593 3621 4647 κωλύσων
3653 4593 3849 4655 οὐδείς·
3907 4594 4080 4663 πλὴν

800 4686 970 4746 venis,
1018 4698 1072 4737 et
1116 4694 1289 4739 status
1324 4686 1608 4742 monastici
1655 4687 1892 4740 nomium
1933 4687 2225 4756 perfectam
2258 4702 2367 4741 cm-

801 4778 920 4845 pisti
971 4778 1360 4845 experientiam
1388 4819 1400 4833 .
1450 4789 1665 4846 oportet
1703 4788 1752 4831 te
1786 4794 1906 4833 esse
1950 4780 2050 4831 sub
2087 4780 2365 4845 magistro,

798 4882 848 4921 rt
879 4871 945 4922 ab
976 4886 1040 4922 eo
1065 4872 1275 4924 discere
1306 4872 1425 4923 vit;c
1463 4871 1867 4938 perfectionem.
1902 4870 1987 4923 Illa
2012 4886 2226 4924 autem:
2258 4869 2367 4924 Hoc

798 4976 1014 5029 quoque
1046 4962 1173 5014 mihi
1209 4973 1291 5015 est
1325 4964 1496 5020 cordi.
1524 4971 1575 5014 ct
1610 4964 1729 5015 volo
1760 4977 1863 5014 non
1900 4978 2069 5015 unum
2100 4962 2293 5023 solum,
2321 4960 2366 5014 si

802 5053 1033 5114 videtur,
1073 5054 1163 5107 sed
1196 5055 1393 5108 multos
1426 5054 1587 5110 etiam
1630 5055 1849 5114 habere,
1884 5055 1973 5122 qui
2016 5055 2079 5107 ad
2116 5055 2365 5107 virtutem

801 5160 885 5196 me
922 5144 1029 5196 sint
1075 5145 1393 5199 instiluturi.
1437 5145 1524 5199 Sic
1567 5162 1648 5209 ca,
1682 5160 1802 5198 cum
1846 5156 2096 5213 tauquam
2136 5144 2364 5197 solidum

801 5248 852 5289 rt
886 5237 1120 5291 validum
1163 5236 1593 5302 fundamentum,
1648 5240 1761 5291 seni
1798 5238 1943 5306 prius
1968 5239 2182 5307 iecisset
2235 5238 2366 5291 obe-

800 5330 1077 5389 dientium,
1117 5330 1345 5382 traditur
1374 5330 1575 5401 Agupio
1604 5332 1886 5392 monacho,
1920 5330 2007 5399 qui
2037 5340 2092 5383 et
2128 5331 2181 5382 in
2208 5330 2367 5382 rebus

803 5420 999 5473 divinis
1027 5429 1143 5473 erat
1188 5422 1466 5483 eruditus,
1511 5430 1562 5473 et
1606 5431 1943 5490 processerat
1981 5421 2045 5473 ad
2100 5436 2364 5474 summam

806 5511 1253 5578 impatibilitutem
1290 5530 1301 5564 :
1339 5512 1483 5565 etab
1524 5527 1612 5575 eo,
1659 5522 1717 5565 ut
1744 5514 1916 5566 dicam
1968 5514 2109 5565 sicut
2152 5512 2368 5565 divinus

805 5603 990 5663 David,
1023 5603 1221 5657 diurno
1254 5604 1468 5672 frangitur
1500 5604 1758 5675 figmento
1780 5646 1793 5665 .
1830 5615 1881 5658 et
1913 5605 2257 5673 componitur
2300 5606 2366 5657 ad

803 5695 962 5749 vitam
994 5695 1133 5763 piam
1170 5710 1231 5748 ac
1273 5695 1593 5764 religiosam.
1634 5694 2110 5751 Yerumcninn’cro
2150 5697 2240 5766 qui
2270 5713 2366 5750 no-

874 5863 947 5935 ίι)
990 5866 1245 5938 .igapitus
1271 5871 1575 5926 ncminatur
1611 5874 1659 5926 ii;
1682 5872 1706 5921 \
1730 5873 1814 5925 :tis
1848 5873 2080 5926 f'atlum.

2472 4687 2701 4757 ἐπείπερ
2738 4687 2813 4739 ἔτι
2857 4688 2982 4740 νέαν
3011 4688 3165 4754 ἄγεις
3195 4686 3297 4755 τὴν
3343 4685 3584 4755 ἠλικίαν,
3614 4685 3709 4737 καὶ⁸
3741 4687 4079 4755 μσναχικῆς

2471 4780 2853 4837 καταστάσεως
2891 4778 3044 4832 οὔπω
3090 4781 3285 4849 πεῖραν
3314 4779 3548 4846 εἴληφας
3584 4776 3795 4846 ἐντελῆ,
3834 4780 3953 4829 ὑπὸ
3989 4779 4081 4831 δι-

2468 4872 2719 4941 δασκάλῳ
2746 4872 3000 4940 τετάχθαι
3033 4888 3088 4922 σε
3125 4871 3224 4931 δεῖ,
3263 4872 3355 4922 καὶ
3396 4872 3521 4940 παρ’
3551 4868 3715 4921 αὑτοῦ
3746 4868 4083 4937 μανθάνειν

2470 4963 2739 5025 πολιτείας
2770 4962 3077 5033 ἀκρίϐειαν.
3095 4962 3157 5013 Ἢ
3190 4962 3269 5025 δὲ,
3310 4962 3421 5015 Καὶ
3442 4961 3599 5014 τοῦτο
3627 4960 3767 5013 κατά
3793 4963 4079 5029 γνώμην,

2468 5049 2647 5117 εἶπεν,
2689 5054 2835 5122 ἐμοὶ,
2894 5056 2989 5106 καὶ
3042 5053 3300 5125 βούλομαι
3329 5053 3426 5122 οὐχ
3457 5052 3552 5104 ἕνα
3587 5054 3765 5120 μονον,
3800 5056 3850 5103 εἰ
3878 5053 4081 5117 δοκεῖ,

2469 5146 2603 5199 ἀλλά
2626 5147 2719 5198 καὶ
2754 5146 2979 5208 πολλοὺς
3016 5146 3159 5215 ἔχειν
3207 5147 3334 5208 τοὺς
3367 5146 3501 5214 πρὸς
3551 5146 3751 5215 ἀρετήν
3809 5162 3877 5211 με
3926 5164 4084 5198 παι-

2468 5239 2907 5310 δοτριόήσοντας.
2959 5238 3145 5301 Οὕτως
3197 5239 3333 5310 αὐτὴ
3374 5236 3626 5306 καθάπερ
3660 5236 3922 5306 θεμέλιον
3958 5242 4081 5310 ἀῤ-

2472 5330 2615 5401 ῥαγῆ
2646 5331 2745 5401 τὴν
2793 5331 3039 5399 ὑπακοὴν
3094 5331 3652 5401 προκαταὸαλλομένη
3692 5330 3767 5398 τῷ
3805 5332 4081 5398 γέροντι,

2484 5424 2730 5491 Ἀγαπὶῳ
2770 5423 3055 5491 μονάζοντι
3089 5424 3461 5492 παραδίδοται,
3494 5423 3563 5475 τά
3600 5439 3658 5475 τε
3710 5421 3831 5473 θεῖα
3873 5425 4082 5493 cogn},

2471 5513 2562 5564 καί
2594 5512 2861 5575 ἀπαθείας
2908 5514 2989 5576 εἰς
3035 5513 3205 5583 ἀκρον
3238 5513 3510 5565 ὲλάσαντι’
3559 5513 3649 5564 καὶ
3678 5514 3811 5579 παρ’
3847 5516 4083 5579 ait-.5,

2473 5605 2611 5657 κατὰ
2646 5604 2736 5656 τὸν
2770 5604 2912 5657 θεῖον
2968 5605 3132 5672 φάναι
3167 5605 3353 5672 Δαϐὶδ,
3390 5605 3653 5674 ἠμερινὴν
3688 5604 4090 5661 διεπλάττετο

2474 5698 2707 5762 πλάσιν,
2769 5698 2859 5750 καὶ
2929 5698 3058 5768 πρὸς
3118 5697 3205 5751 τὸν
3260 5696 3479 5767 θεοφιλῆ
3535 5695 3645 5764 βὶον
3696 5696 4083 5765 ῥυθμίζεται.
