4162 6474
147 403 231 468 313
1258 400 1435 461 VITA
1474 401 1533 460 S.
1574 401 2154 465 EUPHROSYNES.

3291 398 3395 473 314

157 515 293 569 Ἀλλὰ
315 487 423 583 γὲιρ
462 514 492 565 ό
523 512 582 577 ἐξ
615 512 792 582 ἀρχῆς
821 510 1131 582 βασκαίνων
1179 512 1334 580 ἡμῖν,
1367 513 1461 565 καὶ
1500 514 1599 581 τὴν
1624 513 1704 565 ol-

1818 514 1893 569 bis
1924 516 2117 570 invidit
2168 516 2238 570 ah
2264 515 2443 581 initio,
2498 525 2552 571 et
2595 516 2862 587 gloriatur
2906 532 2965 573 se
2999 524 3173 573 totum
3203 520 3391 574 orbem

148 606 395 675 κουμὲνην
435 605 567 674 ὃλην
622 607 699 667 ὠς
731 604 953 658 νοσσιὰν
1002 605 1425 674 ἑγκαυχώμενος
1470 606 1710 673 καταλῄ-

148 698 335 765 ψεσθαι,
366 698 470 751 οὐκ
495 698 659 767 ἔφερε
687 699 925 765 γυναῖκα
953 696 1097 765 ὁρῶν
1122 696 1349 767 βρόχους
1382 696 1547 750 αὑτοῦ
1581 698 1709 760 τοὺς

148 793 350 860 δεσμοὺς
380 792 860 863 ὑπεριπταμένην,
892 794 985 845 καὶ
1018 792 1151 844 ὡσεὶ
1185 792 1518 862 περιστερὰν
1547 810 1711 863 φερο-

153 884 296 953 μένην
325 884 403 953 τῷ
450 886 727 952 πνεύματι
759 886 1085 955 ὑπηνέμιον.
1117 885 1258 938 Ἀλλ’
1293 886 1550 955 ἐτρύχετο
1583 884 1706 954 βλέ-

152 994 247 1028 πων
274 976 330 1027 τὸ
365 976 636 1045 φρόνιμον
668 974 815 1029 οὕτω
844 977 941 1046 τῆς
976 978 1313 1047 οἰκονομίας,
1354 977 1447 1030 καὶ
1482 979 1617 1045 πρὸς
1648 977 1710 1029 τὸ

154 1067 307 1119 λαθεῖν
352 1067 862 1135 διεσκευασμένον,
915 1068 1008 1121 καὶ
1037 1066 1305 1138 ἤσχαλλεν
1351 1066 1458 1119 ὑπὸ
1512 1065 1708 1135 νεαροῦ

154 1161 377 1225 σώματος
402 1160 501 1211 καὶ
526 1158 701 1211 ταῦτα
721 1158 913 1228 θήλεος
934 1158 1034 1221 τὰς
1065 1158 1230 1211 αὑτοῦ
1261 1160 1455 1229 τέχνας
1491 1157 1711 1211 διαπαι-

154 1251 356 1317 {opt-a1;
385 1251 553 1319 δρῶν.
596 1252 813 1320 ’Δμέλει
847 1250 938 1303 καὶ
966 1251 1094 1303 ποτὲ
1124 1252 1221 1321 μὲν
1246 1251 1417 1318 αὐτῆς
1439 1250 1538 1321 τὴν
1573 1251 1712 1320 πρὸς

154 1344 261 1395 Θεὲν
284 1346 578 1411 μέριμναν,
603 1344 766 1396 πόθον
798 1343 889 1396 τὸν
914 1345 1043 1413 περὶ
1068 1344 1196 1405 τοὺς
1225 1346 1402 1410 γονεῖς
1429 1344 1707 1406 ἀνάπτων,

156 1434 404 1501 περιαπᾷν
444 1432 701 1485 ἔσπευδε·
754 1432 884 1485 ποτὲ
913 1433 993 1495 δὲ,
1027 1431 1261 1485 πλούτου
1295 1433 1391 1483 καὶ
1423 1431 1581 1499 δόξης
1617 1432 1711 1483 καὶ

158 1525 445 1593 μνηστῆρος
497 1528 706 1596 μνήμη,
761 1524 1085 1594 διαχαυνοῢν
1139 1524 1313 1592 αὐτῆς
1359 1524 1420 1576 τὸ
1454 1523 1711 1593 φρόνημα

157 1620 476 1686 ἐμηχανᾶτο·
508 1618 589 1669 ἔτι
620 1619 676 1671 δὲ
710 1618 957 1687 συνήθων
1008 1618 1105 1670 καὶ
1162 1618 1367 1687 ἡλίκων
1425 1616 1710 1685 διατριϐὰς

156 1711 571 1779 ὑπεμίμνησκεν·
607 1710 746 1764 ἀλλὰ
798 1710 1143 1779 πανταχόθεν
1180 1709 1539 1781 προσϐάλλων
1569 1710 1708 1779 αὐτῇ

155 1802 231 1853 καὶ
291 1804 493 1872 πεῖραν
578 1804 742 1864 ἐνιεὶς
820 1802 1183 1873 ἀπεκρούετο.
1258 1802 1321 1855 Τί
1381 1797 1475 1855 οὖν
1529 1806 1708 1869 ποιεῖ;

1816 613 2012 672 ωτι-ιε,
2065 615 2321 675 tanquam
2375 606 2605 668 nidum,
2656 608 3223 676 comprehensurum.
3285 625 3394 663 non

1812 694 2044 759 ferebat,
2081 696 2272 752 videns
2301 698 2584 752 mulierem
2617 699 2840 752 callidos
2875 716 3003 754 suos
3037 702 3260 772 laqueos
3303 717 3399 755 su-

1813 789 2218 856 pervolantem,
2250 799 2305 842 et
2336 799 2595 858 tanquam
2624 790 2932 843 columbam
2966 793 3215 861 spiritum
3265 793 3396 847 ferri

1812 882 2129 934 sublimem.
2158 880 2263 935 Sed
2308 882 2607 951 angebatur
2641 882 2829 937 videns
2856 893 2963 937 tam
2996 885 3234 953 prudens
3263 902 3396 941 con—

1812 975 2016 1038 silium,
2042 983 2097 1028 et
2130 975 2274 1044 quod
2310 976 2382 1029 ita
2413 991 2471 1030 se
2500 979 2565 1030 ad
2598 977 2876 1031 latendum
2923 978 2973 1031 ir
3011 989 3257 1032 rruxerat
3287 998 3299 1032 :
3342 990 3397 1034 et

1812 1082 1953 1136 aegre
1971 1065 2178 1120 ferebat
2206 1068 2389 1122 videre
2440 1083 2565 1121 suas
2609 1078 2752 1122 artes
2781 1070 2925 1124 eludi
2958 1085 2986 1123 a
3011 1071 3237 1139 juvenili
3273 1086 3398 1125 cor-

1813 1172 1964 1226 pOre.
1997 1172 2169 1225 eoque
2198 1158 2470 1211 muliebri.
2517 1158 2820 1227 Aliquando
2846 1160 3065 1227 quidem
3096 1171 3255 1215 certe
3278 1162 3398 1229 ejus

1814 1250 1867 1303 in
1900 1248 2065 1303 Deum
2095 1266 2279 1310 curam
2308 1268 2371 1304 ac
2410 1251 2817 1305 meditationem
2864 1253 3115 1306 studebat
3142 1254 3395 1316 avellere.

1815 1353 2098 1411 parentum
2144 1344 2450 1397 accendens
2478 1344 2808 1398 desiderium
2840 1364 2853 1399 :
2891 1346 3182 1415 aliquando
3215 1357 3396 1400 autem

1814 1433 2151 1495 divitiarum,
2185 1433 2477 1504 gloriaeque
2508 1443 2563 1486 et
2600 1437 2785 1502 sponsi
2812 1435 3073 1488 memoria
3099 1436 3398 1488 conabatur

1813 1527 1933 1595 ejus
1973 1526 2220 1579 emollire
2261 1526 2508 1595 spiritus.
2566 1526 2833 1580 Praeterea
2880 1527 2927 1580 ei
2974 1526 3027 1579 in
3080 1526 3399 1579 memoriam

1816 1620 2103 1674 revocabat
2133 1620 2585 1674 consuetudinem
2617 1618 2965 1672 familiarium
2996 1627 3052 1671 et
3084 1618 3397 1687 aequalium.

1817 1712 1922 1765 Sed
1949 1728 2070 1765 cuni
2094 1713 2241 1765 omni
2275 1728 2339 1765 ex
2375 1724 2524 1780 parte
2551 1728 2670 1765 eam
2700 1712 3107 1781 aggrederetur.
3134 1722 3189 1765 et
3216 1712 3265 1764 ei
3292 1712 3398 1763 iiii-

1816 1806 2056 1858 mitteret
2086 1806 2464 1865 tentationein.
2493 1805 2875 1872 repellebatur.
2909 1802 3049 1869 Quid
3073 1818 3201 1873 ergo
3232 1801 3400 1856 facit?

156 1894 257 1955 Τοῖς
289 1896 498 1964 ἑτέρων
535 1894 749 1962 ὄμμασι
780 1896 1140 1964 κατεμέρισεν
1168 1896 1380 1960 ἑαυτὸν,
1403 1895 1497 1947 καὶ
1530 1895 1710 1963 βέλεσι

1818 1898 1885 1952 Se
1918 1898 2145 1952 aliorum
2179 1899 2351 1952 oculis
2396 1897 2672 1966 dispertiit
2696 1939 2710 1960 ,
2747 1907 2803 1951 et
2844 1912 2938 1950 eos
2980 1897 3244 1950 sauciarit
3276 1896 3398 1950 telis

156 1986 349 2047 τούτους
395 1986 496 2040 τοῦ
529 1988 759 2051 κάλλους
806 1988 975 2055 αὐτῆς
1036 1988 1496 2058 κατετίτρωσκεν.
1535 1990 1599 2040 Ol
1653 1988 1709 2041 δὲ

158 2080 344 2146 στέγειν
385 2082 463 2150 μὴ
503 2081 794 2150 δυνάμενοι
847 2084 908 2134 τὸ
957 2079 1207 2133 σύντονον
1260 2081 1358 2150 τῆς
1388 2080 1707 2150 ἐπιθυμίας,

155 2172 391 2239 κρύπτειν
437 2188 503 2223 τε
559 2172 619 2224 τδ
658 2171 831 2235 πάθος
894 2173 1099 2235 εἰδότες
1160 2174 1263 2225 οὐκ
1312 2174 1576 2241 ἀσφαλὲς,
1623 2194 1712 2229 πι-

156 2267 379 2317 στεύουσι
404 2264 470 2318 τὸ
512 2268 745 2335 πρᾶγμα
780 2264 857 2334 τῷ
896 2265 1221 2335 προεστῶτι,
1272 2268 1364 2320 καὶ
1400 2269 1493 2321 τὸν
1524 2270 1587 2323 ἐκ
1617 2270 1710 2323 τοῦ

156 2356 367 2427 πονηροῦ
413 2357 832 2427 προσϐάλλοντα
873 2358 1266 2429 θριαμϐεύουσι
1316 2360 1587 2430 πόλεμον
1620 2365 1712 2416 καλ⁸

158 2450 343 2515 γίνεται
381 2450 549 2502 τοῦτο
588 2452 775 2512 αὐτοῖς
822 2450 923 2517 μὶν
962 2452 1147 2515 ἄνεσις
1188 2453 1280 2505 τοῦ
1326 2455 1522 2516 κακοῦ,
1555 2458 1620 2526 τῇ
1655 2456 1712 2508 δι

157 2542 395 2610 κρείτ-των
443 2542 692 2605 ἐπίδοσις
729 2544 867 2613 πρὸς
897 2544 1099 2613 ἀρετῆς
1132 2545 1470 2615 τελειότητα.
1510 2548 1571 2601 '0
1604 2550 1712 2619 γὰρ

156 2634 238 2702 τῆς
267 2638 428 2704 μονῆς
470 2635 757 2705 προεστὼς
810 2638 993 2698 αὐτοῖς
1030 2640 1129 2707 μὲν
1162 2640 1475 2705 κατάλληλα
1528 2642 1711 2708 τίθησι

156 2730 209 2793 τῇ
240 2729 369 2796 νότῳ
398 2729 469 2779 τα
521 2729 811 2798 φάρμακα,
854 2732 919 2798 τῇ
953 2730 1009 2782 δὲ
1047 2733 1155 2783 τῶν
1190 2736 1576 2801 γεγενημένων
1602 2736 1718 2786 επι-

158 2821 373 2890 σταμένη
402 2822 585 2884 οὐδὲν,
609 2821 879 2890 Βούλομαι
903 2840 982 2888 σε,
1004 2825 1157 2893 φησὶ,
1188 2828 1376 2878 τέκνον
1404 2828 1715 2892 ἰδιαζόντως

156 2910 202 2961 ἐν
252 2928 350 2964 τινι
417 2912 624 2983 κελλίιρ
678 2913 908 2981 διάγειν,
950 2917 1007 2967 ὲν
1060 2911 1104 2981 ᾧ
1142 2917 1233 2969 τὸν
1278 2919 1715 2988 παραδεδομένον

158 3006 433 3057 σοικανόνα
458 3006 755 3074 τηροῦντα,
795 3009 933 3077 μήτε
964 3010 1116 3071 τινὰς
1144 3010 1262 3062 ἐκεῖ
1286 3012 1713 3081 παραδέχεσθαι,

160 3098 427 3165 μήθ’ὅλως
463 3100 697 3165 ἐξιέναι,
735 3103 829 3154 καί
884 3120 1026 3155 τισιν
1081 3104 1275 3156 ἑαυτὸν
1324 3106 1526 3159 διδόναι
1582 3109 1717 3178 πρὸς

155 3188 365 3254 ὁμιλίαν·
413 3191 586 3257 μόνος
634 3192 689 3243 δὲ
752 3194 889 3261 πρὸς
928 3194 995 3247 τὰ
1028 3193 1130 3262 τῆς
1182 3198 1373 3266 χρείας
1406 3198 1715 3269 διακονήσει

158 3297 224 3330 σοι
263 3283 290 3332 ό
328 3282 621 3349 ’Δγάπιος.
660 3281 801 3337 Eia;
825 3327 839 3348 ,
878 3287 969 3339 καὶ
1033 3287 1195 3351 εὐθὺς
1253 3291 1578 3357 προστάττει
1639 3293 1715 3364 τῷ

166 3375 386 3445 ’Ᾱγαπίῳ
413 3377 522 3445 τὴν
551 3376 780 3429 δέουσαν
828 3378 1168 3446 ἐπιμέλειαν,
1220 3380 1294 3451 μὴ
1324 3384 1382 3433 ἐν
1412 3386 1523 3444 τοῖς
1556 3402 1717 3437 πνευ-

159 3473 383 3532 ματικοῖς
422 3470 615 3537 μόνον,
650 3469 787 3521 ἀλλὰ
834 3472 929 3522 καὶ
979 3472 1037 3523 ἐν
1072 3473 1185 3533 τοῖς
1239 3478 1600 3541 σωματικοῖς,
1642 3478 1718 3539 ὡς

154 3555 248 3613 οἷόν
277 3581 333 3615 τε
389 3564 470 3632 τῷ
531 3564 838 3635 Σμαράγδῳ
867 3565 1159 3630 ποιεῖσθαι,
1195 3566 1272 3629 ὡς
1312 3568 1379 3620 ἂν
1412 3570 1485 3638 μὴ
1526 3572 1717 3638 ἑτέρου

155 3654 278 3717 τινὸς
298 3656 526 3727 ἐπιδεὴς
548 3656 779 3723 γένοιτο.
832 3658 1105 3726 Ἀσμένως
1130 3656 1223 3711 οὖν
1258 3662 1291 3729 ἡ
1322 3662 1591 3731 μακαρία,
1626 3665 1720 3715 καὶ

156 3746 216 3807 ὡς
245 3748 375 3816 αὐτῇ
433 3748 618 3814 φίλον,
646 3748 1030 3816 ἀπαλλαγεῖσα
1088 3750 1388 3820 ὀχλήσεων,
1442 3754 1535 3806 τὸν
1583 3756 1719 3824 πρὸς

156 3834 364 3901 Χριστὸν
416 3837 758 3899 ἐπλεόναζεν
781 3838 986 3907 ἔρωτα,
1028 3841 1119 3891 ἐπὶ
1150 3842 1333 3900 πόνοις
1371 3842 1469 3913 μὲν
1500 3845 1719 3909 πόνους,

156 3925 232 3975 ἰπὶ
258 3927 540 3993 νηστείαις
567 3926 627 3979 δὲ
684 3927 961 3997 νηστείαν,
1008 3930 1102 3981 καὶ
1156 3931 1249 3981 επὶ
1294 3933 1417 3993 ταῖς
1458 3934 1719 4003 πρότερον

156 4017 465 4084 ἀγρυπνίαις
516 4017 743 4070 πλείονα
806 4020 905 4087 τὴν
957 4019 1095 4089 πρὸς
1148 4020 1239 4072 τὸν
1293 4020 1460 4073 ὖπνον
1490 4022 1722 4091 ᾇμιλλαν

156 4111 453 4180 ποιουμένη,
480 4110 561 4172 ὡς
594 4110 805 4178 ὁρῶντα
856 4111 948 4162 τὸν
988 4111 1249 4176 Ἀγάπιον
1291 4112 1458 4164 αὐτόν
1503 4130 1560 4166 τε
1595 4114 1721 4166 Gau-

159 4201 347 4264 μὲςειν,
377 4204 475 4253 καὶ
502 4200 646 4267 δῆλα
672 4199 845 4254 ταῦτα
866 4201 1095 4264 καὶτοῖς
1116 4201 1298 4265 ἄλλοις
1328 4205 1525 4257 ποιεῖν.
1556 4205 1723 4259 Ἀλλὰ

156 4291 303 4344 ταῦτα
332 4294 436 4361 μὲν
472 4291 734 4361 ὕστερον.

212 4384 280 4439 9'.
318 4388 381 4438 Ἀ
418 4386 479 4438 δὲ
517 4386 775 4453 παρῆκεν
806 4386 834 4439 ό
858 4384 1034 4453 λόγος,
1064 4388 1143 4450 είς
1164 4388 1261 4459 τὴν
1287 4391 1467 4444 οίκῖαν
1497 4392 1724 4445 ἐπανελ-

1818 1992 1938 2059 ejus
1984 1990 2427 2059 pulchritudinis.
2480 1989 2555 2043 Illi
2602 1999 2781 2043 autem
2830 2004 2955 2043 cum
3004 2004 3114 2043 non
3179 1996 3402 2057 possent

1812 2083 2096 2135 continere
2168 2082 2550 2135 vehementem
2602 2080 2954 2149 cupiditatem
2993 2100 3005 2134 :
3040 2080 3243 2135 scirent
3303 2095 3404 2133 au.-

1815 2184 1922 2228 tem
1954 2190 2061 2228 non
2094 2188 2215 2227 esse
2250 2183 2421 2227 tutum
2451 2175 2627 2227 celare
2656 2174 2906 2225 morbum
2927 2214 2940 2231 .
2973 2188 3089 2225 rem
3134 2171 3401 2241 przefecto

1817 2268 2198 2336 aperiuntzet
2222 2267 2562 2335 triumphant
2607 2266 2673 2320 de
2726 2266 2907 2329 bello,
2981 2266 3125 2334 quod
3196 2264 3401 2317 illatum

1814 2359 1993 2413 fuerat
2043 2375 2074 2413 a
2139 2359 2395 2429 maligno.
2451 2358 2519 2411 Et
2574 2359 2677 2411 hoc
2728 2358 2786 2410 fit
2845 2358 2926 2411 eis
2988 2358 3208 2425 quidem
3273 2355 3399 2409 mali

1818 2452 2101 2515 remissio,
2180 2452 2255 2503 illi
2333 2458 2513 2503 autem
2589 2448 2765 2516 majus
2845 2449 3242 2503 incrementum
3335 2447 3403 2501 ad

1815 2544 2207 2614 perfectionem
2276 2541 2513 2597 virtutis.
2586 2541 2901 2595 Monasterii
2982 2541 3130 2595 enim
3212 2538 3404 2609 praefe-

1816 2646 1938 2687 ctus
1960 2636 2040 2687 eis
2068 2634 2449 2687 convenientia
2487 2634 2579 2687 dat
2631 2634 2803 2687 morbi
2850 2633 3246 2687 medicamenta
3278 2652 3289 2686 :
3328 2632 3400 2684 illi

1818 2744 1947 2781 veru
1987 2728 2122 2780 nihil
2195 2728 2387 2781 scienti
2450 2741 2674 2790 eorum,
2740 2741 2860 2795 qua:
2923 2726 3060 2779 facta
3132 2724 3399 2779 fuerant;

1818 2817 1952 2873 Volo
1988 2827 2061 2881 te,
2096 2819 2290 2887 inquit.
2328 2834 2572 2874 seorsum
2615 2820 2812 2889 degere
2856 2819 2908 2872 in
2945 2818 3078 2872 cella
3126 2816 3323 2885 aliqua.
3351 2816 3403 2869 in

1816 2926 1922 2979 qua
1979 2910 2231 2965 traditam
2279 2912 2373 2965 tibi
2427 2927 2653 2966 servans
2703 2910 2979 2979 regulam.
3036 2924 3213 2975 neque
3260 2908 3401 2960 ullus

1819 3003 1928 3057 illic
1977 3004 2267 3066 admittes,
2301 3018 2477 3072 neque
2524 3002 2747 3055 ornnino
2796 3001 2956 3071 egred
2984 3016 3101 3062 ens.
3139 3014 3316 3067 neque
3353 3007 3405 3051 te

1820 3097 1945 3151 ullis
1989 3098 2256 3166 praebebis
2286 3098 2351 3151 ad
2383 3097 2824 3163 colloquendum.
2864 3094 3023 3146 Solus
3055 3102 3258 3153 autem,
3284 3106 3406 3159 quae

1821 3189 1916 3242 tibi
1971 3196 2132 3242 erunt
2178 3188 2322 3247 usui.
2368 3186 2807 3241 subministrabit
2857 3186 3112 3253 Agapius.
3152 3182 3314 3242 Dixit.
3352 3190 3406 3235 ct

1821 3283 1999 3336 statim
2034 3282 2272 3350 praecipit
2296 3282 2517 3350 Agapin.
2548 3279 2924 3347 ntSniaragdi,
2969 3293 3129 3345 quam
3166 3284 3401 3344 oportet.

1821 3389 2005 3427 curam
2037 3383 2205 3442 gerat,
2232 3389 2339 3426 non
2365 3376 2537 3426 solum
2571 3373 2623 3425 in
2644 3372 3001 3439 spiritalibus.
3025 3370 3119 3423 sed
3148 3370 3311 3422 etiam
3349 3368 3405 3420 in

1820 3467 1887 3519 iis
1932 3483 2052 3535 quae
2102 3468 2167 3519 ad
2230 3482 2427 3534 corpus
2493 3465 2788 3534 pertinent,
2856 3463 3032 3532 quoad
3127 3462 3246 3530 ejus
3290 3460 3404 3516 fieri

1822 3560 2047 3627 poterit,
2100 3568 2158 3612 ut
2205 3559 2354 3611 nulla
2415 3572 2472 3611 re
2532 3556 2839 3611 necessaria
2899 3555 3151 3625 indigeat.
3222 3554 3405 3621 Itaque

1823 3650 1982 3703 beata
2027 3650 2135 3709 illa.
2169 3660 2228 3704 ut
2254 3650 2301 3703 ei
2350 3658 2461 3703 erat
2505 3658 2735 3719 gratum,
2789 3647 3016 3700 liberata
3062 3661 3091 3699 a
3120 3643 3403 3705 molestiis.

1822 3746 1875 3797 in
1960 3743 2236 3796 Christum
2307 3744 2477 3812 magis
2552 3742 2701 3796 auxit
2782 3755 3067 3803 amorem,
3131 3736 3406 3790 laboribus

1822 3836 2040 3903 quidem
2091 3837 2297 3888 addens
2347 3836 2598 3895 labores.
2651 3834 2873 3903 jejuniis
2905 3842 3084 3885 autem
3110 3829 3403 3899 jejunium,

1822 3936 1877 3979 et
1932 3927 2204 3994 prioribus
2240 3926 2436 3995 vigiliis
2478 3926 2781 3995 adjungens
2832 3926 3097 3993 majorem
3145 3922 3406 3975 adversus

1823 4033 2075 4071 somnum
2125 4019 2575 4080 decertationem,
2632 4019 2766 4071 adeo
2820 4027 2879 4070 ut
2944 4025 3000 4069 et
3059 4016 3173 4082 ipsc
3211 4014 3402 4065 videns

1821 4112 2112 4163 miraretur
2139 4111 2392 4178 Agapius,
2422 4121 2476 4163 et
2504 4111 2616 4164 haec
2639 4110 2759 4164 aliis
2801 4107 3087 4161 manifesta
3119 4106 3398 4160 redderet.

1822 4199 1928 4255 Sed
1966 4201 2080 4255 haec
2108 4202 2326 4270 quidem
2359 4212 2571 4270 postea.

1896 4396 1987 4451 IX.
2014 4395 2145 4462 Qua!
2174 4405 2356 4449 autem
2402 4393 2851 4463 printermisimus
2894 4391 3097 4455 dicere,
3129 4404 3276 4443 nunc
3309 4404 3398 4442 re-

155 4476 246 4529 θὼν
300 4481 410 4532 ἀπὸ
452 4480 561 4547 τῆς
619 4480 791 4549 μονῆς
846 4480 876 4531 ό
922 4480 1127 4551 πατὴρ,
1170 4484 1265 4535 καὶ
1320 4482 1420 4554 τὴν
1461 4485 1717 4555 φιλτάτην

1827 4504 2165 4544 censeamus.
2236 4487 2371 4542 Cum
2428 4487 2548 4555 ejus
2619 4496 2773 4556 pater
2822 4486 3041 4539 tandem
3107 4483 3253 4537 domi
3295 4498 3401 4535 non

155 4573 295 4624 παῖδα
346 4573 424 4643 μὴ
472 4573 756 4642 εὑρηκὼς,
798 4573 991 4643 πρῶτα
1046 4574 1145 4643 μὲν
1180 4553 1384 4638 παῖδας
1403 4576 1499 4629 καὶ
1530 4553 1717 4631 παιδί-

1827 4582 2015 4635 adesse
2075 4578 2451 4633 charissimam
2504 4577 2667 4630 filiam
2722 4576 3110 4645 cognovisset,
3164 4573 3402 4641 primum

156 4677 271 4725 σκας
315 4662 851 4733 παραστησάμενος,
892 4662 1227 4718 ιπυνθάνετο
1280 4665 1398 4729 πῶς
1442 4667 1602 4719 τοῦτο
1626 4669 1720 4734 γέ-

156 4768 291 4816 γονε,
345 4754 444 4807 καὶ
504 4754 652 4823 πρὸς
692 4753 815 4805 τίνα
866 4753 1159 4823 πορευθείη
1206 4752 1317 4807 τῶν
1374 4757 1719 4828 συγγενῶνῆ

157 4846 378 4915 συνήθων
407 4850 442 4911 ἡ
473 4844 730 4913 θυγάτηρ
765 4844 971 4913 ἠρώτα.
1029 4844 1117 4908 Ὦς
1151 4846 1207 4899 δὲ
1258 4840 1404 4900 οὗτοι
1441 4847 1539 4918 μιν
1585 4848 1719 4918 εφη-

157 4952 255 4998 σαν,
289 4938 537 5005 ἑσπέρας
579 4936 722 4986 κατᾶ
765 4934 825 4985 τὸ
854 4933 1085 5002 σύνηθες
1111 4934 1209 4997 τὰς
1241 4934 1337 4987 τοῦ
1368 4936 1719 4990 κοινωνίσκου

156 5031 425 5080 κλείσασαν
454 5028 521 5080 65
534 5043 642 5097 ρας
671 5026 997 5093 ἁφυπνῶσαι
1038 5030 1106 5097 τῇ
1146 5026 1322 5100 κλίνῃ,
1354 5028 1522 5080 ἔωθεν
1550 5028 1605 5081 δὲ
1646 5030 1719 5097 μὴ

155 5122 427 5189 πρῶύσης
465 5119 651 5187 αὐτῆς
684 5119 945 5171 εἰσελθεῖν
974 5121 1069 5172 καὶ
1094 5120 1259 5190 κενὴν
1292 5122 1463 5191 αὐτῆς
1499 5123 1593 5175 καλ⁵
1622 5126 1720 5192 τὴν

154 5216 319 5281 κλίνην
356 5216 453 5265 καὶ
501 5198 611 5281 τῆν
653 5212 830 5263 οἰκίαν
858 5211 1055 5281 εὑρεῖν·
1102 5214 1253 5282 παρὰ
1291 5214 1382 5265 τὸν
1431 5214 1719 5284 μνηστῆρα

155 5306 380 5360 unam
400 5307 623 5373 ταύτην
654 5301 813 5371 ᾤετο.
841 5304 937 5356 καὶ⁵
962 5304 1205 5374 πέμψας,
1247 5305 1296 5356 εἰ
1325 5305 1463 5373 πρὸς
1487 5306 1649 5358 αὑτὸν
1683 5309 1714 5377 ὴ

157 5398 455 5470 Εὖτρροαύνη
524 5398 916 5466 παραγέγονεν
974 5395 1322 5451 επυνθάνετο.
1393 5397 1479 5461 Ὠς
1520 5397 1576 5450 δὲ
1624 5399 1719 5450 καὶ

156 5494 291 5556 αἰπὺς
335 5497 363 5547 ὁ
405 5493 673 5563 μνηστὴρ
717 5491 871 5543 οὐδὲν
909 5490 1019 5543 τῶν
1051 5489 1479 5559 συμϐεϐηκότων
1507 5489 1715 5560 μαθὼν,

153 5584 217 5651 τῷ
258 5584 506 5655 αἰφνιδίῳ
561 5582 668 5650 τῆς
707 5581 967 5649 ἀγγελίας
1014 5582 1263 5653 ταραχῆς
1314 5585 1409 5635 καὶ
1481 5581 1714 5653 θορύϐου

161 5677 412 5745 πληαθεὶς,
454 5676 606 5745 πρὸς
656 5674 820 5727 αὑτὸν
856 5674 1253 5744 παραγέγονεν·
1297 5668 1423 5746 εὗρε
1455 5675 1545 5727 τὸν
1604 5676 1717 5729 Ila-

156 5770 377 5836 φ’)’ὐτιον
404 5770 514 5823 ῠπδ
554 5766 672 5821 τῶν
692 5767 973 5836 πατρικῶν
994 5768 1316 5838 σπλάγχνων
1341 5770 1714 5839 νενικημένον,

157 5862 374 5917 τίλλοντά
412 5878 472 5917 τε
506 5859 576 5915 τὸ
608 5859 836 5929 γένειον,
862 5862 954 5915 καὶ
998 5864 1104 5925 τοῖς
1143 5860 1289 5927 δννξι
1336 5862 1431 5932 τὴν
1481 5860 1715 5932 παρειὰν

1825 4671 2040 4739 quidem
2088 4671 2335 4725 adductis
2380 4668 2598 4724 famulis
2636 4676 2691 4722 et
2731 4668 2963 4728 ancillis,
3003 4665 3220 4735 rogabat
3267 4663 3398 4733 quid

1825 4765 1928 4818 huc
1955 4772 2121 4828 esset,
2152 4772 2206 4817 et
2233 4764 2629 4822 sciscitabatur,
2664 4763 2729 4815 ad
2774 4776 2937 4830 quem
2963 4774 3081 4812 eam
3113 4774 3180 4812 ex
3202 4772 3404 4826 cogna-

1824 4852 1891 4905 tis
1914 4860 2008 4905 aut
2057 4850 2409 4903 familiaribus
2461 4848 2702 4918 profecta
2750 4857 2895 4901 esset
2936 4847 3063 4901 lilia.
3109 4844 3249 4900 Cum
3304 4859 3402 4896 au-

1825 4952 1931 4997 tem
1965 4944 1999 4997 ii
2030 4944 2245 5012 quidem
2278 4943 2541 4996 dixissent
2565 4957 2685 4995 eam
2717 4955 2959 5009 vespere.
3003 4947 3311 5008 postquam,
3341 4945 3401 4989 ut

1822 5039 2197 5092 consueverat,
2223 5032 2422 5084 ostium
2447 5031 2730 5085 clausisset
2758 5029 3019 5088 cubiculi.
3043 5029 3095 5081 in
3124 5030 3262 5080 lecto
3275 5026 3403 5080 dor-

1822 5122 2005 5175 miisse
2036 5137 2231 5186 ;mane
2261 5132 2463 5183 autem,
2496 5138 2559 5174 ea
2595 5138 2703 5175 non
2747 5119 3100 5190 procedente,
3138 5132 3233 5171 eos
3274 5132 3399 5171 esse

1822 5214 2130 5283 ingressos.
2166 5224 2220 5268 et
2272 5215 2543 5267 invenisse
2578 5229 2805 5267 vacuum
2838 5216 2956 5281 ejus
2990 5214 3187 5265 lectum
3219 5220 3273 5263 et
3302 5210 3399 5263 du-

1821 5323 1992 5369 mum.
2044 5308 2408 5362 arbitrabatur
2436 5322 2558 5361 eam
2590 5308 2791 5362 abiisse
2819 5308 2885 5361 ad
2912 5321 3171 5376 sponsum
3198 5321 3213 5358 :
3250 5310 3301 5358 et
3329 5303 3395 5357 ad

1821 5416 1944 5454 eum
1987 5402 2227 5464 mittens,
2274 5400 2509 5471 rogavit,
2557 5416 2625 5454 an
2677 5401 2741 5454 ad
2787 5402 2963 5469 ipsum
3004 5398 3244 5453 venisset
3292 5395 3400 5449 Eu-

1822 5494 2112 5563 phrosyne.
2150 5494 2436 5563 Postquam
2485 5503 2665 5547 autem
2712 5495 2828 5563 ipse
2876 5506 3092 5562 quoque
3137 5502 3397 5559 sponsus.

1820 5586 1911 5654 qui
1940 5585 2070 5638 nihil
2103 5594 2383 5653 acceperat
2413 5600 2600 5639 eorum
2652 5600 2773 5653 quae.
2800 5584 3111 5638 acciderant
3134 5618 3150 5644 ,
3199 5593 3401 5649 repen-

1823 5675 1936 5729 tino
1981 5676 2174 5729 nuntio
2225 5676 2576 5745 perturbatus
2625 5676 2691 5729 ad
2741 5691 2866 5729 eum
2891 5674 3140 5735 accessit.
3186 5670 3396 5726 invenit

1824 5768 2186 5838 l’aplinutium
2215 5769 2414 5822 victum
2449 5784 2477 5821 a
2518 5768 2760 5837 paternis
2790 5766 3108 5829 visceribus,
3140 5763 3393 5819 barbam-

1821 5879 1924 5934 que
1972 5862 2298 5927 vcllcutcm,
2342 5871 2394 5917 et
2431 5877 2594 5935 genas
2641 5862 2963 5918 lacerantem
3001 5860 3269 5932 unguibus
3292 5898 3306 5927 ,
3338 5864 3394 5914 ct
