4162 6474
722 411 829 476 315

1937 402 2220 461 MENSIS
2262 397 2736 460 JANUAIUUS.

3876 386 3988 455 316

725 521 1102 579 miserabiliter
1129 518 1397 572 dicentem
1422 535 1433 569 :
1462 515 1581 581 Quo
1613 513 1851 584 proiecta
1886 528 1967 576 es,
2007 512 2112 564 ﬁlia
2137 513 2159 562 ?
2189 511 2296 564 (Zur
2323 515 2350 568 Δ

2453 505 2819 569 ιταξαίνοντα·
2865 503 2980 562 καὶ,
3023 504 3120 555 Ποῖ
3147 500 3742 570 πεπόρευσαι,-τέκνον
3771 513 3785 559 ;
3816 495 3995 546 ἐλεει-

729 635 811 671 mc
843 628 990 670 tuum
1027 621 1339 682 parentem,
1371 609 1642 678 lugentem
1673 616 1726 660 et
1761 607 1964 659 tristem
2001 602 2300 672 reliquisti?

731 712 842 762 Non
875 720 924 762 te
955 708 1018 760 ad
1051 708 1190 759 hanc
1232 719 1381 773 Spem
1413 703 1642 760 aiebam.
1691 701 1782 755 sed
1827 711 1885 754 ut
1922 700 2174 753 haberem
2209 698 2302 750 ba-

729 801 908 855 culum
966 797 1304 856 seuectutis,
1350 805 1404 848 et
1440 792 1689 846 solatium
1746 790 2148 845 imbecillitatis.
2204 787 2299 841 llei

734 895 886 955 mihi,
907 893 1034 951 (ilia.
1061 904 1169 956 quo
1195 888 1352 942 modo
1377 887 1544 940 feram
1573 885 1645 938 tui
1672 883 1994 937 orbitatem?
2020 881 2304 948 Quomodo

736 987 911 1055 patiar
935 979 1305 1041 solitudinem,
1328 991 1451 1029 cum
1482 976 1534 1028 in
1561 985 1610 1029 te
1642 977 1752 1029 sola
1777 987 1930 1043 spem
1956 971 2306 1026 defixissem?

737 1078 855 1130 Non
905 1083 988 1128 est
1050 1071 1181 1126 mihi
1231 1069 1464 1137 amplius
1524 1068 1664 1120 ullus
1707 1066 1884 1127 (ilius,
1947 1072 2000 1117 ιιι
2057 1061 2127 1117 ad
2178 1077 2302 1116 eum

737 1168 1015 1237 aSpit-iam,
1041 1174 1094 1218 et
1116 1179 1277 1233 quem
1318 1171 1535 1229 pmpter
1581 1171 1631 1212 te
1678 1158 1832 1226 capio
1859 1198 1872 1219 ,
1913 1157 2114 1210 doloris
2143 1171 2207 1208 ex
2243 1172 2308 1208 eo

740 1263 1007 1318 inveniam
1075 1259 1344 1314 solatium.
1414 1253 1774 1307 Nghilominus
1836 1251 2089 1312 dolebat,
2148 1263 2310 1317 quam

740 1366 912 1425 pater,
954 1367 1205 1422 sponsus,
1237 1361 1289 1403 et
1319 1348 1680 1402 contendebat
1718 1361 1840 1400 cum
1875 1344 2016 1397 illius
2046 1341 2312 1394 lamenta-

745 1453 1002 1508 tionibus.
1035 1456 1227 1516 praeter
1271 1459 1420 1512 spem
1455 1442 1545 1494 tai
1591 1443 1733 1494 bono
1767 1439 2070 1492 frustratus.
2106 1436 2315 1489 Consu-

746 1549 887 1602 lebat
916 1557 1116 1604 tamen,
1145 1550 1203 1594 ut
1229 1540 1517 1592 viriliorem
1545 1536 1882 1602 susciperent
1911 1531 2312 1600 cogitationem,

745 1650 799 1694 et
838 1637 1018 1692 missis
1069 1631 1561 1689 lamentationibus,
1607 1633 1888 1694 surgerent
1921 1624 1985 1675 ad
2018 1638 2136 1675 eam
2168 1637 2319 1689 qua:-

747 1731 994 1786 rendam.
1057 1725 1275 1778 Mittunt
1319 1735 1446 1790 ergo
1500 1733 1660 1786 quam
1711 1717 1948 1784 primum
2000 1715 2052 1768 in
2097 1727 2317 1768 omnem

749 1830 977 1892 partem,
1019 1816 1111 1888 qui
1157 1814 1300 1867 illam
1344 1818 1720 1866 scrutarentur
1757 1826 1769 1860 :
1803 1816 1853 1860 et
1902 1806 2322 1874 proﬁciscuntur

750 1915 959 1980 equites
991 1910 1043 1962 in
1079 1907 1322 1977 Libyam.
1365 1912 1418 1956 et
1465 1901 1784 1970 Egyptmn,
1835 1907 1890 1952 et
1933 1898 2102 1965 ipsam
2149 1896 2320 1948 Palas-

751 2005 968 2059 stinam.
996 2001 1169 2053 Porta:
1189 2003 1638 2066 praeoccupantur
1661 1991 1961 2049 civitatum,
1990 1996 2326 2055 occupantur

753 2104 960 2163 portus,
1000 2091 1118 2147 vite.
1154 2089 1331 2148 trivia,
1367 2086 1482 2139 etsi
1518 2083 1645 2152 quid
1672 2090 1808 2142 erat,
1839 2079 1982 2148 quod
2020 2078 2236 2139 latebat,
2273 2086 2328 2130 et

755 2194 964 2256 poterat
993 2183 1189 2238 celare.
1230 2180 1335 2235 Sed
1384 2177 1474 2233 Dei
1512 2193 1668 2246 agna,
1703 2190 1825 2243 qnze
1852 2173 1919 2226 ab
1962 2173 2080 2241 ipso
2108 2171 2322 2224 celaba—

760 2286 867 2338 tur,
917 2290 1023 2328 non
1076 2279 1283 2343 poterat
1334 2269 1448 2335 capi
1490 2269 1557 2321 ab
1600 2267 1664 2318 iis
1713 2265 1802 2334 qui
1853 2279 1969 2316 eam
2035 2262 2328 2331 cupiebant

759 2382 970 2437 capere.
1006 2363 1286 2430 Quomodo
1323 2361 1492 2421 enim,
1527 2374 1651 2414 eum
1684 2357 1771 2410 ille
1807 2355 2018 2409 nollet?

834 2539 902 2594 Χ.
935 2536 1096 2593 Omni
1129 2552 1256 2606 ergo
1279 2552 1342 2590 ex
1378 2542 1533 2603 parte
1578 2531 1775 2584 dubius
1799 2538 1917 2582 erat
1962 2537 2016 2581 et
2044 2529 2335 2596 pcrplexus

771 2631 1108 2702 Paphnutius
1134 2671 1147 2692 ,
1179 2645 1288 2682 non
1332 2629 1536 2680 habens
1563 2667 1576 2687 ,
1622 2623 1712 2692 qui
1747 2637 1871 2675 eum
1915 2621 2288 2673 consolaretur
2320 2633 2334 2670 :

778 2740 900 2778 nam
936 2732 988 2776 et
1029 2723 1222 2776 domus
1264 2715 1740 2772 lamentationibus
1787 2714 1943 2784 plena
1986 2721 2102 2766 erat
2145 2721 2200 2764 et
2243 2709 2340 2764 lle-

773 2818 938 2876 tibus.
975 2827 1029 2869 et
1063 2812 1323 2883 quidquid
1351 2811 1398 2864 ei
1426 2807 1742 2863 occurrebat
1771 2804 2147 2876 spectandum,
2176 2803 2342 2856 duce-

773 2909 864 2962 bat
905 2909 969 2961 ad
1019 2907 1276 2974 majorem
1328 2902 1451 2957 mali
1499 2898 1978 2955 reminiscentiam.
2029 2896 2156 2949 Sive
2199 2895 2342 2948 enim

777 3002 944 3055 vestis
989 3002 1128 3068 ejus,
1167 3013 1262 3052 seu
1307 3003 1686 3050 ornamentum
1731 2990 1967 3060 aliquod,
2003 2998 2096 3041 aut
2145 2986 2346 3054 aliquid

779 3092 919 3144 z'liuti
953 3091 1088 3144 forte
1131 3089 1405 3142 videretur
1462 3099 1734 3154 presens.
1771 3082 1821 3136 id
1863 3091 1979 3135 erat
2005 3078 2218 3134 occasio
2255 3077 2348 3132 ile-

2406 597 2510 658 νῶς
2542 578 2862 660 ἐπιλέγοντα
2888 609 2902 624 ο
2927 594 2980 644 τί
3010 608 3077 661 με
3109 592 3197 643 τὸν
3223 592 3314 643 σὺν
3351 591 3572 643 πενθεῖν
3606 588 3698 640 καὶ
3736 585 3992 655 σκυθρω-

2408 687 2600 750 πάζειν
2632 691 2928 754 γεννητορα
2960 684 3396 745 καταλέλοιπαςς
3435 683 3536 734 οὐκ
3581 681 3674 732 ἐπὶ
3709 679 3994 737 τοιαύταις

2407 780 2618 828 ἐλπίσιν
2656 777 2976 844 ἀνέτρεφον,
3006 775 3119 827 ἀλλ’
3164 772 3306 825 ὥστε
3343 771 3648 842 βακτηρίαν
3676 769 3768 822 τοῦ
3802 770 3994 836 γήρως

2408 869 2573 938 ἔχειν,
2605 870 2696 921 καὶ
2725 869 2820 936 τῆς
2849 868 3133 930 ἀσθενείας
3196 865 3566 935 παράκλησιν.
3623 863 3692 916 Οξ
3724 881 3812 930 μοι
3847 862 3861 915 ι
3904 861 3996 912 τέ-

2411 978 2534 1014 κνον
2559 959 2710 1029 ἐμὸν,
2742 960 2857 1022 πῶς
2885 960 2983 1028 τὴν
3018 958 3117 1027 σὴν
3148 958 3284 1010 οῐσω
3313 959 3567 1026 στέρησιν
3592 972 3607 1020 ;
3636 955 3752 1016 πῶς
3784 953 3999 1017 ἐνέγκω

2414 1055 2512 1122 τὴν
2570 1052 2840 1120 μόνωσιν;
2873 1051 2966 1104 ἐπὶ
3022 1052 3104 1104 σοὶ
3155 1052 3293 1124 μόνῃ
3322 1052 3418 1112 τὰς
3463 1049 3688 1110 ἐλπίδας
3727 1046 3997 1102 σαλεύων

2411 1145 2512 1196 οὐκ
2541 1142 2656 1194 ἔστι
2688 1158 2782 1210 μοι
2808 1141 3000 1192 τέκνον
3040 1140 3229 1208 ἓτερον
3251 1139 3324 1200 ώς
3363 1138 3446 1190 ἐπ’
3478 1135 3628 1203 αὐτῷ
3653 1133 3866 1202 βλέψαι,
3904 1131 4002 1182 καὶ

2413 1239 2510 1307 τῆς
2557 1239 2646 1290 ἐπὶ
2683 1239 2766 1289 σοὶ
2793 1235 3285 1304 λύπης-ἀναψυχὴν
3314 1233 3586 1300 ἐφευρεῖν.
3635 1227 3692 1280 '0
3745 1225 4003 1293 uvqat’rp

2415 1335 2470 1386 δὲ
2501 1332 2597 1385 κα)⁸
2621 1331 2782 1392 αὐτὸς
2802 1329 2953 1382 οὐδὲν
2981 1323 3143 1399 ἦττον
3171 1326 3264 1378 τοῦ
3292 1326 3496 1392 πατρὸς
3526 1322 3704 1389 ἤλγει.
3735 1319 3830 1372 καὶ
3863 1318 4007 1386 πρὸς

2416 1427 2541 1486 τοὺς
2562 1422 2771 1475 ἐκείνου
2797 1421 3027 1490 θρήνους
3066 1417 3451 1488 ἁμιλλώμενος
3476 1411 3566 1484 ἦν,
3593 1412 3838 1464 τοιούτου
3860 1427 4011 1477 παρ-

2420 1519 2610 1571 ελπίδα
2645 1513 2903 1585 ψευσθεὶς
2933 1511 3164 1580 ἀγαθοῦ.
3217 1509 3580 1562 Συνεϐούλευε
3622 1506 3680 1558 δέ
3722 1506 3870 1573 ὅμως
3910 1505 4010 1553 ἀν-

2419 1608 2750 1679 δρικώτερόν
2783 1623 2836 1658 τι
2867 1606 3156 1672 φρονῆσαι,
3192 1601 3416 1655 καὶτῶν
3449 1599 3663 1667 θρήνων
3693 1594 4012 1662 ἀφεμένους

2422 1701 2514 1752 ἐπὶ
2565 1699 2665 1766 τὴν
2726 1696 2942 1763 ἐκείνης
3003 1693 3356 1760 διαναστῆναι
3410 1688 3662 1758 ζήτησιν.
3720 1687 4015 1754 Πέμπουσι

2422 1787 2515 1844 οὖν
2557 1792 2619 1842 τὸ
2664 1788 2826 1855 τάχος
2870 1785 3164 1852 ἅπανταχῆ
3213 1783 3338 1845 τοὺς
3372 1781 3574 1847 ταύτην
3615 1778 4018 1846 ἀνερευνήσον-

2426 1900 2546 1945 τας,
2604 1881 2698 1932 καὶ
2751 1879 2936 1932 ἱππεῖς
2994 1877 3303 1929 στέλλονται
3354 1875 3496 1926 κατά
3545 1889 3601 1923 τε
3661 1869 3868 1935 Λιϐύην
3919 1868 4020 1918 καὶ

2432 1973 2707 2038 Αἴγυπτον
2745 1968 2840 2020 καὶ
2891 1967 3254 2035 Παλαιστίνην
3291 1964 3485 2030 αὐτὴν·
3548 1955 4021 2028 προκαταλαμϐα-

2426 2081 2607 2118 νονται
2640 2062 2892 2130 λιμένες,
2929 2058 3096 2112 πύλαι
3128 2058 3364 2111 πόλεων·
3389 2051 4022 2125 προκαταλαμϐάνονται

2429 2159 2574 2216 ὁδοὶ,
2627 2154 2889 2222 ἄμφοδοι,
2927 2151 3282 2220 μοναστήρια,
3316 2149 3411 2200 καὶ
3468 2147 3521 2198 εῐ
3546 2163 3599 2197 τι
3631 2143 3889 2197 λανθάνον
3929 2137 4023 2210 ἦν,

2433 2258 2526 2302 καὶ
2595 2248 2859 2318 κρύπτειν
2897 2244 3214 2312 δυνάμενον.
3258 2239 3462 2308 Ἀλλ’ὴ
3515 2238 3608 2290 τοῦ
3656 2235 3790 2288 Θεοῦ
3843 2233 4030 2302 ἀμνὰς

2436 2345 2529 2397 ὑπ’
2587 2340 2756 2394 αὑτοῦ
2791 2338 3148 2408 κρυπτομένη
3198 2337 3309 2396 τοῖς
3339 2332 3523 2386 λαϐεῖν
3574 2329 3829 2399 ζητοίσιν
3889 2327 4031 2393 ἄλη-

2435 2452 2568 2498 πτος
2618 2430 2706 2503 ἦν’
2741 2431 2858 2493 πῶς
2889 2432 3024 2500 γὰρ,
3069 2429 3276 2482 ἐκείνου
3335 2428 3409 2498 μὴ
3455 2425 3815 2494 βουλομένους

2509 2528 2562 2582 ι’.
2595 2525 2868 2582 Πάντοθεν
2898 2519 2993 2576 οὖν
3049 2520 3423 2591 ἀπορούμενος
3472 2521 3500 2572 ὁ
3536 2516 3895 2584 Παφνούτιος,
3935 2514 4037 2566 καὶ

2439 2624 2514 2694 μὴ
2549 2623 2689 2691 ἔχων
2748 2620 2839 2671 τὸν
2897 2615 3433 2685 παραμυθησόμενον
3460 2629 3474 2642 ·
3541 2612 3576 2678 ἠ
3619 2627 3695 2674 τε,
3738 2608 3843 2676 γάρ
3879 2607 4039 2658 οἰκία

2443 2715 2659 2784 θρήνων
2689 2712 2786 2763 καὶ
2815 2707 3070 2778 ὀδυρμῶν
3100 2704 3454 2774 πεπλήρωτο,
3487 2703 3582 2755 καὶ
3626 2703 3732 2752 πᾶν
3763 2698 3823 2750 τὸ
3858 2713 4040 2766 προσ-

2443 2807 2648 2860 πίπτον
2683 2804 2763 2866 είς
2792 2803 2922 2855 θέαν
2956 2799 3087 2868 πρὸς
3121 2797 3345 2851 πλείονα
3369 2795 3464 2848 τοῦ
3491 2793 3693 2852 πάθους
3725 2791 4041 2862 ἀνάμνησιν

2440 2897 2598 2973 ἦγεν.
2633 2899 2756 2951 Εἴτε
2797 2895 2866 2948 τὰ
2919 2894 3114 2960 ἱμάτια
3168 2889 3380 2958 ἐκείνης
3405 2928 3421 2952 ,
3457 2887 3564 2939 εἴτε
3605 2902 3656 2937 τι
3699 2883 3951 2952 κόσμιον,
4004 2882 4038 2949 ἢ

2444 2992 2633 3061 ἕτερόν
2666 3007 2719 3042 τι
2751 2987 2894 3042 κατὰ
2920 2985 3098 3054 τύχην
3131 2982 3351 3052 σὼράθη
3383 2979 3583 3049 παρὸν,⁴
3622 2975 3845 3046 ἀφορμὴ
3876 2973 4045 3025 τοῦτο

2449 3082 2519 3156 ἦν
2572 3081 2848 3154 ὀδυρμῶν·
2883 3081 2980 3133 καὶ
3037 3078 3281 3146 ὄμμασιν
3344 3076 3527 3126 ἐκεῖνα
3575 3068 3902 3137 περιτιθεὶς,
3946 3067 4050 3117 καὶ

780 3187 959 3241 tuum,
1007 3186 1059 3230 et
1094 3176 1222 3230 illud
1270 3177 1554 3243 imponens
1587 3171 1779 3236 oculis,
1835 3181 1888 3224 et
1943 3186 2063 3223 cum
2117 3169 2350 3224 maximo

2457 3177 2812 3231 ποθεινότατα
2859 3171 3247 3241 περιστρέφων
3301 3166 3640 3232 καταϐροχον
3697 3160 3867 3212 ἐποίει
3935 3159 4052 3220 τοῖς

783 3283 1005 3321 versans
1043 3267 1329 3328 desiderio,
1386 3265 1730 3317 hnmectabat
1793 3261 2061 3331 laerymis.
2121 3259 2350 3314 Muerore

783 3375 912 3426 trgo
939 3359 1087 3411 omni
1119 3373 1184 3411 ex
1217 3368 1367 3426 parte
1408 3359 1702 3424 appetitus,
1737 3362 1791 3407 et
1820 3370 1925 3408 non
1970 3353 2153 3407 valens
2184 3352 2354 3405 medi-

783 3459 1092 3503 camentum
1144 3449 1388 3502 invenire
1443 3450 1507 3501 ad
1571 3447 1863 3510 solatium,
1927 3446 2113 3500 statuit
2170 3459 2358 3497 rursus

788 3539 974 3593 venire
1001 3541 1064 3593 ad
1095 3555 1347 3610 magnum
1379 3539 1526 3592 illum
1567 3554 1786 3602 senem,
1824 3554 1920 3607 per
1967 3552 2128 3606 quem
2167 3536 2359 3606 dignus

790 3643 907 3686 erat
938 3623 1152 3686 habitus
1178 3633 1353 3686 vocari
1380 3632 1498 3701 ejus
1527 3643 1697 3701 pater.
1731 3641 1785 3685 et
1819 3645 2038 3684 narrare
2062 3632 2203 3697 quod
2238 3643 2362 3681 eve-

794 3733 962 3775 nerat.
1012 3723 1101 3775 Sic
1135 3723 1278 3776 enim
1312 3723 1605 3784 statuebat,
1635 3720 1775 3789 quod
1803 3719 1892 3788 qui
1925 3735 2066 3783 eam,
2098 3734 2217 3787 qua:
2254 3732 2363 3770 non

793 3823 928 3874 erat,
961 3824 1209 3883 potuerat
1234 3815 1345 3867 suis
1375 3815 1616 3882 praebere
1648 3812 1919 3880 precibus,
1959 3811 2003 3863 is
2033 3827 2153 3863 eam
2194 3811 2357 3863 laten-

797 3914 901 3959 tem
939 3907 1135 3976 poterit
1183 3905 1410 3959 reddere
1457 3903 1821 3957 manifestam.
1870 3901 2028 3955 Venit
2071 3901 2250 3969 itaque
2298 3899 2366 3953 ad

795 4013 959 4061 eum,
1011 4005 1066 4050 et
1107 3997 1172 4048 ad
1215 3996 1358 4048 illius
1397 3995 1560 4063 pedes
1615 3993 1902 4061 procidens
1938 4010 1949 4044 :
1988 3990 2084 4045 llei
2137 3991 2291 4046 mihi.
2338 4005 2369 4043 0

799 4088 982 4150 l’ater,
1019 4087 1274 4140 clamavit
1309 4101 1321 4137 :
1363 4085 1571 4154 perdidi
1616 4084 1856 4136 fructum
1906 4093 2118 4135 tuarum
2172 4083 2371 4134 oratio-

800 4196 952 4242 num,
1005 4189 1059 4232 ct
1111 4194 1228 4232 smn
1280 4178 1445 4231 orbus
1492 4176 1690 4236 liberis,
1743 4174 1834 4243 qui
1873 4190 1968 4243 per
2006 4184 2057 4227 te
2088 4173 2370 4242 pulchram

805 4270 1066 4324 habebam
1103 4270 1330 4338 prolem.
1368 4268 1571 4320 Invidia
1619 4268 1848 4333 alicujus
1895 4265 2159 4318 daemonis
2214 4266 2376 4334 periit

806 4361 1158 4429 Euphrosyue
1180 4359 1373 4411 domus
1389 4372 1519 4410 mete
1550 4357 1762 4409 laetitia:
1794 4355 1954 4425 periit
1984 4363 2176 4422 praeter
2199 4368 2371 4422 spem,

808 4451 957 4505 nuilo
989 4452 1194 4504 sciente
1238 4465 1301 4503 ex
1345 4449 1685 4512 domesticis,
1739 4448 1824 4500 ubi
1873 4447 1962 4509 sit,
2010 4447 2092 4500 vel
2138 4461 2374 4514 quonam

809 4545 874 4598 sit
924 4543 1186 4614 profecta.
1238 4541 1313 4595 Te
1344 4557 1472 4611 ergo
1520 4541 1649 4595 mihi
1703 4540 1978 4609 paululum
2028 4541 2287 4603 concede,
2322 4547 2376 4592 et
2413 4538 2455 4592 D

805 4653 920 4698 eos,
961 4636 1050 4704 qui
1083 4644 1207 4690 sunt
1239 4645 1444 4699 tecum;
1472 4647 1522 4687 et
1555 4634 1679 4687 huic
1716 4634 1790 4686 rei
1829 4647 2028 4686 vacans
2069 4634 2379 4701 aliquautu.

811 4731 943 4791 lum,
973 4742 1096 4798 pete
1124 4731 1191 4782 ab
1225 4745 1309 4790 eo,
1341 4729 1430 4796 qui
1467 4743 1494 4780 a
1537 4729 1636 4797 piis
1676 4727 1906 4793 colitur,
1945 4736 2003 4780 ut
2045 4728 2176 4780 mihi
2213 4725 2382 4794 signi-

811 4823 969 4882 ﬁcet,
1023 4822 1239 4874 ubinam
1291 4821 1360 4874 sit
1408 4820 1495 4872 lux
1539 4835 1780 4872 meorum
1835 4819 2134 4872 oculorum.
2188 4817 2383 4870 Flexus

815 4911 992 4979 itaque
1033 4925 1220 4972 senex,
1257 4920 1312 4963 et
1342 4910 1523 4962 animo
1572 4910 1938 4978 perturbatus,
1969 4924 2090 4963 cum
2127 4906 2384 4976 Paphnu-

816 5003 873 5055 tii
927 5002 1172 5070 lacrymis
1226 5010 1370 5055 esset
1423 5002 1785 5070 illaerymatus
1816 5043 1831 5063 ,
1879 5001 2108 5054 accersit
2167 5015 2386 5053 onmem

819 5094 1235 5157 fraternitatem,
1266 5104 1534 5146 eteorum
1557 5109 1708 5162 ,quce
1737 5091 2388 5161 Paphnutioacciderant.

819 5185 1072 5253 proponit
1109 5185 1473 5238 narrationem
1513 5202 1524 5236 :
1561 5184 1828 5252 jubetque;
1865 5193 1920 5236 ut
1969 5192 2134 5235 tutam
2187 5182 2390 5235 hebdo-

823 5275 1034 5327 madam
1093 5289 1152 5327 se
1200 5275 1404 5342 jejunio
1451 5276 1684 5337 dedant,
1734 5285 1788 5328 et
1838 5275 2106 5335 orationi,
2162 5275 2204 5328 si
2257 5273 2393 5328 forte

823 5367 978 5420 alicui
1014 5371 1346 5436 apparuerit,
1383 5368 1600 5422 ubinam
1647 5382 1909 5422 terrarum
1951 5370 2114 5422 lateat
2150 5367 2398 5436 Euphro-

828 5474 970 5512 sine.

897 5551 986 5606 Xl.
1033 5552 1144 5607 lloc
1177 5563 1353 5606 tamen
1384 5553 1548 5617 facto,
1585 5554 1649 5606 ad
1684 5555 1910 5608 nihilum
1947 5553 2191 5608 redibant
2215 5567 2402 5606 eorum

829 5657 1040 5710 preces.
1074 5641 1412 5698 llesirtebant
1434 5645 1577 5697 enim
1601 5645 1966 5715 Euphro~ynaa
1999 5645 2292 5703 orationes.
2313 5659 2403 5712 pe-

837 5736 1001 5790 tentis
1035 5747 1092 5791 ut
1145 5737 1502 5807 ignoraretur.
1538 5737 1819 5792 Statucbat
1865 5754 2092 5808 namque
2145 5739 2284 5792 Dens
2338 5737 2407 5789 si-

841 5843 962 5883 ::C.c
1028 5831 1172 5884 ilium
1229 5831 1405 5900 potius
1477 5846 1662 5900 parum
1723 5833 1941 5902 lugere,
2006 5847 2166 5901 quant
2228 5833 2400 5902 ipsum

2455 3271 2708 3339 δάκρυσι.
2750 3263 3096 3333 Πανταχόθεν
3129 3257 3223 3315 οὖν
3271 3263 3334 3328 τῇ
3388 3258 3532 3328 λύπῃ
3563 3254 3886 3324 βαλλόμενος
3915 3249 4053 3300 ἀνα-

2457 3365 2642 3433 ψυχὴν
2706 3361 2888 3428 εὑρεῖν
2925 3358 3000 3426 μὴ
3033 3355 3354 3422 δυνάμενος,
3388 3350 3525 3419 πρὸς
3557 3348 3648 3399 τδν
3682 3347 3854 3414 μέγαν
3890 3340 4054 3401 αὖθις

2460 3457 2634 3510 ἐλθεῖν
2665 3451 3025 3505 ἐϐουλεύσατο
3072 3447 3325 3514 γέροντα.
3355 3443 3421 3495 δι’
3460 3435 3521 3493 οὗ
3560 3437 3745 3506 πατὴρ
3778 3434 4054 3500 κληθῆναι

2462 3547 2672 3612 ταύτης
2702 3543 2950 3613 ἠξίωται,
2983 3540 3078 3592 καὶ
3097 3538 3158 3590 τὸ
3183 3537 3402 3604 γεγονὸς
3433 3529 3818 3602 διηγήσασθαι.
3855 3526 4056 3595 Ἐκρι-

2463 3657 2519 3694 νε
2551 3640 2658 3708 γὰρ
2687 3635 2860 3697 οὕτως
2903 3635 2984 3686 ὃτι
3018 3647 3123 3699 περ
3173 3632 3200 3682 ὁ
3265 3628 3338 3697 μὴ
3377 3625 3547 3678 οὖσαν
3607 3623 3776 3688 αὐτὴν
3825 3618 4058 3679 amna;

2466 3732 2760 3799 γενόμενος
2799 3725 2886 3778 διὰ
2924 3723 3034 3776 τῶν
3068 3718 3236 3773 αὐτοῦ
3278 3717 3456 3785 εὐχῶν
3501 3713 3805 3783 παρασχεῖν
3836 3747 3850 3770 ,
3891 3702 4060 3768 οὗτος

2466 3823 2529 3892 δὴ
2563 3821 2655 3872 καὶ
2707 3816 3074 3870 λανθάνουσαν
3121 3810 3303 3872 ἱκανὸς
3346 3809 3526 3860 ἔσεται
3597 3802 3840 3870 φανερὰν
3879 3800 4063 3865 αὐτὴν

2471 3889 2605 3986 ἡμῖν
2645 3909 3011 3972 καταστῆσαι.
3051 3905 3310 3974 Ἔρχεται
3357 3900 3488 3968 γοῦν
3534 3898 3667 3966 πρὸς
3721 3893 3903 3951 αὑτὸν,
3964 3889 4066 3942 καὶ

2470 4009 2581 4068 τοῖς
2612 4004 2816 4057 ἐκείνου
2843 4000 2970 4052 ποσὶ
2997 3994 3342 4066 προσπεσὼν,
3370 3993 3436 4044 Οἵ
3466 4007 3578 4058 μοι,
3604 3989 3743 4040 Πάτε
3757 4001 3803 4053 ρ,
3835 3982 4065 4047 ἐϐόησε,

2472 4097 2562 4147 τὸν
2595 4092 2805 4162 καρπὸν
2836 4088 2944 4140 τῶν
3007 4087 3115 4138 σῶν
3159 4083 3337 4152 εὐχῶν
3376 4078 3718 4133 ἀπολώλεκα.
3758 4074 3852 4124 καὶ
3888 4073 4067 4130 ἄπαις

2473 4186 2502 4235 ὁ
2535 4184 2622 4235 διὰ
2657 4180 2750 4233 σοῦ
2790 4177 3082 4237 καλλίπαις
3117 4170 3388 4242 βασκανία
3422 4167 3568 4228 τινὸς
3610 4163 3917 4232 γεγένημαι
3949 4159 4071 4211 δαί-

2482 4291 2660 4342 μονος.
2697 4272 2915 4338 Οίχεται
2945 4267 3041 4336 τῆς
3074 4267 3209 4334 ἐμῆς
3246 4263 3425 4323 οἰκίας
3456 4261 3488 4328 ἡ
3519 4251 3868 4324 Εὐφροσύνη,
3913 4253 4071 4318 οἰκε-

2478 4382 2568 4416 ται
2608 4362 2736 4430 παρ’
2766 4359 2975 4420 ἐλπίδα,
3008 4356 3234 4426 μηδενὸς
3257 4353 3365 4404 τῶν
3393 4352 3530 4404 οἴκοι
3561 4345 3917 4415 γινώσκοντος
3964 4339 4071 4391 ποῦ

2482 4458 2576 4510 καὶ
2625 4455 2776 4522 παρὰ
2810 4453 2933 4504 τίνα
2969 4448 3318 4519 πεπόρευται·
3349 4443 3574 4514 χάρισόν
3623 4456 3713 4508 μοι
3742 4432 3834 4490 οὖν
3867 4438 3934 4487 σὲ
3972 4432 4072 4486 καὶ

2484 4545 2605 4605 τοὺς
2647 4543 2782 4612 μετά
2817 4541 2937 4604 σοῦ,
2973 4540 3067 4590 καὶ
3121 4537 3315 4606 μικρόν
3367 4551 3419 4586 τι
3476 4531 3747 4602 σχολάσας
3783 4527 3871 4579 τὸν
3932 4523 4074 4590 παρ’

2486 4637 2637 4705 ὑμῶν
2655 4633 3087 4702 θεραπευόμενον
3121 4631 3361 4698 αἴτησαι,
3399 4624 3662 4694 γνωρίσαι
3706 4637 3819 4689 μοι,
3853 4615 3963 4669 ποῦ
3998 4616 4066 4668 ἂν

2487 4728 2581 4779 καί
2604 4726 2689 4794 εἴη
2740 4726 2798 4776 τδ
2834 4723 3036 4792 φέγγος
3076 4719 3185 4772 τῶν
3236 4716 3386 4788 ἐμῶν
3418 4713 3733 4780 ὀφθαλμῶν.
3774 4707 4079 4776 Καμτρθεὶς

2488 4817 2580 4872 οὖν
2636 4818 2665 4868 δ
2708 4817 2884 4885 γέρων
2929 4814 3024 4866 καὶ
3075 4809 3389 4879 συγχύσεως
3449 4805 3708 4872 πλησθεὶς
3761 4800 3855 4868 τὴν
3888 4796 4080 4864 ψυχὴν

2492 4914 2598 4972 τοῖς
2638 4908 2730 4960 τοῦ
2781 4904 3114 4972 ΙΙαφνουτίου
3168 4919 3227 4954 τε
3297 4901 3528 4968 δάκρυσι
3563 4891 3930 4962 ἐπιδακρύσας
3977 4888 4080 4940 αξι-

2491 5007 2602 5066 τος,
2663 5000 3050 5071 μετακαλεῖται
3123 4998 3304 5048 πᾶσαν
3355 4994 3452 5062 τὴν
3487 4991 3846 5058 ἀδελφότητα,
3879 4986 3983 5036 καὶ
4015 4982 4083 5034 τέι

2494 5097 2586 5151 τοῦ
2620 5093 2955 5163 Παφνουτίου
3011 5091 3332 5162 προτίθησιν
3387 5091 3464 5149 εἰς
3523 5086 3796 5151 διήγησιν,
3830 5078 3965 5146 ὃλην
4022 5092 4083 5126 τι

2498 5188 2769 5257 ἑϐδομάδα
2818 5185 3039 5254 νηστεία
3109 5183 3202 5234 καὶ
3275 5179 3550 5249 προσευχῇ
3594 5175 3819 5233 ἑαυτοὺς
3882 5165 4080 5220 δοῦναι

2500 5282 2846 5350 προστάττει,
2867 5279 3014 5338 ὅπως
3041 5273 3230 5343 ὀφθείη
3252 5271 3376 5332 τινὶ,
3412 5269 3515 5322 ποῦ
3543 5269 3644 5336 γῆς
3677 5269 3710 5335 ἡ
3746 5265 4077 5334 Εὑφροσὺνη

2501 5375 2825 5443 κρύπτοιτο,

2577 5552 2681 5604 lA’.
2723 5549 2808 5610 Ὠς
2827 5547 2882 5600 δὲ
2912 5545 3098 5598 τούτου
3130 5543 3465 5612 πραχθέντος
3491 5540 3569 5600 είς
3599 5534 3756 5590 οὐδὲν
3783 5533 3987 5605 ἐχώρει
4023 5531 4089 5584 τὰ

2511 5647 2607 5713 τῆς
2645 5643 2840 5710 εὐχῆςο
2873 5638 3208 5706 ἀντέπραττε
3259 5636 3365 5702 γὰρ
3415 5634 3448 5702 ἡ
3493 5630 3708 5698 ἐκείνης
3746 5626 4083 5694 αἰτουμένης

2515 5733 2866 5802 ἀγνοηθῆναι·
2925 5730 3104 5798 ἔκρινε
3143 5727 3196 5779 δὲ
3230 5729 3318 5778 καί
3354 5725 3484 5787 Θεὸς
3532 5723 3622 5776 ἐπὶ
3656 5720 3850 5791 μικρὸν
3881 5718 4090 5770 ἐκεῖνον

2523 5830 2680 5882 ἐᾶσαι
2715 5822 2947 5887 πενθεῖν,
2996 5820 3026 5889 ἦ
3080 5818 3238 5872 αὑτὸν
3267 5815 3592 5872 ἁπαλάττων
3632 5810 3806 5880 λύπης
3844 5804 4089 5875 λυττῆσσ.
