4162 6474
103 433 190 495 317
1251 436 1427 496 Vl'I‘A
1466 436 1525 494 S.
1566 429 2142 496 EUPIIROSYNES.

3252 448 3359 515 318

106 540 511 611 μᾶλλοψψυχὴν
540 580 553 602 ,
592 540 625 611 ἢ
666 540 761 593 καὶ
801 539 1015 608 φύσεως
1064 542 1235 610 αὐτῆς
1286 544 1380 593 καὶ
1440 543 1672 610 στοργῆς

1782 544 2019 597 liberans
2064 560 2092 598 a
2142 546 2352 610 dolore,
2417 548 2604 603 dolore
2637 551 2808 621 magis
2847 552 3064 606 afﬁcere
3101 557 3356 622 animam,

104 632 365 702 πατρικῆς
392 633 479 685 διὰ
519 634 611 685 τὸν
648 634 784 703 πρὸς
824 633 986 685 αὐτὸν
1016 634 1252 703 ὴλόγησε
1282 634 1464 686 πόθοψ
1502 635 1677 696 ἄλλως

103 740 152 774 τε
186 722 239 773 δὲ
290 724 389 775 καὶ
424 722 522 775 τοῦ
569 722 645 792 μὴ
682 722 991 793 περικοπὴν
1029 722 1215 775 δοῦναι
1254 725 1319 792 τῇ
1366 725 1543 792 ἀρετῇ
1584 724 1677 775 καὶ

104 815 347 883 ἐμπόδιον
373 856 389 875 ,
440 811 509 884 ἧς
548 816 658 866 τῶν
689 816 905 867 πάντων
962 813 1116 866 οὐδέν
1160 816 1278 866 ἐστι
1332 816 1673 885 τιμιώτερον.

116 908 250 958 Ἐπεὶ
276 905 460 959 ταῦτα
489 906 664 968 οὕτως
726 906 1036 971 συνέϐαινε,
1084 906 1250 975 φησιν
1300 909 1327 960 ὁ
1376 908 1553 978 γέρων
1599 908 1676 977 τῷ

107 1000 456 1068 Παφνουτξῳ·
515 1000 606 1069 Μὴ
666 998 887 1067 ἀθύμει,
944 1005 1133 1049 τέκνον
1175 1000 1499 1067 Παφνούτιε,
1541 1000 1674 1069 μηδὲ

109 1090 169 1153 ὥς
212 1110 289 1153 τις
323 1092 439 1144 τῶν
479 1091 726 1145 ἀπίστων
766 1091 859 1144 κοιλ⁸
902 1093 1080 1145 πάντα
1125 1090 1201 1161 τῷ
1236 1092 1360 1161 τῇδε
1392 1091 1490 1162 βίῳ
1532 1110 1677 1145 στοι-

108 1185 349 1253 χοὺντων,
384 1186 554 1255 μηδὲν
588 1185 642 1237 δὲ
680 1186 843 1237 πλέον
887 1187 1105 1254 φρονεῖν
1136 1185 1470 1254 δυναμένων,
1516 1188 1674 1253 ἀγεν-

107 1277 195 1338 εοῶς
220 1278 415 1345 δδύρου
440 1280 537 1345 τὴν
567 1280 665 1343 τῆς
704 1279 802 1347 σῆς
831 1278 1023 1336 παιδὸς
1051 1276 1417 1346 ἀναχώρησιν·
1452 1278 1676 1329 πίστευε

107 1368 150 1419 δέ
176 1386 258 1435 μοι
285 1370 364 1437 τῷ
395 1370 616 1438 γέροντι
649 1369 887 1436 θεοφιλεῖ
916 1368 1106 1437 σκοπῷ
1136 1370 1341 1435 ταύτην
1378 1372 1672 1440 προϐῆναι,

109 1461 209 1510 ἐπεὶ
240 1462 341 1512 οὐκ
364 1460 432 1511 ἂν
460 1462 745 1529 ἀπέκρυψε
782 1460 983 1530 Κύριος
1015 1462 1073 1512 τὸ
1109 1463 1329 1529 γεγονὸς
1365 1464 1457 1530 ἀφ’
1495 1463 1670 1529 ἡμῶν·

109 1553 407 1619 εὐχαρίστει
461 1548 550 1605 οὖν
602 1552 752 1621 αὐτῷ
802 1554 895 1604 καὶ
945 1554 1245 1620 προσκύνει
1296 1558 1394 1623 τὴν
1439 1555 1579 1607 κατά
1614 1556 1673 1607 τὸ

107 1643 218 1695 αὐτὸ
246 1646 485 1712 ἀρέσκον
520 1645 858 1712 οἰκονομίαν,
912 1646 1002 1696 καὶ
1054 1644 1173 1713 ὄψει
1228 1648 1327 1715 μὲν
1378 1646 1545 1716 αὐτὴν
1583 1667 1671 1715 μι-

108 1737 215 1803 apis;
267 1737 395 1787 ὅσον
439 1737 536 1787 καὶ
586 1736 726 1787 κατὰ
786 1736 934 1788 τόνδε
972 1737 1061 1789 τὸν
1134 1738 1268 1807 βίον,
1305 1738 1462 1809 εἴπερ
1506 1739 1664 1791 τοῦτο

107 1828 423 1896 ἀμσοτὲροις
463 1827 766 1879 λυσιτελεῖ·
816 1830 863 1880 εἰ
911 1828 967 1881 δὲ
1012 1828 1096 1893 οὓ,
1139 1829 1274 1897 μετὰ
1309 1830 1407 1890 τὴν
1460 1830 1666 1882 ἐνθένδε

1781 648 1899 699 qua:
1945 642 1998 686 et
2034 644 2240 688 natura:
2312 646 2365 689 et
2415 645 2654 704 paternae
2698 640 3089 696 benevolentia:
3143 654 3363 712 promer

1786 725 1962 793 ipsum
1993 726 2194 779 nullam
2236 728 2389 781 duxit
2421 729 2708 791 rationem,
2743 742 2797 785 et
2826 734 3049 802 alioqui,
3078 750 3148 789 ne
3187 746 3360 789 retar-

1782 818 1936 871 daret
1978 827 2033 871 et
2076 819 2363 887 impediret
2399 822 2693 883 virtutem,
2736 839 2840 891 qua
2892 826 3026 878 nihil
3053 856 3057 861 ι
3088 836 3166 881 est
3218 843 3360 897 pra:-

1780 910 2029 962 stantius.
2061 910 2194 963 Cum
2226 911 2341 965 haec
2376 914 2447 966 ita
2470 914 2850 983 contigissent,
2884 916 3013 969 dicit
3046 934 3212 973 senex
3257 920 3360 973 l’a-

1780 1000 2011 1068 phnulio
2044 1018 2056 1052 :
2095 1000 2170 1054 Ne
2216 1002 2291 1054 sis
2337 1004 2525 1064 tristis,
2560 1020 2591 1056 0
2641 1004 2711 1055 fili
2747 1002 3039 1072 Paphnuti,
3068 1022 3243 1073 neque
3296 1021 3358 1062 ut

1778 1091 2046 1158 quispiam
2077 1106 2139 1144 ex
2184 1091 2513 1155 inﬁdelibus,
2546 1102 2600 1146 et
2633 1094 2723 1161 qui
2760 1095 2859 1147 hac
2894 1107 2996 1148 uta
3027 1096 3205 1148 omnia
3248 1113 3360 1151 me-

1780 1183 2028 1247 tiuntur,
2098 1184 2233 1237 nihil
2293 1197 2473 1238 autem
2532 1197 2757 1253 possunt
2812 1186 3045 1255 amplius
3095 1189 3357 1261 cogitare,

1780 1276 1974 1343 pusillo
2003 1285 2056 1329 et
2085 1276 2299 1344 abjecto
2321 1279 2506 1331 animo
2532 1276 2733 1331 deﬂeas
2765 1293 3039 1333 recessum
3070 1290 3175 1335 tua:
3207 1282 3353 1337 filim.

1778 1368 1949 1421 Crede
1986 1378 2166 1421 autem
2198 1370 2328 1424 mihi
2362 1371 2502 1431 seni,
2530 1370 2668 1424 hanc
2702 1372 2789 1438 pio
2815 1381 2870 1423 et
2902 1372 3150 1441 religioso
3190 1389 3355 1443 scopo

1776 1475 1895 1513 esse
1913 1476 2274 1529 progressam:
2295 1463 2425 1513 alias
2457 1480 2651 1530 nempe
2682 1479 2779 1517 nos
2795 1478 2901 1516 non
2935 1464 3182 1525 celasset,
3203 1466 3349 1534 quod

1777 1552 1976 1606 factum
1992 1564 2093 1613 est,
2113 1555 2507 1622 DominusAge
2522 1569 2650 1622 ergo
2673 1554 2771 1621 ipsi
2788 1556 3003 1620 gratias,
3025 1566 3075 1608 et
3094 1572 3351 1609 venerare

1775 1645 2258 1712 dispensationem,
2291 1663 2409 1714 qure
2440 1649 2518 1703 tit.
2550 1656 2608 1699 ut
2647 1647 2693 1698 ei
2748 1647 2963 1699 videtur
3000 1667 3011 1701 :
3051 1659 3105 1702 et
3138 1651 3346 1703 videbis

1777 1737 1995 1804 quidem
2031 1738 2198 1803 ipsam
2233 1741 2391 1804 paulo
2426 1747 2546 1805 post
2578 1739 2740 1791 etiam
2787 1740 2839 1790 in
2874 1739 2974 1791 hac
3007 1740 3135 1801 vita,
3170 1742 3213 1793 si
3247 1740 3350 1795 hoc

1776 1829 2030 1881 conducit
2065 1830 2307 1895 utrisque
2356 1846 2369 1881 :
2420 1832 2503 1881 sin
2554 1832 2753 1892 minus,
2800 1840 3082 1899 postquam
3130 1834 3349 1899 quidem

109 1917 410 1983 ἀπαλλαγὴν
483 1919 537 1969 αἱ
598 1917 741 1969 θεῖαι
791 1921 989 1988 σκηναὶ
1054 1921 1272 1982 πάντως
1325 1922 1672 1991 ἀμφοτέρους

1778 1930 1924 1971 certe
1955 1934 2019 1971 ex
2065 1921 2166 1971 hac
2202 1922 2306 1973 vita
2351 1922 2728 1984 excesseritis,
2778 1922 2957 1974 di\iua
3006 1924 3349 1977 tabernacula

107 2010 433 2072 εἰσδέξονται·
473 2010 633 2062 τοῦτο
662 2011 770 2080 γάρ
799 2027 887 2079 μοι
933 2010 1121 2064 δίδωσι
1158 2011 1257 2080 μὲν
1302 2015 1443 2064 νοεῖν
1492 2014 1552 2064 τὸ
1584 2013 1671 2065 σόν

109 2118 154 2151 τε
200 2104 287 2153 καὶ
342 2101 563 2171 ἐκείνης
621 2102 935 2171 φιλευσεδὲς
993 2103 1088 2155 καὶ
1131 2103 1397 2171 φιλόθεον.
1431 2104 1614 2167 Οὕτως
1646 2108 1672 2158 ό

108 2194 423 2260 Παφνούτιος
466 2196 565 2262 τῆς
620 2195 857 2263 ἀθυμίας
892 2195 1071 2257 ἐνδοὺς
1127 2196 1409 2248 ἐπάνεισιν
1456 2197 1669 2259 οἴκαδε,

108 2288 184 2336 καὶ
218 2289 281 2338 τα
337 2286 464 2339 κατ’
500 2288 662 2339 αὑτὸν
702 2282 761 2339 εὖ
817 2286 1154 2357 διαθέμενος,
1202 2282 1359 2350 αὖθις
1387 2288 1671 2357 καταλαμ-

107 2379 238 2430 Cium
270 2380 330 2431 τὸ
373 2379 767 2447 μοναστήριον.

164 2472 255 2525 lB’.
302 2472 390 2533 Ὠς
444 2471 505 2523 δὲ
538 2471 776 2539 συνελῶς
806 2469 949 2523 οὕτω
1005 2472 1070 2539 τῇ
1130 2472 1264 2540 μονῇ
1317 2469 1670 2539 προσεφοὶτα,

107 2567 218 2624 τοὺς
262 2563 723 2633 σπουδαιοτέρους
781 2563 891 2614 τῶν
958 2562 1211 2630 μοναχῶν
1251 2561 1524 2631 ἐκζητῶν,
1576 2563 1670 2615 ἅτε

105 2656 187 2721 ’.ἧς
212 2656 386 2706 αὐτῶν
424 2654 645 2725 ὁμιλίας
692 2654 986 2706 ἀπολαύειν
1019 2652 1190 2722 φιλῶν
1229 2654 1353 2724 (ὅρα
1398 2656 1523 2716 τοὺς
1569 2657 1666 2725 ἁρ-

108 2752 280 2816 ρᾑους
308 2749 409 2817 τῆς
447 2747 711 2817 προνοίας
736 2746 970 2813 λόγους),
1010 2745 1197 2798 ἀκούει
1226 2746 1377 2815 παρά
1422 2747 1532 2799 τῶν
1574 2748 1672 2815 τῆς

109 2842 253 2908 μονῆς
288 2840 364 2902 ὡς
411 2841 502 2909 εἴη
539 2857 624 2902 τις
654 2838 763 2890 τῶν
796 2838 1048 2906 ἀδελφῶν
1102 2837 1229 2907 παρ’
1256 2840 1459 2901 αὐτοῖς,
1492 2840 1549 2890 οὺ
1580 2855 1675 2890 πο-

109 2933 191 2983 λὺν
221 2937 316 3001 μὲν
344 2935 439 2985 τὸν
475 2932 672 3002 χρόνον
721 2930 929 2995 ἀσκῶν,
980 2934 1060 2990 εἰς
1098 2930 1267 3001 ἄκρον
1300 2930 1357 2983 δὲ
1386 2929 1453 2983 δι’
1496 2929 1673 2998 ὀλίγον

104 3026 186 3094 τῆς
211 3028 409 3095 ἀρετῆς
439 3024 720 3093 ὲφθακὼς,
758 3023 1082 3093 Σμάραγδος
1126 3022 1277 3093 αὑτῷ
1316 3021 1574 3092 τοῦνομα,
1616 3021 1674 3086 ἐξ

106 3119 267 3179 οἰκίας,
298 3121 399 3188 μὲν
428 3118 735 3184 ἐπιφανοῦς
768 3117 1034 3183 γεγονὼς,
1067 3116 1284 3184 πλούτῳ
1319 3131 1379 3167 τε
1409 3117 1501 3167 καὶ
1532 3115 1671 3183 χρή-

109 3228 219 3278 μασι
268 3211 551 3281 περιττῶς
599 3208 853 3278 ἐχούσης·
882 3206 1088 3259 τούτων
1147 3206 1204 3259 δὲ
1245 3208 1467 3259 πάντων
1505 3208 1672 3273 ὑπερ-

1778 3211 1867 3279 qui
1898 3212 2099 3264 divitiis
2133 3210 2463 3269 abundabat.
2505 3220 2559 3262 et
2594 3209 2839 3278 pecuniis
2886 3224 2898 3259 :

112 3305 217 3355 ιξὼν
252 3305 341 3356 τον
389 3304 506 3355 τῶν
560 3302 811 3371 μοναχῶν
870 3301 1041 3352 εἵλετο
1101 3300 1233 3368 βίον,
1270 3301 1364 3352 καλ⁵
1417 3300 1667 3352 τοσοῦτον

108 3398 239 3463 ἔσχεν
272 3400 346 3457 εἰς
396 3396 631 3463 ἀρετὴν,
680 3395 749 3455 ὡς
797 3393 993 3461 μικροῦ
1025 3396 1190 3445 πᾶσιν
1222 3388 1363 3444 εἶναι
1408 3398 1520 3453 τοῖς
1549 3393 1667 3444 κατ’

110 3488 243 3539 σὶτὸν
271 3485 690 3555 ἀπαράμιλλος.
716 3486 904 3536 Ἐλκει
937 3484 1128 3536 τοῦτον
1157 3487 1187 3553 ὴ
1216 3486 1377 3553 ἀκοὴ,
1414 3485 1506 3536 καὶ
1537 3484 1671 3553 πρὸς

106 3581 203 3646 δέοι
230 3581 429 3632 ἐλθεῖν.
477 3578 828 3647 Ἐντυγχὰνει
858 3578 944 3630 διὰ
971 3578 1063 3629 τοῦ
1107 3578 1367 3644 Ἀγαπίου
1406 3577 1481 3647 τῷ
1511 3577 1671 3643 δῆθεν

105 3672 252 3739 ἀνδρὶ,
284 3672 380 3725 καὶ
427 3670 749 3738 περιδλήτῳ
788 3670 885 3737 τὴν
933 3670 1158 3739 ἀρετήν.
1200 3669 1267 3721 Ἠ
1325 3668 1381 3721 δὲ
1426 3669 1521 3738 τὴν
1574 3667 1668 3720 τοῦ

106 3766 282 3830 πατρὸς
332 3764 462 3831 δψιν
504 3761 716 3822 ἰδοῦσα,
753 3760 846 3811 καὶ
873 3758 1078 3827 γνοῦσα
1113 3761 1232 3826 μὲν,
1269 3760 1329 3812 οὐ
1366 3760 1671 3827 γνωσθεῖσα

104 3854 147 3906 δὲ
177 3856 457 3925 (ἠλλοίωτο
494 3853 605 3921 γὰρ
630 3852 733 3903 ὑπὸ
758 3851 854 3920 τῆς
880 3851 1019 3918 ἄγαν
1054 3851 1422 3920 σκληρότητος
1450 3854 1541 3903 καὶ
1572 3852 1672 3915 τῆς

106 3948 322 4009 ἁστίας,
380 3948 485 3999 καὶ
550 3945 781 4011 ἀσαφεῖς
838 3936 951 4011 εἶχε
1020 3942 1147 4004 τοὺς
1188 3942 1542 4011 χαρακτῆρας
1570 3942 1668 4009 τῆς

105 4038 294 4110 hiatu),
328 4040 562 4091 νικᾶται
595 4036 663 4105 τῇ
706 4032 887 4101 φύσει,
916 4033 1008 4085 καὶ
1047 4036 1226 4102 ἠσυχῆ
1252 4034 1526 4102 ιδακρύων
1558 4033 1670 4101 χέει

105 4130 281 4197 πηγάς.
323 4130 386 4183 ὐ
444 4128 507 4180 δὲ
547 4128 730 4196 πατὴρ
775 4126 942 4195 αὐτῆς
992 4125 1057 4177 ὲκ
1110 4124 1454 4187 κατανύξεως
1495 4126 1670 4177 ἐδόκει

108 4223 353 4290 σδαὸἦναι
382 4262 398 4285 ,
446 4218 621 4289 μηδὲν
652 4220 791 4287 ἔχων
839 4218 1087 4269 ὑπονοεῖν
1119 4216 1193 4277 ὡς
1229 4215 1390 4277 αὐτὸς
1437 4214 1524 4283 εἴη
1562 4215 1671 4268 τῶν

107 4313 329 4383 δακρύων
364 4315 399 4382 ἡ
452 4312 708 4381 ἀφορμὴ,
737 4312 802 4379 τῇ
841 4309 938 4379 θέα
977 4308 1185 4377 ταύτην
1225 4307 1433 4375 πλήξας
1465 4311 1529 4376 τῇ
1564 4325 1671 4359 πα-

106 4407 263 4471 τρικῇ.
296 4399 434 4455 Εἶτα
470 4402 815 4468 παυσαμένη
837 4399 942 4451 τῶν
964 4399 1213 4466 ὀδυρμῶν
1247 4398 1400 4451 οὐδὲν
1432 4400 1529 4467 μὲν
1564 4400 1671 4450 τῶν

108 4498 167 4556 εἰς
215 4496 419 4562 γνῶσιν
468 4492 754 4561 ὁμολογεῖ,
784 4491 1026 4559 νικήσειν
1054 4490 1242 4559 ῶσπερ
1293 4490 1670 4557 φιλονεικοῦσα

1777 2011 1964 2064 ambos
1995 2012 2217 2065 omnino
2263 2015 2552 2081 excipient.
2590 2014 2701 2068 lloc
2735 2017 2877 2068 enim
2913 2017 3044 2069 mihi
3086 2018 3176 2069 dat
3206 2019 3352 2087 cogi-

1778 2104 1998 2156 tandum
2037 2115 2183 2157 tanta
2232 2106 2373 2158 illius
2422 2108 2592 2174 pietas
2634 2118 2689 2160 et
2719 2123 2869 2160 amur
2912 2108 2964 2160 in
3012 2109 3197 2161 Deum.
3261 2109 3349 2164 Sic

1775 2193 2115 2261 Paphnutius
2148 2211 2270 2249 cum
2318 2198 2544 2250 multum
2595 2199 2896 2253 remisisset
2938 2200 3004 2252 de
3051 2216 3145 2253 sua
3180 2202 3349 2255 animi

1775 2284 2127 2354 a-gritulinc,
2162 2287 2380 2339 domum
2412 2288 2582 2347 redit,
2620 2298 2674 2341 et
2705 2289 2867 2343 rebus
2901 2290 3014 2344 suis
3040 2290 3176 2345 bene
3200 2291 3349 2346 ordi-

1776 2378 1937 2437 natis,
1973 2380 2265 2431 revertitur
2294 2378 2345 2429 in
2380 2381 2791 2433 monasterium.

1848 2468 1957 2521 ΧΗ.
1982 2470 2117 2523 Cum
2170 2481 2350 2523 autem
2381 2470 2457 2522 sie
2498 2471 2711 2524 assidue
2742 2472 3027 2525 ventitaret
3064 2474 3116 2525 in
3161 2488 3351 2527 mona-

1776 2561 2023 2621 sterium,
2062 2561 2276 2613 virtutis
2308 2562 2664 2615 studiosiores
2713 2563 2995 2630 requirens
3031 2566 3348 2628 monachos,

1777 2663 1833 2707 ut
1898 2656 1988 2723 qui
2048 2654 2298 2708 lubenter
2363 2670 2549 2708 eorum
2623 2655 2892 2709 frueretur
2952 2656 3348 2709 consuetudine

1776 2749 1921 2817 (vide
1941 2748 2237 2800 ineffabiles
2265 2748 2503 2800 rationes
2531 2748 2883 2816 providentia!
2905 2749 2969 2811 ε),
2990 2749 3137 2801 audit
3160 2766 3222 2801 ea
3241 2750 3349 2804 fra-

1778 2841 1950 2893 tribus
1982 2841 2320 2903 monasterii,
2348 2842 2491 2909 quod
2519 2841 2589 2893 sit
2616 2840 2758 2908 apud
2793 2855 2887 2893 eos
2911 2841 3129 2907 quidam
3162 2839 3348 2902 frater,

1773 2933 1864 3001 qui
1917 2949 2025 2986 non
2078 2933 2237 3002 longo
2284 2933 2500 3002 qu:dem
2552 2940 2796 2999 tempore
2854 2946 2912 2985 se
2962 2931 3241 2995 exercuit,
3282 2932 3347 2986 ad

1775 3042 2045 3081 summam
2116 3037 2297 3080 autem
2353 3026 2502 3080 brevi
2553 3026 2797 3092 pervenit
2853 3024 3105 3077 virtutem
3142 3042 3153 3075 :
3188 3025 3346 3093 eique

1774 3135 1975 3173 nomen
2010 3120 2367 3190 Smaragdus,
2421 3118 2616 3173 illustri
2656 3118 2872 3185 quidem
2910 3118 3024 3169 lum
3069 3127 3226 3170 natus
3254 3160 3266 3180 ,
3299 3128 3353 3172 et

2948 3208 3031 3260 his
3062 3224 3188 3261 vero
3235 3223 3353 3262 om-

1782 3302 1941 3356 nibus
1982 3302 2341 3369 contemptis,
2380 3305 2543 3353 vitam
2589 3300 2751 3368 elegit
2791 3300 3181 3364 monasticam,
3237 3308 3354 3352 tan-

1783 3406 2004 3462 tumque
2036 3394 2265 3461 profecit
2292 3393 2344 3444 in
2372 3392 2589 3452 virtute,
2624 3401 2681 3443 ut
2717 3406 2877 3443 nemo
2913 3392 3023 3443 fere
3049 3392 3117 3444 sit
3142 3407 3203 3444 ex
3236 3407 3353 3443 om-

1782 3487 1942 3539 nibus
1992 3486 2131 3547 aliis,
2169 3484 2258 3551 qui
2314 3484 2481 3551 possit
2532 3497 2653 3535 cum
2697 3497 2763 3534 eo
2814 3482 3164 3535 contendere.
3216 3483 3350 3535 Itium

1780 3578 1945 3630 trahit
1979 3576 2206 3637 auditio,
2260 3584 2317 3628 ut
2365 3574 2548 3627 veniat
2583 3574 2633 3625 iu
2667 3574 2786 3641 ejus
2834 3583 3207 3641 eonSpei-tum.
3251 3574 3353 3627 Per

1780 3670 2042 3738 Agapium
2088 3668 2268 3736 itaque
2303 3667 2558 3720 convenit
2593 3665 2741 3718 illum
2774 3665 2945 3717 virum
2991 3664 3188 3719 virtute
3228 3680 3352 3720 sus-

1778 3761 2108 3828 piciendum.
2148 3759 2239 3811 llla
2272 3768 2451 3810 autem
2496 3774 2616 3810 cum
2673 3757 2839 3825 patris
2886 3756 3080 3809 faciem
3111 3758 3353 3825 aSpexis-

1779 3860 1881 3913 set,
1915 3862 1969 3903 et
2018 3850 2360 3918 cognovisset
2401 3849 2618 3916 quidem
2644 3889 2657 3911 ,
2706 3864 2813 3901 non
2860 3858 3004 3901 esset
3050 3859 3228 3902 autem
3261 3865 3357 3903 co-

1778 3940 1923 4007 gnita
1987 3939 2210 4008 (mutata
2259 3937 2402 3990 enim
2440 3948 2555 3990 erat
2598 3948 2818 4005 propter
2867 3938 3087 3990 nimiam
3148 3941 3356 4007 asperi-

1780 4041 1940 4085 tatem
1986 4040 2038 4083 et
2094 4030 2350 4087 inediam.
2404 4036 2460 4083 et
2510 4028 2743 4082 habebat
2787 4044 2894 4081 non
2938 4037 3123 4097 aperta
3174 4030 3354 4086 vultus

1782 4123 2167 4187 lineamenta),
2215 4119 2448 4171 vincitur
2504 4133 2532 4170 a
2584 4128 2809 4181 natura,
2866 4126 2921 4169 et
2974 4118 3174 4169 sensim
3234 4117 3353 4171 fou-

1781 4224 1861 4267 tes
1900 4214 2103 4267 emittit
2151 4213 2529 4279 lacrvtnarum.
2582 4210 2739 4263 Pater
2785 4219 2965 4261 autem
3000 4211 3118 4276 ejus
3164 4208 3353 4261 existi-

1778 4306 1959 4358 mabat
2004 4304 2106 4356 hoc
2152 4303 2369 4355 evenire
2413 4316 2475 4353 ex
2518 4301 2977 4368 compunctione,
3025 4315 3134 4351 non
3171 4300 3354 4351 valens

1778 4394 2047 4460 conjicere
2092 4406 2149 4443 se
2196 4405 2315 4443 esse
2360 4390 2715 4456 lacrymarum
2748 4387 3091 4441 occasionem
3118 4428 3131 4449 ,
3168 4394 3227 4438 ut
3260 4386 3351 4455 qui

1776 4500 1893 4537 eam
1923 4492 2151 4552 paterno
2185 4481 2483 4534 sauciasset
2510 4479 2837 4548 spectaculo.
2875 4478 3075 4531 Deinde
3090 4493 3211 4530 cum
3236 4493 3355 4531 ces-

104 4592 181 4654 την
208 4588 305 4655 ἥδη
334 4587 558 4654 ταὺτην
594 4586 901 4653 νικήσασαν
945 4584 1126 4650 φύσιν,
1155 4583 1250 4635 καὶ
1282 4582 1417 4651 προς
1461 4582 1670 4651 δάκρυα

1779 4584 1951 4629 sasset
1980 4573 2111 4627 ﬂere
2135 4614 2148 4636 ,
2180 4572 2313 4624 nihil
2344 4570 2564 4639 quidem
2618 4570 2814 4621 fatetur
2843 4583 3054 4629 eorum,
3083 4581 3204 4635 qua:
3232 4581 3355 4634 per—

106 4682 477 4749 κιτενεχθῆναι
532 4676 1045 4745 παρασκευάσασαν
1078 4692 1091 4706 ·
1151 4673 1420 4743 τοσαύτης
1461 4674 1517 4725 δὲ
1573 4676 1672 4741 τῆς

108 4774 352 4838 manu;
394 4770 574 4823 αὑτὸν
622 4769 957 4837 ἐμπίπλησιν
1002 4766 1108 4817 ἀπό
1154 4782 1211 4817 τε
1258 4766 1354 4833 τῆς
1384 4765 1493 4815 τῶν
1530 4763 1679 4831 ἠθῶν

107 4866 403 4933 εὐκοσμίας,
460 4861 580 4916 ἀπό
610 4876 670 4911 τε
704 4859 803 4928 τῆς
850 4858 959 4909 τῶν
988 4858 1160 4922 λόγων
1195 4856 1563 4919 διδασκαλίας,
1603 4858 1677 4918 ὡς

109 4959 258 5027 ’πλήρη
319 4957 617 5025 θαύματος
670 4952 953 5019 γεγονότα,
994 4949 1285 5018 ἀφικέσθαι
1318 4964 1376 4999 τε
1418 4948 1553 5019 πρὸς
1586 4951 1676 5001 τὸν

108 5049 330 5115 γέροντα,
365 5044 475 5099 καὶ
536 5043 781 5112 μεγάλας
832 5041 980 5108 αὑτῴ
1026 5042 1225 5106 ιφὰναι
1295 5039 1392 5099 τας
1446 5038 1675 5107 χάριτας

106 5137 381 5205 declarata,
434 5134 694 5189 τοιούτου
756 5132 882 5194 θέας
928 5131 1120 5199 ἀνδρὸς
1157 5131 1251 5182 καὶ
1274 5129 1488 5199 ὁμιλίας
1513 5131 1675 5200 ἡξιω·

109 5232 263 5295 μένος.

164 5322 250 5374 lf'.
296 5319 483 5374 Ὀκτὼ
511 5318 696 5370 τοίνυν
724 5315 869 5368 ἔτεσι
907 5314 1040 5386 πρὸς
1072 5314 1363 5383 τριάκοντα
1383 5313 1475 5366 τὸν
1500 5312 1677 5365 τοιοῦ-

106 5429 176 5463 τον
233 5416 344 5482 βίον
401 5417 464 5466 ἐν
524 5409 605 5479 τῷ
644 5408 993 5479 μοναστηρίῳ
1048 5404 1434 5475 ἡΕὒφροσύνη
1468 5405 1674 5471 διενεγ-

106 5504 272 5573 κοῦσα,
310 5507 408 5559 καὶ
447 5503 673 5573 μηδενὶ,
704 5502 854 5562 ὅστις
915 5495 1003 5569 ἦν,
1056 5498 1332 5567 γνώριμος
1386 5497 1673 5566 γενομένη,

108 5598 243 5661 ἡνίκα
272 5600 386 5652 τῶν
435 5596 739 5666 παρόντων
771 5593 877 5645 ἔδει
922 5591 1128 5662 ταύτην
1167 5590 1489 5659 ἁπ.δημείν,
1520 5590 1673 5659 θεῖκῇ

109 5705 194 5741 τινι
238 5694 462 5754 πάντως
529 5688 764 5757 προνοίᾳ
820 5686 1201 5755 ἐνδημήσαντα
1254 5684 1376 5734 τότε
1418 5686 1482 5751 τῇ
1539 5684 1672 5751 μονῇ

109 5786 179 5831 τὶν
215 5788 423 5853 πατέρα
472 5780 927 5852 μεταστέλλεται,
967 5776 1105 5829 κατέ
1153 5792 1204 5827 τι
1238 5774 1471 5844 κρεῶδες
1505 5775 1535 5842 ἡ
1577 5791 1676 5841 μί’

112 5878 289 5947 παρίει,
330 5880 428 5932 καὶ
486 5876 647 5945 τρεῖς
706 5873 922 5943 ἡμέρας
982 5870 1131 5942 παρᾶ
1181 5872 1243 5940 τῇ
1292 5869 1426 5937 μονῇ
1495 5868 1675 5938 μένει-ι

1783 4666 2023 4719 tinebant
2054 4662 2116 4715 ad
2148 4663 2535 4730 cognitionem,
2566 4658 2729 4711 veluti
2766 4659 3105 4711 contendens
3136 4660 3355 4711 vincere

1780 4768 2051 4818 naturam,
2092 4770 2213 4823 quae
2244 4754 2353 4822 jam
2396 4768 2513 4805 eam
2559 4752 2781 4813 vicerat,
2810 4760 2863 4803 et
2905 4750 3163 4803 effecerat
3210 4760 3267 4803 ut
3304 4750 3354 4803 ei

1779 4849 2050 4900 orirentur
2098 4845 2368 4912 lacryuue.
2425 4841 2595 4894 Tanta
2642 4850 2822 4893 autem
2854 4854 2978 4891 eum
3021 4838 3210 4906 implet
3245 4839 3354 4890 uti-

1780 4939 1964 4999 litate,
1999 4946 2050 4989 et
2094 4951 2158 4989 ex
2200 4950 2409 4987 morum
2453 4933 2852 4991 moderatione,
2902 4940 2957 4982 et
3010 4944 3073 4981 ex
3108 4928 3355 4981 doctrina

1780 5043 2112 5088 sermonum,
2152 5036 2211 5079 ut
2247 5026 2440 5093 plenus
2464 5023 2823 5077 admiratione
2854 5020 3143 5074 accesserit
3178 5019 3245 5071 ad
3278 5033 3358 5071 se-

1781 5136 1928 5181 nem,
1962 5130 2014 5172 et
2040 5118 2240 5171 dixerit
2274 5131 2331 5169 se
2363 5118 2589 5169 multum
2625 5115 2673 5166 ei
2710 5113 2908 5165 debere
2935 5155 2947 5175 ,
2989 5111 3131 5179 quod
3160 5111 3359 5179 dignus

1780 5211 1849 5265 sit
1873 5211 2110 5269 habitus,
2143 5208 2233 5277 qui
2267 5208 2423 5260 talem
2455 5207 2627 5257 virum
2655 5204 2859 5257 videret
2896 5215 2950 5256 et
2976 5202 3316 5254 conveniret.

1850 5312 1986 5365 Xlll.
2018 5314 2152 5365 Cum
2188 5310 2400 5379 triginta
2426 5308 2604 5375 itaque
2634 5315 2689 5359 et
2726 5315 2850 5359 octo
2874 5319 3047 5358 annos
3092 5305 3250 5356 talem
3274 5302 3358 5355 vi-

1780 5406 1907 5471 tam}
1932 5404 2282 5473 Euphrosyne
2308 5403 2505 5472 egisset
2537 5402 2591 5454 in
2636 5399 2985 5460 monasterio,
3022 5404 3077 5449 et
3102 5410 3357 5464 quamam

1778 5506 1945 5561 esset,
1977 5496 2110 5549 nulli
2162 5495 2354 5567 fuisset
2405 5494 2629 5547 omnino
2670 5490 2904 5560 cognita,
2936 5488 3154 5557 quando
3192 5500 3356 5553 opor-

1781 5593 1927 5645 tebat
1952 5605 2071 5643 eam
2100 5603 2165 5642 ex
2193 5588 2294 5641 hac
2340 5588 2449 5639 vita
2495 5583 2795 5643 excedere.
2832 5590 3062 5650 patrem,
3104 5577 3195 5646 qui
3241 5592 3360 5630 om-

1777 5683 1909 5735 nino
1943 5680 2123 5734 divina
2164 5679 2397 5747 quadam
2441 5673 2776 5745 providentia
2818 5683 2946 5726 tunc
2987 5680 3103 5723 erat
3138 5668 3190 5721 in
3239 5681 3358 5718 mo-

1780 5772 2039 5836 nasterio,
2062 5781 2285 5840 propter
2311 5784 2465 5821 usum
2486 5766 2741 5835 aliquem,
2757 5760 3088 5817 accersitilla
3108 5760 3282 5819 beata,
3303 5765 3359 5810 it

1784 5875 1954 5937 rogat,
1981 5873 2166 5919 uttrcs
2198 5862 2313 5917 dies
2345 5868 2558 5915 maneat
2592 5859 2643 5912 in
2668 5852 3022 5920 monasterio,
3044 5852 3230 5906 dicens
3250 5865 3357 5903 non
