4162 6474
118 413 197 478 321
1084 407 1258 468 VlTA
1301 407 1347 465 B
1407 403 1920 466 APOLLINlRIS
1952 402 2353 467 ,V'lRGlNIS.

3251 409 3359 475 322

120 546 317 599 μντηντο,
377 527 514 581 ἀλλὰ
549 524 753 596 ταύτης
804 523 1179 592 ἐπιλαοέμενοι
1204 563 1218 586 ,
1249 521 1544 592 δοξοὶογὶᾳ,
1577 522 1669 574 καὶ
1698 527 1743 581 Α

1712 522 1889 591 ΑοῙιις
1953 521 2141 582 obliti,
2208 520 2599 590 gloriﬁeitione
2663 530 2716 575 et
2780 520 3142 578 admiratione
3197 525 3355 577 divisi

119 622 333 687 ὑιάματι
379 618 518 686 μετὰ
550 618 724 687 χαρᾶς
773 615 1109 683 ἐμερίζοντο.
1154 614 1279 683 Ὀψὲ
1310 614 1365 666 δὲ
1401 614 1496 665 καὶ
1521 613 1673 681 μόλις

118 711 272 763 αὐτῶν
324 705 472 762 εἶναι
527 710 618 763 τὸν
671 709 971 777 θησαυρὸν,
1006 707 1099 761 καὶ
1132 708 1271 777 μετὰ
1324 706 1423 776 τὴν
1474 706 1670 775 ταῳὴν,

118 801 469 871 λογισάμενοι,
531 803 646 863 τοῖς
698 801 810 853 τῶν
861 798 1115 868 πατέρων
1166 798 1412 868 μνήμασι
1472 797 1676 866 ταύτην

118 895 571 961 ἑγκατατίθενται,
622 892 764 961 φωτὶ
812 892 943 963 θείῳ
976 893 1038 945 τὸ
1067 892 1359 961 πρόσωπον
1403 889 1677 959 περιλαμ-

121 988 361 1055 πομένην.
413 987 475 1039 Ὀ
524 988 711 1056 μέντοι
760 983 964 1053 ταύτης
996 982 1181 1053 πατὴρ
1213 982 1334 1034 οὐδὲ
1368 981 1676 1050 ἀποστῆναι

123 1082 238 1149 μετὰ
261 1082 438 1133 ταῦτα
484 1085 584 1149 τῆς
635 1080 803 1149 μονῆς
840 1080 975 1141 ὅλως
1032 1078 1254 1146 ἔκρινε·
1308 1073 1563 1127 τοσοῦτον
1620 1074 1679 1125 δὲ

124 1174 258 1239 μόνον
285 1170 643 1240 ἐκχωρήσας,
678 1172 801 1222 ὅσον
839 1168 1110 1237 διανεῖμαι
1149 1166 1216 1220 τὰ
1247 1166 1376 1219 ὂντα
1403 1165 1676 1235 πένησίτε

124 1264 196 1314 καὶ
236 1263 585 1331 ἐκκλησίαις,
635 1266 731 1314 καὶ
770 1264 881 1322 τοῖς
922 1261 1097 1322 ἄλλως
1126 1259 1364 1320 εὐσεϐῶς
1400 1258 1556 1322 ζῶσι,
1587 1256 1680 1309 καὶ

122 1356 209 1405 τῶν
238 1354 565 1423 ἐπιτηδείων
610 1355 686 1423 μὴ
719 1352 918 1414 ἱκανῶς
950 1352 1156 1422 ἔχουσι,
1198 1349 1320 1403 τινὰ
1377 1349 1434 1403 δὲ
1481 1353 1574 1402 καὶ
1606 1347 1681 1417 τῷ

136 1447 362 1511 χοινοῆἐῳ
404 1444 766 1513 καθιερῶσαι,
820 1444 879 1496 τὸ
932 1444 1058 1512 ἑξῆς
1096 1443 1287 1495 ἑαυτὸν
1331 1442 1512 1511 φέρων
1554 1458 1682 1493 συν-

124 1542 280 1591 τάττει
330 1542 451 1599 τοῖς
489 1538 761 1605 ἀδελφοῖς,
806 1537 1057 1596 κάκεῖνοί
1088 1537 1181 1587 τὸν
1227 1535 1519 1587 ὑπόλοιπον
1559 1535 1683 1603 χρό’

128 1651 199 1685 νον
246 1631 335 1683 τοῦ
396 1630 517 1700 βίου
580 1631 817 1683 διατελεῖ
850 1630 943 1680 ἐπὶ
970 1628 1071 1695 τῆς
1110 1627 1305 1695 ψιάθου
1356 1643 1414 1678 τε
1449 1628 1542 1680 καὶ
1585 1628 1681 1695 τῆς

125 1726 289 1794 πέλλης
332 1724 437 1792 τῆς
485 1723 843 1794 Εὖφροσύνης
880 1721 1360 1790 κατακλινόμενος,
1402 1721 1498 1773 καὶ
1540 1721 1683 1789 μέγα

124 1817 258 1869 τοῦτο
288 1820 364 1879 εἰς
400 1816 748 1885 εὐφροσύνην
776 1814 1083 1883 τιθέμενος.

1775 622 1924 664 erant
1960 629 2082 664 cum
2129 612 2338 665 ia‘titia.
2394 612 2528 663 Cum
2583 619 2764 664 autem
2806 612 2895 665 vix
2938 612 3153 666 tandem
3204 628 3362 683 repu~

1776 712 2002 766 lassent,
2034 706 2195 757 etiam
2230 715 2352 773 post
2388 703 2721 772 sepulturam
2755 704 3004 757 eumdem
3046 714 3190 758 esset
3236 707 3360 758 the-

1777 809 2037 858 saurum,
2072 794 2217 846 illam
2268 795 2550 863 deponunt
2597 794 2651 845 in
2698 794 3069 847 monumentis
3113 805 3351 860 patrum,

1777 885 1897 941 lucc
1925 888 2107 941 divina
2146 892 2192 939 'n
2248 886 2383 941 facie
2424 886 2765 940 illustratam.
2808 884 2938 955 Ejus
2970 897 3150 940 autem
3195 897 3352 956 pater

1777 994 1847 1034 ne
1878 995 1976 1050 cog
2003 980 2135 1033 tavit
2172 979 2390 1049 quidem
2436 979 2718 1033 discedere
2756 994 2784 1032 a
2829 980 3183 1033 morzaterio.
3216 981 3353 1035 Cum

1779 1086 1959 1131 autem
2018 1077 2193 1131 solum
2251 1085 2458 1130 tantum
2507 1076 2845 1135 recessisset.
2898 1084 3161 1145 quantum
3226 1079 3357 1131 satis

1778 1178 1926 1223 esset
1968 1169 2033 1222 ad
2065 1184 2190 1222 suas
2226 1168 2512 1222 facultates
2558 1167 2877 1222 dividendas
2923 1170 3253 1238 pauperibus
3302 1180 3354 1223 et

1781 1262 2056 1325 ecclesiis,
2116 1271 2171 1315 et
2233 1262 2297 1314 iis
2347 1262 2435 1330 qui
2484 1260 2680 1330 alioqui
2737 1262 2820 1330 pie
2866 1263 3088 1326 vivunt,
3137 1271 3191 1317 et
3247 1278 3354 1317 non

1783 1354 1986 1408 habent
2029 1370 2092 1407 ea
2122 1369 2243 1422 quae
2275 1364 2403 1406 sunt
2446 1353 2792 1417 necessaria;
2831 1356 2905 1407 uti
2946 1364 3123 1407 tamen
3175 1356 3352 1425 aliqua

1783 1455 2127 1501 consecraret
2151 1445 2419 1508 t-mnobio,
2467 1460 2524 1497 se
2552 1445 2808 1512 deinceps
2848 1444 3012 1498 refi-rt
3062 1446 3112 1497 iu
3165 1462 3356 1501 nume-

1784 1554 1905 1591 rum
1939 1537 2197 1599 fratrum,
2226 1546 2281 1590 et
2319 1536 2427 1589 illic
2469 1536 2737 1604 reliquum
2778 1537 2900 1590 vita:
2950 1546 3165 1605 tempus
3208 1549 3356 1591 tran-

1785 1631 1930 1701 sigit,
1965 1631 2017 1683 in
2049 1640 2229 1684 storea
2266 1639 2320 1682 et
2349 1629 2483 1682 cella
2512 1628 2903 1697 Euphrosynes
2927 1633 3271 1699 recumbens,
3301 1643 3356 1687 et

1785 1725 1840 1779 id
1888 1739 2008 1778 esse
2038 1738 2289 1794 magnum
2314 1723 2518 1778 ducens
2547 1722 2612 1777 ad
2641 1723 2901 1777 laetitiam.

182 1908 269 1976 lt,"
302 1908 441 1977 Ἐτη
611 1872 742 1961 δέκα
787 1909 880 1960 καὶ
903 1872 1075 1969 ἀὐτὸς
1116 1905 1195 1976 τῷ
1231 1905 1481 1975 κοινοϐίῳ
1505 1903 1677 1975 τούτῳ
1706 1872 1752 1931 Β

1707 1872 1752 1931 Β
1848 1901 1987 1958 XVI.
2019 1900 2155 1957 Cum
2182 1916 2313 1971 ergo
2360 1901 2472 1972 ipse
2503 1917 2719 1971 quoque
2754 1902 2939 1957 decem
2978 1918 3150 1958 annos
3181 1913 3350 1959 trans-

125 2002 393 2068 διαγαγὼν.
427 2001 530 2052 καὶ
554 1999 829 2051 πολιτείαν
860 1997 1148 2066 ἀκριϐείας
1179 1997 1362 2067 πλήρη
1387 1997 1679 2069 διηνυκὼς,

129 2093 333 2159 μετέστη
363 2090 506 2158 πρὸς
524 2088 749 2157 Κύριον,
792 2087 850 2138 τὸ
876 2085 1065 2138 τούτου
1101 2084 1261 2154 σῶμα
1315 2084 1553 2154 ἐχόμενα
1586 2082 1680 2134 τοῦ

128 2184 203 2251 τῆς
232 2182 504 2251 θυγατρὸς
534 2180 699 2234 αὑτοῦ
739 2180 922 2248 τιμίου
952 2177 1202 2247 σώματος
1236 2176 1548 2246 ἐπισκήψας
1581 2194 1680 2229 κα-

127 2275 392 2342 ταταθῆναι
420 2290 433 2303 ·
476 2272 662 2325 ἱκανὸν
694 2272 853 2323 τοῦτο
892 2271 985 2323 καὶ
1016 2271 1154 2338 μετὰ
1202 2270 1434 2321 θάνατον
1466 2267 1682 2335 λογισά-

130 2384 257 2434 μενος
286 2365 641 2437 παραμύθιον
691 2366 847 2433 κωφῇ
886 2364 1034 2416 κόνει
1068 2359 1391 2433 χαρίζεσθαι
1422 2360 1676 2429 σώματος

129 2460 373 2528 inii-qm
412 2458 781 2527 ποθουμένου,
807 2459 885 2519 εἰς
926 2456 1149 2525 μνήμην
1182 2452 1405 2524 διηνεκῆ
1439 2453 1534 2506 καὶ
1586 2451 1677 2505 δό-

133 2552 209 2612 ξαν
232 2551 317 2602 τοῦ
346 2551 529 2604 ταῦτα
557 2550 730 2609 οὕτως
766 2549 1187 2617 οἰκονομηκότος
1213 2545 1369 2600 Θεοῦ·
1403 2539 1447 2613 ᾧ
1476 2544 1676 2615 πρέπει

132 2647 251 2697 nam
286 2646 436 2708 δόξα,
466 2647 626 2714 τιμὴ,
656 2644 753 2695 καὶ
784 2643 1174 2713 προσλύνησις,
1200 2640 1295 2694 νῦν
1329 2641 1425 2694 καὶ
1457 2641 1562 2705 ἀεὶ,
1586 2640 1678 2692 καὶ

132 2737 193 2797 tl;
221 2738 336 2800 τοὺς
385 2738 598 2800 αἰῶνας
629 2736 737 2789 τῶν
777 2735 1010 2789 αἰώνων.
1057 2735 1251 2805 ’Δμήν.

192 2948 2262 2981 Μ

132 2954 593 2986 m

1779 1995 1978 2065 egisset
2011 1994 2065 2047 in
2112 1995 2477 2055 monasterio,
2518 2002 2571 2046 et
2614 1994 2777 2048 vitam
2804 1996 3102 2065 peregisset
3126 2012 3352 2050 accura-

1779 2097 1886 2142 tam
1922 2096 1977 2141 et
2002 2086 2315 2156 perfectam,
2348 2086 2600 2155 migravit
2629 2087 2694 2140 ad
2737 2086 3045 2151 Dominum,
3078 2104 3201 2141 cum
3245 2091 3356 2156 jus-

1779 2180 1941 2234 sisset
1967 2195 2124 2232 suum
2159 2192 2359 2247 corpus
2397 2177 2594 2246 deponi
2628 2193 2794 2246 prope
2828 2177 3013 2241 filiam,
3058 2179 3159 2233 hoc
3189 2181 3352 2233 etiam

1778 2280 1903 2341 post
1930 2279 2155 2324 mortem
2201 2270 2406 2324 ducens
2451 2284 2571 2324 esse
2614 2269 2745 2323 satis
2781 2268 2987 2332 solatii,
3034 2271 3199 2324 surdo
3242 2272 3356 2340 pul-

1784 2364 1894 2417 veri
1924 2363 2166 2432 corporis
2189 2363 2369 2432 largiri
2404 2363 2858 2432 propinquitatem
2878 2364 3015 2432 ejus,
3047 2364 3191 2432 quod
3206 2365 3353 2417 desi-

1783 2456 1969 2518 derat,
2012 2457 2079 2511 ad
2124 2465 2442 2525 perpetuam
2489 2455 2806 2509 memoriam
2857 2464 2914 2509 et
2951 2457 3174 2525 gloriam
3221 2458 3349 2521 Dei,

1782 2549 1872 2617 qui
1899 2549 2012 2602 haec
2037 2549 2114 2602 sic
2142 2549 2495 2617 dispensavit.
2544 2546 2716 2612 Quem
2760 2549 2916 2603 decet
2949 2550 3126 2603 omnis
3160 2550 3348 2618 gloria,

1782 2640 1957 2693 honor
2003 2650 2057 2695 ct
2088 2640 2359 2705 adoratio,
2398 2656 2543 2694 nunc
2592 2650 2645 2695 et
2679 2641 2733 2693 in
2776 2640 2970 2695 saicula
3006 2641 3349 2696 sxculorum.

1778 2732 1969 2785 Amen.

2267 2950 3319 2982 ω

1434 3244 1445 3255 .
1553 3126 1903 3243 VITA

752 3390 1164 3480 neme
1243 3385 2044 3481 APOLLINARIS
2118 3386 2711 3482 manus.

1531 3602 1941 3683 (Δηηονῑιοθ.)

543 3782 710 3847 [Apud
734 3781 930 3831 Surium
953 3778 1010 3827 ad
1030 3778 1160 3827 diem
1180 3774 1211 3824 5
1237 3776 1472 3833 Januarii,
1500 3779 1615 3823 tom.
1654 3774 1691 3832 l,
1722 3787 1831 3836 pag.
1858 3773 1931 3821 ιι.
1970 3773 2185 3822 Textum
2215 3774 2436 3824 (Si-acum
2459 3787 2558 3825 non
2582 3775 2906 3843 lnvenimus.]

178 4091 213 4167 l.
263 4112 590 4181 lmpcrante
633 4108 685 4161 in
718 4108 909 4177 primis
966 4106 1059 4176 pio
1101 4105 1431 4175 imperatore
1468 4106 1679 4161 Anthe-
1708 4114 1754 4175 ο
1783 4104 1962 4169 lestia,
1988 4104 2132 4173 quod
2159 4119 2280 4159 eam
2320 4106 2485 4162 vellet
2515 4108 2745 4178 jungere
2794 4110 3161 4169 matrimonio.
3203 4115 3339 4172 Cum

117 4209 203 4259 mio
226 4206 317 4276 (ἓ),
353 4201 712 4273 imperatoris
741 4200 871 4261 tilio,
901 4199 991 4268 qui
1020 4199 1209 4253 habuit
1233 4198 1367 4253 duas
1396 4197 1535 4253 filias
1560 4214 1575 4251 :
1607 4213 1675 4253 ex

118 4298 287 4363 quibus
331 4311 442 4350 una
504 4292 749 4346 habebat
796 4292 1046 4360 spiritum
1091 4290 1453 4351 immundum,
1502 4289 1671 4343 altera

116 4398 268 4440 autem
297 4387 367 4439 ab
391 4386 633 4438 ineunte
660 4389 819 4434 aetate
855 4380 1081 4433 vacabat
1115 4378 1380 4439 ecclesiis,
1405 4379 1674 4449 martyriis

116 4489 153 4532 et
188 4478 555 4532 orationibus.
587 4473 719 4527 Erat
748 4486 874 4525 vero
900 4471 1019 4540 ejus
1062 4484 1265 4523 nomen
1317 4469 1669 4539 Apollinaris.

121 4572 233 4623 Cum
256 4577 316 4624 ea
352 4578 547 4622 autem
592 4574 741 4619 esset
787 4561 962 4617 aetatis
1020 4561 1294 4630 legitimae,
1355 4562 1673 4630 quazrebant

122 4665 220 4730 ejus
247 4669 507 4731 parentes
539 4672 663 4711 eam
697 4656 890 4709 marito
911 4653 1260 4722 conjungere,
1283 4667 1344 4706 ea
1370 4668 1498 4707 vero
1522 4654 1671 4708 nole-

116 4752 204 4805 bat.
239 4750 373 4805 Dicit
406 4764 548 4803 vero
577 4745 813 4815 quodam
841 4744 928 4798 die
962 4743 1075 4797 suis
1100 4743 1417 4811 parentibus
1450 4761 1462 4795 :
1496 4743 1671 4813 Cupio

117 4844 237 4896 irein
257 4840 686 4897 monasterium.
707 4836 768 4890 Ei
786 4846 968 4890 autem
989 4834 1177 4889 dicunt
1193 4844 1448 4904 parentes
1469 4851 1481 4887 :
1506 4833 1672 4888 Volu-

116 4945 282 4989 muste
303 4934 513 4989 marito
548 4931 903 4999 conjungere.
938 4927 1010 4982 Ea
1040 4942 1173 4981 vero
1214 4926 1349 4981 dicit
1370 4927 1450 4980 eis
1478 4943 1492 4979 :
1533 4926 1669 4981 Nolo

116 5027 341 5097 conjungi
395 5026 631 5085 marito,
669 5021 766 5075 sed
795 5035 953 5089 spero
973 5019 1090 5073 fore
1136 5026 1197 5072 ut
1220 5017 1496 5087 quomodo
1526 5017 1669 5073 Deus

116 5128 298 5171 sanctas
323 5132 455 5171 suas
488 5113 739 5183 virgines
768 5110 1028 5166 custodiit
1058 5110 1389 5180 impollutas,
1422 5124 1511 5163 me
1533 5125 1665 5178 quo-

116 5224 198 5276 que
212 5211 261 5262 in
289 5224 389 5262 suo
422 5209 634 5262 timore
660 5204 928 5258 custodiat
958 5203 1319 5273 impollutam.
1338 5201 1549 5256 Novum
1569 5218 1668 5256 au-

120 5311 277 5356 temet
304 5299 644 5358 admirabile
672 5296 954 5351 videbatur
991 5296 1308 5367 parentibus
1352 5296 1498 5365 quod
1542 5310 1667 5350 cum

118 5402 235 5445 esset
274 5394 326 5446 id
371 5392 591 5453 aetatis,
651 5388 775 5443 talia
824 5388 1053 5452 diceret,
1106 5386 1277 5441 Deum
1322 5387 1661 5442 desiderans.

120 5480 294 5537 ltursus
332 5498 431 5537 eos
469 5481 725 5550 rogabat,
781 5490 839 5534 ut
884 5495 1048 5533 unam
1094 5479 1429 5534 adducerent
1473 5496 1665 5535 mona-

121 5576 267 5637 (ham,
301 5585 358 5627 ut
390 5588 517 5627 eam
548 5571 780 5625 doceret
804 5570 1122 5641 psalterium
1145 5578 1201 5625 et
1238 5570 1437 5641 legere.

173 5664 225 5719 ll.
255 5668 561 5737 Imperator
593 5675 775 5719 autem
799 5680 909 5720 non
949 5680 1116 5735 parva
1146 5662 1377 5719 aﬂ‘ectus
1415 5672 1502 5719 est
1550 5679 1667 5719 mo-

1777 4212 1839 4251 ea
1869 4207 2049 4250 autem
2076 4198 2396 4266 persisteret
2422 4207 2476 4251 et
2527 4203 2718 4254 arrhas
2765 4202 2931 4256 nollet
2972 4205 3238 4275 accipere,
3288 4211 3338 4264 ei

1775 4291 1962 4345 dicunt
1988 4289 2107 4358 ejus
2135 4298 2387 4359 parentes
2413 4307 2427 4343 :
2460 4289 2600 4354 Quid
2628 4293 2729 4355 vis,
2768 4292 2912 4347 ﬁlia?
2934 4295 3007 4348 Ea
3036 4312 3168 4352 vero
3196 4300 3330 4355 dicit

1776 4383 1856 4436 eis
1886 4399 1897 4433 :
1933 4380 2083 4449 Rogo
2104 4395 2221 4442 vos,
2254 4388 2314 4432 ut
2344 4394 2431 4433 me
2459 4380 2527 4434 ad
2560 4381 2729 4435 Deum
2761 4383 3062 4448 adducatis,
3110 4398 3170 4442 ut
3203 4405 3340 4445 mea:

1773 4471 2099 4540 virginitatis
2127 4471 2434 4524 mercedem
2461 4472 2764 4540 accipiatis.
2799 4472 2877 4527 llli
2896 4484 3076 4531 autem
3103 4494 3225 4533 cum
3252 4482 3335 4534 vi-

1773 4565 1981 4619 dissent
2014 4565 2131 4632 ejus
2154 4572 2388 4617 mentem
2412 4578 2533 4617 esse
2561 4566 2701 4618 adeo
2744 4565 2951 4619 ﬁrmam
2985 4578 3041 4622 et
3080 4570 3333 4628 immobi-

1773 4655 1898 4719 lem,
1925 4664 2022 4709 eta
2054 4654 2163 4708 Deo
2200 4654 2337 4707 adeo
2364 4654 2534 4709 fuisse
2554 4666 2812 4721 amatam,
2845 4658 3034 4712 dicunt
3065 4662 3113 4715 ei
3152 4681 3165 4716 :
3202 4664 3338 4733 Spe-

1772 4762 1978 4809 ramus,
2005 4746 2131 4810 filia,
2163 4745 2279 4799 fore
2317 4755 2377 4799 ut
2410 4746 2501 4799 ﬁat
2532 4746 2623 4801 Dei
2665 4748 2935 4804 voluntas.
2966 4751 3159 4808 Paucis
3206 4772 3335 4811 vero

1773 4847 1887 4905 post
1924 4836 2115 4889 diebus
2140 4835 2486 4889 adduxerunt
2503 4836 2569 4889 ad
2586 4852 2704 4890 eam
2734 4841 3048 4906 monachas,
3075 4858 3196 4912 quae
3215 4862 3333 4902 eam

1770 4926 2075 4980 docuerunt
2102 4924 2423 4979 Psalterium
2479 4935 2534 4980 et
2565 4926 2744 4997 legere
2791 4928 3123 4999 Seripturas.

1840 5017 1932 5071 lll.
1965 5018 2209 5083 Quodam
2232 5027 2410 5073 autem
2433 5020 2519 5073 die
2552 5035 2675 5074 cum
2704 5031 2932 5091 uterque
2958 5026 3330 5093 considerent,

1773 5124 1838 5163 ea
1864 5109 1996 5162 dicit
2029 5110 2345 5178 parentibus
2378 5126 2390 5161 :
2427 5111 2577 5179 liogo
2603 5126 2701 5164 vos
2733 5120 2794 5165 ut
2825 5127 2912 5166 me
2948 5115 3236 5171 dimittatis
3273 5120 3327 5172 in

1769 5202 1886 5256 loca
1911 5211 2118 5266 sancta,
2148 5211 2207 5255 ut
2240 5215 2390 5255 orem
2415 5208 2471 5255 et
2513 5202 2734 5255 adorem
2798 5213 3043 5258 sanctam
3085 5222 3330 5263 resurre-

1770 5294 2004 5348 ctionem
2033 5303 2089 5347 et
2116 5307 2331 5346 crucem
2360 5294 2748 5347 venerabilem.
2776 5294 2855 5349 llli
2874 5310 3004 5350 vero
3033 5312 3140 5350 non
3161 5299 3331 5354 habe-

1768 5386 1900 5440 bant
1932 5385 2269 5457 propositnm
2330 5384 2639 5440 dimittendi
2691 5401 2835 5450 eam,
2884 5389 3141 5457 quoniam
3204 5406 3324 5446 eam

1772 5478 1942 5547 magis
1986 5477 2278 5537 amabant,
2331 5492 2493 5545 quam
2542 5493 2783 5532 sororem
2820 5478 2961 5547 ejus.
2993 5496 3113 5550 qua:
3161 5497 3326 5537 vexa-

1767 5569 1945 5624 batur.
1990 5568 2124 5623 Cum
2181 5579 2363 5622 autem
2437 5570 2723 5638 interjecto
2767 5570 2946 5640 aliquo
2993 5574 3164 5640 spatio
3193 5582 3330 5629 tem—

1770 5662 1920 5732 poris
1983 5676 2046 5715 ea
2083 5661 2163 5715 eis
2221 5669 2367 5715 esset
2409 5661 2657 5726 molesta,
2710 5663 2874 5732 jussit
2902 5664 3214 5733 imperator,
3268 5676 3331 5721 ut

179 5822 242 5891 (2)
274 5824 395 5880 Fuit
431 5827 525 5880 hic
553 5825 878 5881 Anthemius
912 5825 1182 5882 Anthemii
1212 5825 1346 5896 imp.
1378 5840 1530 5889 avus,
1563 5823 1850 5880 Theodosii
1874 5825 2105 5897 junioris
2142 5826 2193 5879 in
2226 5825 2456 5895 pueritia
2489 5825 2815 5880 moderator.
