4162 6474
837 430 944 495 393

2066 425 2352 485 ΜΕΝςῶ
2393 423 2854 514 JANUARIUS.

3979 417 4091 482 324

843 553 905 605 ad
935 565 1053 606 eam
1097 548 1440 603 deferrentur
1469 544 1623 614 pueri
1668 554 1722 598 et
1755 542 1983 606 ancillze,
2031 553 2084 595 ct
2115 559 2306 596 aurum
2355 555 2408 596 et
2440 552 2480 605 Α
2513 543 2679 597 tabat.
2703 541 2759 594 In
2786 554 2850 593 eo
2873 549 3053 592 autem
3085 535 3225 597 loco,
3257 534 3308 588 in
3329 548 3437 602 quo
3462 532 3692 587 habebat
3724 533 3970 594 domum,
4000 537 4095 587 in-

841 653 1145 714 argentum,
1172 649 1226 693 et
1255 639 1303 691 ei
1335 639 1526 692 dicunt
1560 638 1814 705 :Accipe,
1853 634 1980 698 lilia,
2024 643 2078 687 et
2140 634 2334 689 recede
2393 652 2406 688 :

843 735 1006 802 imple
1038 742 1218 784 votum
1249 739 1422 782 tuum.
1453 729 1595 781 Deus
1621 727 1765 781 enim
1799 726 1914 778 vult
1971 734 2022 778 te
2082 740 2236 779 suam
2289 739 2410 777 esse

777 871 782 876 .
841 840 1054 882 servam
1094 838 1297 892 :eaque
1329 825 1382 877 in
1423 837 1614 874 navem
1639 820 1909 886 imposua,
1944 819 2028 874 his
2062 818 2245 887 pueris
2275 832 2408 870 con—

844 918 1219 988 sequentibus,
1251 915 1503 969 diverunt
1529 914 1576 965 ei
1603 927 1616 964 :
1653 910 1806 974 Filia,
1838 920 2114 964 memento
2140 910 2311 962 nostri
2357 911 2410 962 in

841 1013 1045 1066 sanctis
1071 1011 1220 1063 locis.
1253 1009 1324 1062 Ea
1354 1025 1480 1060 vero
1502 1006 1632 1058 dicit
1666 1019 1679 1054 :
1716 1003 2000 1069 Quomodo
2023 1003 2154 1056 mihi
2190 1003 2410 1056 satisfe-

845 1105 1018 1168 cistis,
1071 1119 1165 1157 vos
1187 1117 1404 1170 quoque
1439 1100 1489 1151 in
1513 1099 1599 1152 dic
1622 1099 1764 1152 malo
1783 1097 2030 1151 lil-erabit
2056 1096 2332 1159 Dominus,
2358 1106 2415 1150 et

845 1196 1162 1266 parentibus
1192 1195 1368 1246 valere
1395 1192 1583 1260 jussis.
1617 1192 1780 1258 erepit
1811 1190 2088 1260 navigare.

919 1287 1006 1342 IV.
1030 1289 1166 1340 Cum
1195 1295 1376 1339 autem
1414 1285 1597 1353 paucis
1627 1284 1820 1337 diebus
1851 1282 2226 1351 pervenissent
2259 1280 2415 1333 Asca-

846 1381 1046 1441 lonem,
1082 1394 1283 1448 paucos
1305 1378 1422 1429 dies
1447 1377 1554 1428 illic
1593 1383 1912 1427 manserunt
1958 1382 2182 1444 propter
2229 1372 2398 1424 maris

844 1475 1218 1544 jactationem.
1271 1471 1390 1538 Ipsa
1418 1484 1547 1522 vero
1569 1483 1732 1521 orans
1767 1468 1819 1518 in
1856 1467 2115 1520 omnibus
2166 1464 2416 1518 ecclesiis

848 1577 904 1620 et
934 1564 1306 1626 monasteriis,
1341 1563 1422 1616 eis
1471 1577 1690 1630 quoque
1738 1559 2048 1620 exhibebat,
2087 1574 2208 1626 qua:
2257 1566 2416 1611 erant

853 1657 1175 1711 necessaria.
1218 1656 1433 1722 Aliquot
1463 1665 1643 1706 autem
1667 1662 1787 1721 post
1817 1651 2034 1712 diebus,
2072 1665 2197 1702 cum
2255 1649 2408 1701 inve-

852 1751 1126 1804 nissemus
1156 1748 1403 1808 comites,
1431 1746 1681 1798 venimus
1733 1743 1788 1796 in
1824 1751 2070 1796 sanetam
2113 1741 2411 1792 civitatem.

846 1841 1091 1908 Cumque
1125 1840 1178 1892 in
1201 1837 1488 1907 quemdam
1520 1837 1696 1889 locum
1730 1835 2144 1890 divertissemus
2198 1841 2416 1900 propter

2513 635 2660 688 venit
2705 647 2866 684 unam
2904 629 3162 692 vetulam,
3202 627 3288 682 cui
3336 626 3569 695 praebuit
3609 626 3873 679 modicam
3913 627 4086 680 bene-

2511 725 2828 786 dictionem,
2873 731 2928 776 et
2959 721 3093 774 dixit
3143 719 3191 773 ei
3251 737 3262 770 :
3311 718 3532 786 Accipe,
3565 732 3740 779 soror,
3780 725 3833 770 et
3896 719 3983 770 abi
4033 719 4093 770 in

2510 817 2816 877 ecclesiam,
2875 823 2930 868 et
2970 827 3091 866 eme
3140 811 3270 864 mihi
3315 826 3484 864 unum
3530 810 3923 862 lebetonarium
3971 826 4097 862 mo-

2511 910 2802 971 nasticam,
2833 916 2887 961 et
2919 906 3174 960 similiter
3218 902 3518 965 humerale,
3570 911 3624 955 et
3684 901 3978 963 cucullam,
4031 911 4094 954 et

2511 1001 2697 1068 accipe
2728 999 2890 1051 etiam
2918 995 3216 1066 cingulum.
3252 993 3456 1046 Abiens
3487 1007 3616 1045 vero
3651 992 3850 1053 vetula,
3895 992 3943 1044 ei
3984 991 4098 1044 hac

2514 1092 2567 1146 in
2597 1107 2654 1145 re
2677 1091 2924 1144 inservit.
2967 1089 3104 1142 Cum
3131 1102 3195 1140 ea
3226 1096 3408 1140 autem
3445 1085 3736 1144 attulisset,
3797 1085 3847 1138 ei
3899 1099 4096 1153 precaw

2514 1191 2563 1236 ta
2595 1192 2678 1236 est
2711 1182 2949 1235 dicens:
3006 1178 3147 1232 Deus
3189 1187 3240 1231 te
3281 1177 3519 1246 adjuvet,
3568 1175 4097 1244 Mamma.Cumque

2515 1275 2836 1344 accepisset,
2866 1272 3164 1329 occultavit
3197 1281 3421 1340 pr0pter
3440 1284 3659 1339 pueros.
3693 1269 3921 1334 Quando
3988 1285 4096 1322 au-

2516 1377 2625 1422 tem
2660 1367 2830 1420 voluit
2861 1365 3041 1436 egredi
3073 1365 3140 1418 ad
3169 1373 3418 1416 sanctum
3454 1362 3689 1425 Menam,
3733 1362 3797 1415 iis
3828 1363 4100 1415 omnibus

2518 1459 2885 1521 manumissis,
2927 1459 3078 1513 dedit
3099 1459 3179 1511 eis
3205 1457 3256 1510 id
3277 1456 3420 1525 quod
3450 1465 3569 1510 erat
3614 1455 3681 1508 ad
3738 1456 3940 1508 victum
3987 1472 4101 1509 ne-

2515 1551 2832 1614 cessarium,
2857 1560 2911 1607 et
2931 1566 3026 1604 eos
3053 1549 3281 1604 dimisit.
3323 1546 3399 1600 Illi
3447 1563 3576 1602 vero
3607 1547 3654 1600 ei
3690 1545 3827 1600 bene
3871 1547 4094 1616 precati

2517 1653 2888 1696 recesserunt.

2589 1732 2722 1787 Vlll.
2759 1733 2895 1787 Cum
2931 1742 3110 1787 autem
3169 1747 3356 1787 secum
3407 1729 3712 1800 accepisset
3762 1730 4095 1784 eunuchum

2519 1837 2708 1883 unum,
2744 1831 2797 1874 et
2840 1838 3008 1875 unum
3070 1837 3283 1884 senem,
3331 1821 3453 1874 navi
3506 1821 3731 1874 venitin
3795 1819 4096 1873 Lemnam.

851 1932 1337 1993 nostrassarcinas,
1359 1912 1664 1998 puerosque
1679 1924 2222 1993 ctancillas,quiuna
2239 1932 2415 1983 erant,
2451 1897 2493 1951 Β
2519 1914 2763 1981 Cumque
2800 1915 3180 1982 pervenissent
3209 1913 3272 1967 ad
3302 1914 3446 1968 aedes
3481 1912 3781 1973 Philoxeni,
3816 1913 4018 1966 didicit
4055 1913 4105 1963 is

850 2025 1125 2094 paululum
1155 2021 1541 2090 requievimus.
1578 2018 1665 2072 Eis
1687 2030 1868 2072 autem
1905 2017 2039 2070 dixit
2069 2016 2222 2069 beata
2254 2014 2417 2082 Apol-

849 2120 1042 2174 linaris
1075 2136 1086 2171 :
1121 2117 1296 2187 Agite,
1351 2113 1641 2168 adoremus
1688 2113 1903 2166 beatam
1956 2109 2417 2164 resurrectionem

855 2222 910 2266 et
940 2210 1306 2265 venerandam
1323 2221 1561 2260 crucem.
1595 2206 1761 2259 Porro
1786 2216 1966 2258 autem
1991 2205 2072 2258 eis
2111 2203 2417 2262 orantibus,

849 2319 912 2356 ea
938 2302 1126 2357 orabat
1166 2315 1263 2370 pro
1279 2299 1391 2352 suis
1421 2297 1758 2366 parentibus.
1793 2295 2078 2363 Coepitque
2102 2293 2422 2348 benefacere

853 2391 956 2454 iis,
1007 2391 1096 2458 qui
1147 2405 1281 2456 opus
1331 2389 1625 2441 habebant.
1681 2387 1835 2439 Ibant
1888 2401 2018 2439 vero
2077 2385 2295 2438 assidue
2353 2383 2420 2436 ad

852 2482 1185 2536 monasteria
1219 2481 1488 2550 virginum
1513 2479 1858 2548 perennium,
1887 2486 1942 2531 et
1964 2476 2030 2530 ad
2057 2491 2172 2538 eos,
2201 2475 2292 2544 qui
2331 2475 2415 2528 vi—

851 2586 959 2628 tam
987 2575 1217 2644 agebant
1239 2572 1613 2634 monasticam,
1646 2569 2106 2640 etsuppeditabat
2149 2568 2251 2632 eis,
2295 2582 2416 2634 quin

851 2672 1005 2718 erant
1039 2661 1364 2716 necessaria.

925 2755 985 2810 ν.
1031 2755 1276 2821 Quodam
1305 2764 1484 2807 autem
1516 2752 1604 2806 die
1637 2753 1767 2806 dicit
1790 2753 1880 2806 uni
1912 2767 1976 2806 ex
2013 2751 2077 2804 iis
2098 2751 2188 2820 qui
2214 2765 2336 2804 cum
2360 2763 2422 2802 ea

854 2849 1211 2902 versabantur
1246 2865 1256 2898 :
1295 2843 1429 2899 Volo
1453 2861 1565 2905 vos,
1597 2845 1640 2897 si
1677 2843 1819 2901 Deus
1843 2845 1995 2903 velit,
2027 2843 2278 2896 liberare.
2309 2840 2423 2893 Hoc

854 2953 1034 2996 autem
1063 2940 1267 3002 audito,
1302 2937 1480 2992 atl‘ecti
1505 2947 1633 2992 sunt
1655 2936 1921 2990 molestia.
1953 2935 2045 2988 Illa
2076 2936 2255 3002 itaque
2277 2934 2420 2987 dixit

854 3035 934 3087 eis
969 3053 979 3085 :
1017 3031 1093 3086 Ne
1125 3033 1242 3085 silis
1272 3033 1456 3084 animo
1480 3031 1648 3083 anxii.
1687 3027 1739 3082 Si
1777 3029 1916 3081 Deus
1943 3026 2085 3083 enim
2118 3025 2244 3092 quid
2277 3040 2425 3078 com-

858 3123 1049 3192 pungit
1083 3135 1256 3174 meam
1294 3119 1676 3181 lunnilitatcm,
1736 3116 1989 3186 praebebo
2020 3115 2086 3168 ad
2129 3127 2226 3167 vos
2272 3114 2425 3168 alen-

861 3216 982 3268 dos.
1011 3216 1259 3281 Cumque
1297 3211 1330 3264 ii
1363 3211 1702 3280 accepissent
1730 3210 1847 3279 ejus
1880 3206 2338 3272 benedictionem,
2374 3205 2420 3258 ei
2449 3237 2492 3296 Ε

858 3307 1103 3375 ingentes
1131 3305 1328 3371 gratias
1359 3303 1610 3372 agebant.
1672 3302 1808 3355 Cum
1865 3314 1996 3354 vero
2043 3298 2419 3359 recessissent,

855 3397 983 3446 abiit
1021 3411 1142 3446 Clllll
1169 3394 1255 3451 iis,
1285 3393 1372 3460 qui
1396 3392 1442 3444 ei
1468 3400 1864 3450 remanserant,
1897 3389 1966 3442 ad
1997 3387 2293 3441 Jordanem
2331 3395 2422 3438 :et

857 3483 969 3534 illic
994 3497 1184 3532 rursus
1208 3480 1434 3547 prwbuit
1466 3479 1548 3540 iis,
1575 3479 1664 3547 qui
1692 3492 1828 3546 opus
1861 3475 2155 3529 habebant.
2178 3474 2424 3542 Cumque

857 3575 1006 3628 illinc
1033 3573 1258 3642 profecti
1316 3581 1514 3635 essent,
1569 3586 1754 3624 rursus
1801 3570 2028 3623 veniunt
2069 3567 2123 3621 in
2179 3575 2421 3620 sanctam

860 3667 1153 3718 civitatem.

933 3757 1020 3809 VI.
1048 3756 1255 3823 Elapsis
1277 3764 1456 3808 autem
1483 3753 1686 3823 aliquot
1710 3753 1925 3814 diebus,
1952 3768 2075 3806 cum
2099 3765 2249 3806 suam
2274 3765 2424 3804 com-

863 3846 1063 3915 plesset
1091 3846 1409 3904 oralionem,
1443 3843 1573 3897 dicit
1604 3844 1683 3896 eis
1715 3844 1802 3911 qui
1837 3858 1942 3895 una
1980 3858 2103 3896 cum
2138 3858 2198 3895 ea
2227 3848 2382 3894 erant
2409 3857 2422 3894 :

859 3937 1076 3990 Fratres
1121 3938 1248 3998 mei,
1275 3936 1395 3989 volo
1446 3951 1540 3989 vos
1589 3951 1806 4003 quoque
1855 3935 2106 3988 liberare.
2135 3932 2240 3986 Sed
2279 3946 2424 3986 nunc

861 4043 1049 4100 eamus
1072 4029 1136 4080 ad
1181 4027 1561 4080 Alexandriam
1614 4042 1784 4096 usque
1810 4035 1863 4080 et
1917 4037 2162 4080 sanctum
2212 4024 2422 4078 Menam

859 4121 1168 4174 adoremus.
1195 4117 1270 4170 Illi
1292 4133 1418 4171 vero
1433 4118 1719 4171 dixerunt:
1747 4118 2006 4186 Utjubes,
2029 4116 2421 4171 domina.Cum

861 4210 1228 4265 descendisset
1253 4217 1430 4262 autem
1454 4209 1793 4266 Ascalonem.
1814 4209 2088 4263 distribuit
2116 4209 2168 4261 in
2217 4209 2300 4262 via
2335 4209 2419 4268 iis,

862 4302 951 4371 qui
978 4317 1114 4370 opus
1145 4300 1415 4353 habebant
1445 4316 1457 4352 :
1491 4301 1819 4368 inventoque
1863 4300 2097 4371 navigio,
2126 4301 2266 4368 quod
2317 4300 2426 4353 ibat

860 4393 1266 4454 Alexandriam,
1294 4406 1358 4444 eo
1397 4392 1742 4459 navigarunt.
1769 4393 1988 4446 Audivit
2025 4393 2292 4448 autemis.
2329 4391 2418 4460 qui

859 4495 1201 4553 eratpra-ses
1231 4497 1296 4536 eo
1344 4491 1606 4551 tempore,
1657 4492 1713 4536 et
1741 4483 1890 4537 misit
1926 4483 1991 4538 ad
2036 4497 2156 4537 eam
2199 4483 2426 4537 adoran-

2519 2008 2610 2076 qui
2651 2016 2768 2062 erat
2799 2008 2907 2062 illic
2945 2007 3398 2065 Paramonarius;
3433 2008 3691 2075 venitque
3735 2022 3857 2060 cum
3892 2021 4107 2076 magno

2521 2109 2804 2168 apparatu,
2876 2099 3116 2168 dicitque
3177 2099 3226 2152 ei
3273 2099 3613 2168 procidens:
3665 2098 3889 2152 Domina
3949 2116 4107 2160 mea,

2524 2192 2613 2244 ubi
2640 2192 2800 2259 jubes
2829 2206 2915 2245 me
2943 2206 3164 2244 manere
3191 2191 3367 2245 donec
3419 2189 3759 2252 ascenderis,
3823 2199 3876 2244 et
3944 2203 4104 2243 tuam

2522 2283 2718 2339 feceris
2759 2283 3093 2337 orationem?
3129 2283 3248 2352 Ipsa
3274 2298 3404 2337 vero
3424 2298 3549 2336 eum
3583 2283 3789 2352 rogavit
3827 2297 3951 2336 cum
4011 2298 4101 2337 sa-

2522 2381 2826 2436 cramento,
2859 2381 2916 2426 ut
2940 2373 3076 2426 nihil
3100 2373 3167 2426 ad
3199 2388 3258 2427 se
3283 2372 3590 2426 all‘erretur.
3612 2373 3749 2426 Dicit
3781 2383 3963 2426 autem
3997 2376 4048 2427 ei
4091 2393 4103 2426 :

2526 2466 2630 2519 Fac
2685 2465 2922 2520 officium
2951 2465 3250 2518 cbaritatis.
3289 2465 3440 2519 Aller
3479 2466 3544 2518 ad
3570 2481 3656 2519 me
3693 2476 3930 2534 quatuor
3979 2469 4109 2518 ani-

2524 2557 2781 2622 malia,ut
2805 2558 3105 2611 ascendens
3136 2557 3356 2611 adorem
3408 2566 3658 2611 sanctum
3705 2557 3954 2618 inetiam.
4008 2558 4110 2611 Ille

2523 2659 2701 2704 autem
2737 2650 2823 2703 die
2847 2649 3092 2718 sequenti
3118 2649 3342 2703 adduxit
3365 2649 3638 2703 animalia.
3665 2649 3739 2704 Ea
3762 2665 3900 2707 ,vero
3926 2650 4069 2703 dixit
4097 2670 4107 2710 ;

2527 2742 2700 2796 Crede
2724 2742 2970 2800 Domino,
2991 2742 3071 2796 eis
3097 2756 3201 2795 non
3234 2742 3505 2807 insidebo,
3534 2742 3638 2797 nisi
3665 2757 3852 2796 eorum
3887 2759 4113 2797 merce—

2525 2834 2644 2888 dv-m
2669 2835 2887 2888 dedero.
2919 2833 3056 2889 Cum
3087 2834 3325 2888 dedisset
3361 2834 3642 2903 plusquam
3682 2835 3796 2888 dari
3848 2849 4098 2897 coiisue-

2528 2926 2718 2988 visset,
2758 2925 3017 2980 valedixit
3086 2941 3390 2980 (economo.
3433 2925 3552 2995 Ipse
3612 2935 3794 2980 autem
3844 2930 4106 2984 recessit.

2525 3031 2744 3090 accepta
2776 3023 2842 3074 ab
2872 3036 2934 3074 ea
2971 3021 3376 3075 benedictione.

2600 3113 2688 3168 IX.
2722 3114 2856 3166 Cum
2913 3129 2975 3168 ea
3013 3125 3192 3168 autem
3241 3114 3597 3174 ascendisset,
3651 3113 3780 3167 fecit
3830 3124 3889 3166 ut
3935 3129 4110 3183 agaso

2527 3206 2687 3258 etiam
2721 3206 2952 3259 alterum
2991 3206 3191 3259 animal
3232 3206 3571 3259 ascenderet.
3602 3204 3846 3264 Cumque
3905 3221 4108 3274 pervc-

2531 3299 2739 3350 nissent
2765 3298 2827 3350 ad
2852 3297 3878 3365 sanctumlienam,(3)ejusvenerabile
3919 3301 4111 3350 moni-

2531 3398 2776 3442 mentum
2808 3388 3121 3441 adoravere.
3157 3388 3374 3441 Audivi!
3423 3399 3602 3440 autem
3652 3405 3997 3453 (nconomus,
4043 3404 4101 3443 et

2528 3481 2676 3534 venit
2706 3479 2759 3531 in
2811 3479 2956 3531 clero
2976 3479 3039 3531 ad
3077 3494 3194 3532 eam
3219 3479 3574 3538 adorandam.
3603 3479 3692 3532 Illa
3751 3495 3882 3536 vero
3923 3497 3988 3534 ex
4046 3498 4114 3534 ιο

2529 3571 2718 3625 alTecta
2751 3583 2833 3624 εει
2867 3571 3140 3624 molestia.
3172 3570 3391 3625 Nolehal
3421 3573 3564 3625 enim
3599 3587 3879 3639 cognosci,
3947 3590 4110 3626 o'co-

2530 3679 2723 3718 nomus
2789 3672 2968 3716 autem
3023 3679 3140 3718 eam
3211 3665 3450 3734 rogabat,
3522 3665 3709 3719 dicens
3765 3683 3777 3718 :
3844 3667 4111 3728 Domina,

2528 3755 2660 3824 jube
2718 3755 2770 3808 in
2817 3756 2977 3808 domo
3021 3770 3158 3808 mea.
3193 3755 3266 3808 Ea
3315 3771 3444 3809 vero
3489 3755 3619 3808 dicit
3656 3757 3704 3809 ei
3757 3772 3768 3806 :
3823 3757 3936 3825 Ego
3987 3759 4115 3808 volo

2532 3862 2698 3900 unum
2735 3845 2877 3900 diem
2909 3861 3130 3899 manere
3182 3845 3234 3899 in
3285 3846 3538 3910 ecelesia,
3584 3847 3759 3900 donec
3815 3862 3901 3899 me
3959 3846 4113 3899 Deus

2540 3936 2810 3990 dimiserit
2839 3952 2925 3999 eo,
2961 3953 3068 4004 quo
3108 3951 3226 3989 sum
3293 3937 3526 4000 abitura,
3575 3937 3828 4005 misitque
3871 3938 3940 3990 ad
3984 3954 4112 3989 eam

2533 4029 2705 4082 sancti
2729 4028 3186 4081 benedictionem.
3212 4027 3493 4081 Distribuit
3521 4039 3702 4081 autem
3726 4030 3808 4092 iis,
3841 4031 3933 4097 qui
3965 4045 4113 4098 ορυς

2533 4119 2825 4173 habebant.
2878 4117 3006 4173 Post
3091 4128 3198 4172 tres
3245 4133 3374 4172 vero
3418 4120 3534 4173 dies
3583 4120 3716 4174 dicit
3767 4134 4062 4173 Oeconomo
4101 4141 4112 4170 :

2529 4211 2777 4281 Fungere
2807 4210 2985 4266 ofﬁcio
3015 4211 3318 4266 cbaritatis.
3353 4210 3543 4265 Pr:ebe
3580 4211 3710 4264 mihi
3747 4226 3912 4264 unam
3943 4211 4110 4264 lecti-

2530 4317 2672 4362 cam,
2706 4312 2763 4356 ut
2797 4307 2985 4355 abeam
3009 4313 3063 4355 et
3105 4303 3326 4356 adorem
3361 4300 3550 4355 Patres
3587 4299 3782 4355 Sectis.
3827 4301 3876 4353 Is
3914 4313 4111 4355 autem

2532 4394 2797 4448 accersito
2826 4409 2934 4447 uno
2963 4393 3261 4454 lecticario,
3293 4395 3430 4448 dixit
3456 4395 3502 4448 ei
3539 4413 3550 4446 :
3605 4393 3662 4446 ln
3719 4394 3947 4448 nomine
4003 4396 4103 4448 Du

2534 4487 2668 4540 afl‘er
2697 4487 2762 4540 ad
2795 4501 2878 4540 me
2911 4486 3176 4541 lecticam.
3209 4488 3301 4541 Ille
3321 4503 3449 4541 vero
3479 4487 3614 4540 dixit
3646 4503 3659 4539 :
3699 4483 3945 4540 Jussisﬁ.
3971 4486 4112 4538 Bea-

858 4577 1003 4628 dam.
1039 4576 1111 4629 Ea
1153 4590 1280 4629 vero
1335 4590 1442 4628 non
1485 4589 1640 4642 passa
1680 4583 1782 4637 est,
1824 4575 1917 4629 sed
1965 4585 2128 4629 noctu
2181 4575 2330 4628 venit
2368 4574 2423 4628 in
2462 4598 2502 4651 ι)
2531 4586 2581 4629 ta
2612 4585 2792 4629 autem
2821 4576 3041 4630 adducit
3071 4576 3134 4630 ad
3172 4591 3231 4630 se
3257 4591 3511 4645 puerum,
3551 4574 3644 4643 qui
3695 4575 3745 4628 ei
3801 4590 4104 4630 remanse-

861 4667 1191 4734 praetorium,
1223 4677 1280 4722 et
1314 4667 1559 4720 adoravit
1615 4665 1901 4733 praesidem
1927 4675 1983 4721 et
2007 4667 2128 4734 ejus
2175 4679 2420 4719 uxorem.

855 4761 941 4814 Illi
977 4775 1104 4813 vero
1134 4759 1199 4812 ad
1224 4759 1388 4828 pedes
1407 4759 1523 4828 ejus
1570 4758 1877 4828 procidunt,
1929 4758 2174 4812 dicentes
2207 4775 2218 4809 :
2265 4757 2426 4821 Qua!-

863 4866 1074 4913 snmus,
1113 4852 1351 4913 (Ion‘ina,
1380 4865 1477 4903 cur
1515 4849 1591 4903 sic
1623 4849 1835 4904 fecisti?
1895 4847 2003 4902 Nos
2042 4849 2288 4902 misimus
2329 4846 2424 4915 qui

863 4945 1111 4997 venirent
1145 4944 1209 4995 ad
1244 4953 1364 4997 tuos
1390 4942 1574 5011 pedes.
1598 4951 1650 4994 et
1677 4952 1753 5004 tu,
1777 4940 1994 4995 domina
2012 4948 2218 4996 nostra.
2271 4939 2424 4990 veni-

865 5037 932 5090 sti
956 5035 1024 5088 ad
1059 5045 1280 5088 nostros
1337 5033 1538 5103 pedes?
1575 5033 1647 5087 Ea
1727 5048 1856 5087 vero
1917 5032 2048 5086 dicit
2080 5033 2159 5085 eis
2203 5049 2212 5082 :
2255 5028 2426 5083 Vultis

861 5127 992 5180 mihi
1024 5141 1137 5180 rem
1160 5135 1362 5194 gratam
1395 5125 1604 5178 facere?
1631 5124 1824 5180 Dicunt
1853 5126 1900 5179 ei
1931 5143 1941 5177 :
1977 5124 2156 5187 Certe,
2185 5122 2422 5176 domina.

862 5217 937 5270 Ea
975 5233 1101 5271 vero
1131 5218 1261 5270 dicit
1289 5218 1368 5270 eis
1400 5236 1412 5269 :
1446 5215 1710 5270 Duuittite
1759 5217 2143 5285 tne,quoniam
2181 5216 2308 5268 volo
2346 5215 2424 5267 ire

862 5321 1076 5362 oratum
1112 5310 1178 5362 ad
1209 5317 1457 5362 sanctum
1495 5309 1727 5364 Menam.
1769 5309 1846 5362 Illi
1893 5322 2074 5362 autem
2121 5323 2243 5360 cum
2283 5322 2421 5376 pr'e-

859 5401 1024 5455 claris
1053 5401 1212 5454 donis
1257 5415 1377 5454 eam
1426 5400 1771 5455 dimiserunt.
1839 5400 1911 5454 Ea
1957 5415 2086 5457 vero
2127 5401 2420 5469 accipiens,

861 5491 1043 5545 omnia
1077 5492 1347 5547 distribuit
1380 5495 1730 5563 pauperibus.

931 5582 1044 5636 \‘lI.
1075 5581 1212 5638 Cum
1246 5593 1420 5638 autrm
1444 5586 1493 5637 in
1515 5587 1732 5640 civitate
1752 5586 2040 5640 mansisset
2064 5599 2262 5654 paucos
2279 5583 2418 5646 dies,

859 5675 971 5728 ibat
1000 5677 1192 5744 ubique
1231 5676 1282 5730 in
1315 5679 1661 5744 monasteria,
1707 5686 1762 5731 et
1792 5678 2009 5732 assidue
2037 5678 2117 5732 eis
2162 5677 2416 5746 suppedio

2532 4679 2632 4728 rat.
2670 4678 2724 4720 et
2766 4668 3144 4721 benedictione
3176 4667 3224 4721 ei
3263 4667 3413 4729 data.
3459 4681 3581 4722 eum
3615 4681 3828 4736 quoque
3867 4668 4118 4736 dimisit,

2528 4758 2715 4813 dicens
2742 4779 2754 4813 :
2790 4759 2894 4814 Ora
2931 4775 3026 4829 pro
3057 4775 3164 4814 me.

2605 4848 2664 4900 Χ.
2690 4851 2832 4904 Cum.
2857 4850 3104 4919 sequenti
3135 4860 3314 4905 autem
3349 4852 3438 4907 die
3486 4851 3721 4905 venisset
3760 4849 4110 4914 lecticarius,

2529 4941 2727 4997 mansit
2759 4942 2934 4996 donec
2995 4941 3098 4996 fuit
3131 4958 3379 5012 vespera.
3417 4943 3663 5013 Cumque
3746 4943 4113 4999 valedixisset

2534 5044 2823 5084 meonomo
2861 5038 3124 5098 etpusro,
3149 5034 3398 5086 ascendit
3426 5034 3478 5086 in
3512 5034 3842 5093 lecticulam,
3882 5033 4111 5088 habens

2529 5122 2676 5176 intus
2705 5131 2881 5180 vestes
2905 5124 3272 5188 monachicas,
3302 5134 3358 5179 et
3389 5126 3516 5180 fecit
3548 5135 3606 5179 ut
3631 5140 3773 5194 pone
3825 5127 4110 5179 ascende—

2529 5223 2611 5268 ret
2657 5215 2964 5277 cunuchus,
3017 5224 3144 5269 ante
3193 5226 3373 5270 autem
3425 5216 3751 5270 lecticarius.
3803 5215 4110 5284 Cmpitque

2529 5309 2686 5362 beata
2718 5323 2894 5372 orare,
2927 5324 3048 5362 cum
3081 5320 3226 5363 esset
3257 5311 3426 5371 intus,
3461 5322 3515 5364 et
3546 5325 3574 5363 a
3608 5309 3835 5364 Domino
3861 5309 3979 5364 Deo
4013 5327 4109 5380 pe.

2529 5408 2644 5453 tere
2671 5401 2958 5454 auxilium.
2988 5400 3142 5454 Circa
3180 5403 3412 5455 mediam
3435 5415 3618 5456 autem
3653 5413 3873 5457 noctein
3897 5418 4108 5470 pen-eo

2449 5513 2456 5520 ·
2526 5492 2607 5546 nit
2629 5493 2693 5547 ad
2725 5493 2970 5561 paludem
2994 5510 3161 5563 prope
3195 5494 3420 5555 fontem,
3448 5495 3537 5563 qui
3560 5509 3730 5562 usque
3763 5495 3817 5547 in
3872 5495 4105 5549 hodiero

2525 5599 2654 5636 num
2687 5584 2828 5637 diem
2853 5584 3048 5642 dicitur
3073 5584 3214 5638 Fons
3242 5587 3586 5654 Apollinaris.
3614 5585 3863 5653 Cumque
3888 5587 4106 5641 lecticae

2524 5673 2696 5744 pelles
2731 5675 3054 5744 aperuisset,
3111 5675 3202 5733 Dei
3243 5677 3579 5747 providentia
3639 5677 3850 5730 invenit.
3906 5679 4106 5731 ambos

927 5879 1000 5942 (ἶ)
1045 5876 1177 5937 Nota
1223 5879 1502 5958 antiquum
1551 5892 1752 5935 morem
1795 5881 2081 5935 venerandi
2129 5885 2371 5952 sepulcra
2416 5891 2745 5936 sanctorum.
