4162 6474
102 422 181 482 3‘35
1071 436 1245 495 VITA
1280 439 1343 498 B.
1388 441 1901 508 APOLLINARIS
1937 452 2305 517 VIRGINIS.

3213 465 3315 525 326

101 535 412 591 dormientes.
440 536 689 608 Cumque
717 556 775 596 se
807 545 1050 600 vestibus
1105 550 1349 605 exuisset
1405 555 1632 607 munda-
1660 558 1709 617 Α
1737 574 1858 617 sent
1911 581 2116 632 preces,
2172 570 2450 621 sederunt.
2496 569 2626 622 Eam
2666 580 2843 624 autem
2886 573 3091 639 rogavit
3152 576 3315 629 aldus

104 628 166 678 nis
213 624 380 679 induit
448 643 507 682 se
574 634 912 699 monasticis,
969 637 1157 694 dicens
1219 660 1230 693 :
1284 640 1384 706 Qui
1439 644 1635 699 dedisti

104 714 413 782 principium,
446 726 505 771 ut
550 719 694 774 hunc
715 734 962 779 sanctum
1002 744 1323 798 assequerer
1366 734 1635 799 habitum,

104 806 164 858 fac
191 821 265 859 me
296 807 541 877 dignam,
576 823 634 866 ut
663 830 789 868 cum
819 818 884 871 ad
935 818 1097 873 ﬁnem
1143 824 1437 890 pcrdmam
1487 844 1633 880 eon—

103 909 319 965 gruenter
349 911 459 956 tua:
482 904 769 972 voluntati,
802 909 1047 966 Domine.
1069 913 1315 985 Cumque
1339 932 1396 971 se
1426 920 1637 988 signas-

103 1001 176 1055 εει,
202 992 385 1057 deiecit
413 1010 475 1049 se
509 1012 538 1050 e
574 999 787 1065 lectica,
826 1011 880 1055 et
930 1005 1174 1075 ingressa
1219 1020 1305 1065 est
1358 1014 1612 1081 paludem

106 1080 217 1135 Deus
245 1094 423 1138 :mtem
460 1102 583 1141 cum
631 1092 857 1147 vidisset
892 1096 1011 1163 ejus
1069 1098 1121 1151 in
1164 1080 1367 1169 ipsumr
1403 1104 1639 1158 charita-

104 1187 201 1234 tem.
235 1178 416 1231 effecit
443 1191 502 1234 ut
542 1184 786 1250 quandiu
830 1186 982 1253 vixit,
1021 1191 1088 1244 ad
1128 1194 1527 1250 nutrimentum
1586 1199 1635 1252 ci

105 1269 241 1336 palma
270 1270 569 1326 suffecerit.

154 1362 226 1414 XI.
272 1362 404 1417 Cum
445 1376 627 1420 autem
666 1369 976 1426 lecticarius
1004 1382 1057 1426 et
1095 1378 1382 1433 eunuchus
1418 1382 1636 1442 excitati

104 1462 263 1507 essent.
294 1462 349 1505 et
382 1457 773 1524 cognovissent
815 1476 933 1514 eam
967 1478 1076 1517 non
1133 1480 1255 1521 esse
1313 1469 1366 1521 in
1421 1471 1635 1534 lectica,

105 1542 221 1593 valde
247 1553 367 1596 sunt
421 1545 696 1600 admirati.
728 1548 1059 1607 Invenerunt
1107 1555 1252 1609 enim
1277 1569 1469 1618 vestes.
1504 1577 1639 1629 quas

106 1632 285 1696 [θείω.
336 1634 391 1687 in
428 1636 656 1701 lectica;
695 1640 1097 1712 redeuntesque
1147 1655 1496 1705 veneruutad
1517 1669 1639 1705 san-

104 1733 231 1784 ctum,
258 1732 309 1775 et
354 1738 646 1779 (economo
674 1728 742 1783 de
777 1746 838 1784 ea
894 1735 1218 1803 retulerunt,
1255 1738 1377 1808 ejus
1421 1757 1636 1811 quoque

102 1823 242 1866 vestes
261 1815 305 1868 ei
332 1818 711 1873 ostendentes.
757 1820 1235 1896 Stupel'actusque,
1264 1830 1318 1884 in
1358 1833 1633 1888 civitatem

1742 654 2030 721 Macarius,
2060 660 2246 713 dicens
2276 678 2288 713 :
2315 661 2429 723 Dic,
2455 662 2610 721 mihi,
2634 664 2817 720 frater.
2852 666 3119 718 undenam
3144 671 3314 731 venis,

1741 754 1794 797 et
1815 748 1959 815 quod
1984 756 2063 800 est
2093 749 2185 802 tibi
2219 751 2457 803 nomen?
2496 751 2585 804 Ilia
2620 769 2745 803 vero
2780 754 2911 807 dixit
2942 773 2953 806 :
2992 756 3163 809 Voeor
3210 757 3315 809 Ilo-

1743 836 1986 898 rotheus,
2016 848 2214 890 etcum
2248 841 2537 893 audiissem
2575 841 2640 892 de
2676 843 2895 902 sam-tis,
2928 848 3017 913 qui
3053 847 3138 899 hic
3167 857 3312 907 sunt.

1742 923 2013 987 Patribus.
2083 927 2226 980 volui
2268 945 2373 981 ttua
2407 945 2527 982 cum
2568 931 2650 983 eis
2687 932 2954 990 habitare,
2988 936 3030 985 si
3100 937 3200 988 sint
3234 936 3316 988 di-

1742 1031 1899 1084 gnus.
1946 1016 2085 1072 Dicit
2113 1028 2290 1071 autem
2319 1021 2365 1071 ei
2402 1035 2589 1073 rursus
2621 1038 2784 1075 senex
2823 1041 2832 1074 :
2868 1022 3147 1086 Quodnam
3180 1042 3316 1093 opus

1743 1107 1911 1160 facis?
1942 1108 2014 1161 Ea
2046 1124 2175 1162 vero
2208 1109 2340 1163 dicit
2369 1128 2381 1161 :
2410 1108 2646 1175 Faciam,
2683 1113 2723 1164 si
2772 1116 2898 1180 quiu
2952 1129 3038 1166 me
3064 1116 3237 1181 julns.
3270 1117 3317 1170 Is

1741 1208 1923 1251 autem
1973 1201 2211 1253 ostendit
2258 1201 2327 1263 ei,
2364 1211 2425 1253 ut
2462 1200 2661 1255 faceret
2696 1213 2963 1257 catenam.
3018 1207 3158 1261 Dens
3191 1224 3317 1261 vero

1740 1291 1925 1343 volens
1956 1292 2244 1345 ostendere
2284 1293 2401 1361 ejus
2431 1295 2595 1348 animi
2634 1296 3028 1359 fortitudim-m,
3067 1314 3173 1352 non
3216 1302 3315 1352 de-

1741 1384 1963 1437 claravit
1996 1386 2173 1439 abbati
2225 1385 2457 1441 Macario
2494 1405 2610 1442 eam
2657 1406 2775 1444 esse
2821 1392 3099 1454 feminam,
3151 1395 3316 1448 sedis

1741 1484 1995 1543 tanquam
2031 1478 2206 1530 virum
2235 1480 2548 1533 eunuchum
2576 1498 2693 1534 eam
2730 1498 2847 1536 esse
2869 1484 3317 1552 putabatJIultas

1740 1575 1919 1619 autem
1943 1567 2252 1620 curationes
2284 1566 2426 1623 Deus
2452 1585 2545 1637 per
2572 1586 2688 1623 eam
2732 1574 2959 1641 peregit.

1812 1656 1949 1710 XIV.
2008 1656 2270 1712 Processu
2304 1672 2485 1713 autem
2537 1665 2798 1732 temporis
2829 1666 3063 1727 daemon.
3114 1670 3201 1737 qui
3232 1682 3315 1725 est

1743 1748 1895 1801 bonis
1924 1748 2174 1813 infestus,
2205 1752 2513 1820 aggreditur
2538 1755 2656 1821 ejus
2689 1771 2954 1821 sororem,
2984 1775 3103 1826 qua:
3151 1778 3313 1815 vexa-

1741 1839 1901 1893 batur
1935 1855 1963 1892 a
1992 1840 2237 1894 daemone
2277 1859 2289 1893 :
2332 1852 2449 1896 erat
2496 1854 2675 1897 autem
2711 1862 2832 1899 cum
2868 1848 3311 1916 imperatoribus.

1128 1895 1138 1896 ί
2439 1895 2443 1896 ν
2501 1895 2674 1897 ,
2718 1895 2832 1899 η---
2868 1895 3311 1916 -.--r--_..,.......-.

103 1906 332 1975 ingressus
356 1920 443 1964 est
475 1926 598 1964 cum
619 1912 893 1970 iecticario
924 1928 977 1971 et
1001 1923 1277 1988 eunucho,
1298 1932 1633 1994 etexposuc-
1670 1895 1707 1947 Β
1738 1928 2025 1996 Cmpitque
2052 1946 2167 1982 eam
2203 1932 2414 1984 daemon
2448 1934 2706 1999 lacerare,
2749 1946 2803 1990 et
2834 1938 3012 1991 dicere
3045 1961 3055 1992 :
3088 1942 3199 1993 Nisi
3227 1959 3313 1997 me

103 2011 194 2052 runt
221 2002 426 2070 prmsidi
464 2019 577 2057 rem
610 2007 940 2063 universam.
971 2010 1181 2069 Praases
1210 2031 1338 2071 vero
1372 2021 1634 2087 perterri-

105 2102 183 2154 tus,
204 2096 371 2149 scribit
398 2098 688 2165 epistolam
720 2101 787 2155 ad
834 2112 1039 2170 patrem
1071 2107 1191 2174 ejus
1224 2108 1629 2179 imperatorem,

104 2186 369 2251 signiﬁcans
419 2191 471 2243 ei
514 2192 697 2244 omnia
747 2206 1168 2263 consequenter,
1223 2201 1408 2256 missis
1467 2204 1629 2257 etiam

102 2278 189 2341 ejus
214 2280 467 2334 vestibus.
501 2281 735 2352 Accepta
762 2295 943 2339 autem
972 2287 1088 2356 ejus
1118 2290 1347 2359 epistola
1392 2304 1445 2347 et
1472 2294 1627 2359 lecta,

102 2367 207 2420 licvit
230 2385 423 2425 amare.
462 2371 599 2426 Cum
638 2390 766 2428 vero
807 2377 1033 2433 vidisset
1060 2382 1219 2437 etiam
1259 2394 1439 2439 vestes
1487 2388 1628 2450 filize,

103 2459 231 2527 magis
254 2461 359 2514 suis
383 2463 642 2532 caligavit
684 2466 1004 2532 visceribus,
1030 2479 1085 2524 et
1118 2476 1285 2542 cmpit
1330 2475 1460 2530 ﬂere
1507 2495 1629 2533 cum

103 2562 232 2602 matre
252 2553 381 2617 ejus,
415 2561 475 2605 et
511 2562 624 2606 toto
678 2565 891 2611 senatu.
921 2559 1111 2615 Postea
1171 2575 1351 2620 autem
1411 2571 1631 2638 quieve-

102 2650 213 2704 runt,
240 2640 341 2695 Deo
385 2654 615 2712 agentes
668 2649 886 2714 gratias.
957 2650 1245 2708 Dixitvero
1299 2655 1626 2727 imperator:

104 2728 207 2787 Deus
233 2734 313 2799 qui
340 2750 460 2789 eam
499 2738 731 2808 elegisti.
763 2742 1021 2795 confirma
1044 2758 1164 2798 eam
1189 2746 1242 2799 in
1281 2756 1373 2802 tuo
1411 2750 1627 2806 timore.

102 2820 203 2877 Cum
231 2841 410 2881 omnes
443 2844 579 2898 ergo
628 2847 818 2885 rursus
851 2834 1145 2900 “CVISSQHI,
1191 2841 1409 2907 quidam
1457 2861 1521 2898 ex
1568 2845 1631 2898 iis

102 2916 308 2971 dixerunt
335 2919 695 2989 imperatori:
731 2922 963 2984 Revera.
1005 2927 1244 2992 domine,
1285 2946 1347 2985 ea
1394 2946 1476 2988 est
1517 2936 1624 2992 ﬁlia

103 3006 509 3075 piiimperatoris,
532 3025 598 3062 ea
638 3019 723 3063 est
748 3011 851 3064 filia
880 3022 983 3065 tu:e
1011 3017 1290 3081 potentiae.
1329 3018 1465 3073 Hinc
1506 3037 1625 3074 ma-

104 3098 159 3165 gis
181 3110 535 3169 apparuerunt
568 3111 659 3154 tua
696 3104 833 3156 bona
858 3120 1040 3173 opera.
1071 3106 1316 3178 Cumque
1346 3127 1407 3165 ea
1465 3113 1630 3167 dixis-

106 3200 210 3251 sent,
236 3202 283 3244 et
316 3192 395 3245 his
426 3192 610 3261 plura,
639 3207 830 3246 omnes
856 3210 952 3262 pro
982 3211 1042 3248 ea
1075 3188 1323 3252 orabant.

150 3277 242 3330 XII.
290 3279 423 3332 Cum
464 3281 626 3332 beata
662 3291 844 3333 autem
886 3284 1082 3337 multos
1124 3300 1296 3339 annos
1336 3288 1626 3342 mansisset

102 3366 135 3416 in
155 3368 341 3434 palude.
365 3377 419 3422 et
445 3377 675 3421 strenue
696 3370 1024 3424 decertasset
1041 3373 1303 3427 adversus
1325 3376 1621 3437 diabolum.

101 3461 357 3527 Erasétcjtts
389 3475 601 3521 corpus
639 3470 891 3528 tanquam
936 3461 1089 3529 pellis
1131 3466 1437 3520 testudinis.
1488 3468 1627 3523 Exe-

99 3563 186 3599 Stttn
212 3552 340 3602 enim
366 3551 550 3603 fuerat
594 3566 621 3602 ο]
660 3552 946 3605 culicibus.
992 3553 1110 3621 Ipsa
1139 3564 1317 3609 autem
1366 3573 1624 3613 consum-

101 3636 327 3702 ptafucrat
356 3640 425 3692 ab
458 3640 819 3701 abstinentia,
842 3653 894 3694 et
916 3657 944 3693 a
979 3644 1158 3711 regula
1200 3660 1360 3713 quam
1389 3650 1623 3717 seipsam

98 3726 321 3779 docuerat.
369 3727 610 3792 Quando
636 3745 766 3781 vero
836 3728 1093 3784 Dominus
1141 3731 1393 3788 Christus
1446 3739 1623 3793 voluit

98 3832 181 3869 eam
197 3817 355 3872 facere
382 3821 611 3888 dignam
645 3835 845 3872 corona
879 3832 1191 3877 sanctorum
1221 3826 1463 3893 Patrum,
1490 3829 1624 3885 fecit

99 3917 206 3960 utea
234 3911 586 3978 egrederetur
612 3925 640 3963 e
686 3911 896 3979 palude.
941 3913 1296 3982 lguorahatur
1332 3928 1514 3972 autem
1558 3921 1626 3973 ab

97 4000 315 4059 omnibus.
355 4016 478 4054 eam
534 4016 660 4053 esse
695 4001 971 4066 feminam,
1005 4005 1097 4057 sed
1132 4006 1418 4073 putabatur
1451 4024 1627 4063 cunu-

98 4090 211 4142 clius.
242 4093 501 4160 Apparuit
531 4106 664 4145 vero
700 4092 745 4143 ei
782 4093 833 4145 in
869 4096 1095 4155 somnis,
1141 4096 1231 4164 qui
1279 4098 1516 4154 dicebat.
1568 4100 1624 4155 Si

96 4183 183 4245 quis
211 4192 253 4235 te
281 4184 726 4250 iuterrogavcrit,
757 4186 1026 4251 quomodo
1044 4190 1283 4252 voceris,
1313 4191 1421 4255 die,
1460 4192 1623 4246 Doro.

98 4274 227 4321 deus.
248 4272 376 4324 Cum
410 4282 564 4325 esset
591 4281 772 4324 autem
810 4288 989 4338 mane,
1022 4280 1263 4332 occurrit
1314 4280 1363 4333 ei
1398 4291 1625 4335 sanctus

95 4355 325 4425 Macarius,
346 4373 400 4417 et
434 4365 574 4418 dicit
631 4365 678 4417 ei
718 4364 1016 4429 :Bcnedic,
1068 4367 1248 4423 Pater.
1299 4370 1376 4424 Illi
1419 4381 1622 4437 autem,

96 4450 182 4503 data
201 4454 289 4507 sibi
319 4456 562 4510 invicem
604 4455 892 4520 charitate,
937 4459 1289 4515 ambulabant
1333 4463 1385 4516 in
1429 4465 1621 4517 solitu-

1737 2023 2078 2090 aceeperitis,
2115 2032 2169 2074 et
2211 2024 2445 2077 tuleritis
2498 2026 2549 2077 in
2584 2028 2954 2089 solitudinem.
2994 2046 3056 2083 ex
3089 2048 3149 2085 ea
3203 2049 3312 2087 non

1735 2113 1999 2179 egrediar.
2042 2112 2265 2165 Volebat
2314 2130 2440 2167 vero
2496 2117 2709 2169 daemon
2740 2120 2857 2172 eius
2905 2136 3145 2173 sorowm
3182 2138 3313 2175 con-

1735 2202 1971 2266 vincere,
2022 2204 2164 2271 quod
2210 2216 2351 2259 esset
2395 2206 2617 2259 femina.
2659 2207 2800 2260 Deus
2861 2226 2989 2261 vero
3040 2214 3305 2265 obstruxit

1735 2293 2056 2357 daemonem,
2092 2311 2159 2348 ne
2183 2312 2243 2350 ea
2275 2297 2498 2351 diceret.
2559 2298 2794 2351 Puellam
2829 2311 3006 2353 autem
3035 2305 3185 2355 valde
3219 2322 3311 2355 ur-

1735 2386 1893 2458 gebat
1929 2388 2163 2449 dazmon,
2198 2397 2255 2441 ut
2300 2387 2401 2441 iret
2432 2388 2482 2440 in
2518 2389 2869 2443 solitudinem
2918 2392 3145 2455 Quidam
3180 2410 3312 2446 vero

1735 2489 1799 2527 ex
1840 2477 2161 2543 proceribus
2193 2477 2481 2529 consulunt
2506 2477 2843 2546 imperatori,
2870 2490 3069 2534 uteam
3107 2484 3304 2537 mitzat.

1734 2566 1887 2619 Tunc
1944 2569 2241 2636 imperator
2269 2569 2474 2622 dimisit
2522 2585 2639 2622 eam
2671 2586 2793 2624 cum
2827 2588 3023 2640 magno
3048 2575 3307 2627 comitatu

1733 2664 1797 2714 ad
1850 2660 2036 2715 Patres
2082 2662 2136 2713 in
2173 2662 2544 2715 solitudinem.
2576 2661 2819 2731 Cumque
2878 2664 2911 2717 ii
2942 2665 3219 2720 venissent
3256 2669 3307 2720 iu

1733 2752 1956 2816 Scetim,
2010 2754 2163 2809 novit
2194 2761 2415 2806 sanctus
2451 2754 2735 2819 Macarius,
2767 2766 2987 2825 propter
3017 2774 3307 2825 quamnam

1733 2858 1949 2897 causam
1987 2844 2166 2897 adsint
2199 2845 2252 2896 in
2302 2844 2392 2897 illo
2419 2844 2559 2905 loco,
2610 2844 2797 2913 eisque
2856 2863 3175 2917 progressus
3208 2852 3309 2900 oh-

1732 2936 1895 2995 viam,
1926 2935 2138 3003 excepit
2169 2950 2281 2995 eos,
2316 2944 2371 2987 et
2401 2934 2534 2988 dixit
2574 2953 2586 2988 :
2620 2934 2759 3001 Quid
2810 2937 2917 2990 huc
2968 2940 3246 3003 acceditis,
3276 2956 3309 2993 ο

1733 3024 1865 3078 filii?
1901 3025 1973 3077 Illi
2019 3040 2146 3078 vero
2174 3026 2467 3078 dixerunt:
2509 3024 2705 3078 Noster
2754 3026 3017 3094 imprimis
3049 3029 3167 3095 pius
3210 3030 3310 3081 im-

1730 3124 1951 3183 perator
1983 3114 2305 3167 Anthemius
2331 3115 2481 3167 misit
2512 3115 2673 3167 filiam
2706 3131 2882 3178 suam,
2916 3127 2975 3169 ut
3003 3135 3096 3185 per
3138 3120 3306 3173 Deum

1654 3217 1699 3280 ς
1734 3211 1955 3259 curetur
1983 3212 2035 3256 et
2096 3220 2284 3271 preces
2322 3214 2548 3257 vestras.
2592 3205 2727 3256 Cum
2760 3221 2877 3258 eam
2928 3219 3107 3259 autem
3152 3224 3310 3262 accc-

1732 3298 1904 3367 pisset
1943 3311 1969 3348 a
2002 3295 2361 3353 cubiculario,
2394 3295 2619 3348 deduxit
2649 3310 2766 3348 eam
2798 3296 2860 3347 ad
2918 3299 3170 3351 abbatem
3207 3299 3311 3354 Do-

1732 3388 2002 3445 rothcum.
2036 3395 2091 3438 ct
2143 3385 2271 3438 dicit
2299 3385 2348 3437 oi
2407 3402 2420 3437 :
2463 3385 2709 3454 Fungcre
2762 3387 2939 3441 ollicio
2972 3389 3257 3443 charitatis
3294 3412 3307 3446 :

1732 3474 1998 3540 Quoniam
2032 3483 2114 3527 est
2145 3473 2249 3525 (ilia
2278 3472 2641 3542 imperatoris,
2679 3484 2885 3544 etopus
2912 3476 3074 3531 habet
3095 3492 3309 3547 patrum

1736 3567 1988 3636 precibus
2021 3576 2073 3619 et
2135 3567 2349 3619 vestris.
2405 3566 2510 3620 Ora
2551 3582 2650 3635 pro
2698 3583 2781 3633 ea,
2817 3577 2875 3620 ut
2902 3578 3141 3624 curetur.
3183 3570 3307 3625 Ilaec

1734 3666 1818 3711 est
1846 3657 1988 3709 cnim
2019 3672 2226 3709 merces
2256 3666 2365 3709 tua.

1804 3748 1920 3803 XV.
1974 3750 2102 3803 Haec
2151 3758 2332 3802 autem
2388 3765 2510 3805 cum
2546 3751 2832 3812 audiissct,
2866 3752 3027 3819 cmpit
3069 3749 3218 3817 flere,
3252 3762 3308 3808 et

1734 3841 1914 3896 dicere
1948 3858 1959 3893 :
1994 3839 2250 3905 Quisnam
2312 3856 2412 3909 ego
2444 3856 2562 3894 sum
2603 3851 2874 3911 peccator,
2909 3844 3051 3911 quod
3103 3843 3170 3897 de
3220 3860 3309 3898 me

1735 3932 1894 3986 talem
1925 3932 2250 4000 concepistis
2280 3933 2625 4001 opinionem?
2656 3933 2929 4003 flexisque
2953 3935 3183 4003 genibus
3226 3932 3311 3988 di-

1734 4023 1891 4076 cebat
1911 4022 2184 4077 :Concede
2205 4022 2360 4085 mihi,
2383 4023 2565 4087 Pater,
2585 4033 2643 4077 ut
2665 4040 2781 4078 mea
2807 4035 3024 4093 peccata
3052 4025 3309 4081 deﬂeant:

1732 4129 1854 4166 nam
1889 4114 2053 4166 multa
2086 4123 2232 4167 sunt.
2271 4112 2379 4183 Ego
2413 4116 2553 4169 enim
2586 4132 2703 4170 sttm
2760 4118 3083 4174 imbecillus.
3120 4120 3311 4187 plane-

1732 4221 1837 4274 que
1881 4205 2029 4259 rudis
2060 4214 2116 4258 et
2168 4207 2386 4274 ignarus
2417 4206 2481 4260 ad
2524 4208 2663 4261 hanc
2698 4224 2831 4261 rem.
2875 4210 3011 4262 Dicit
3045 4212 3091 4263 ci
3144 4212 3313 4264 abbas

1737 4293 2044 4347 Macarius:
2086 4295 2281 4349 Annon
2315 4306 2443 4350 sunt
2484 4299 2648 4351 etiam
2676 4299 2768 4351 alii
2806 4298 3014 4362 Patres,
3070 4304 3159 4368 qui
3212 4317 3306 4369 per

1733 4386 1900 4438 Deum
1939 4385 2088 4454 signa
2121 4384 2363 4438 faciunt?
2398 4386 2501 4439 Sed
2528 4394 2707 4439 tamen
2734 4388 2847 4440 [nec
2878 4389 3139 4441 remansit
3168 4404 3311 4440 mer-

1732 4491 1842 4529 ces.
1870 4475 1960 4527 Illa
1997 4489 2126 4530 vero
2155 4476 2321 4530 dicit:
2358 4474 2476 4529 Fiat
2507 4477 2598 4531 Dei
2638 4477 2909 4539 voluntas,
2938 4487 2993 4531 et
3023 4487 3167 4531 mota
3196 4494 3308 4546 pa:-

94 4543 201 4597 dine.
231 4546 596 4616 Interrogavi!
637 4561 766 4598 νεξΓο
801 4546 1125 4613 ῧοτοῑιιειιε,
1156 4550 1349 4605 dicens
1383 4567 1401 4605 -‘
1440 4551 1621 4615 Ρειιθτ.
1660 4572 1698 4624 1)
1731 4566 1979 4626 nitentia,
2011 4580 2129 4618 eam
2163 4565 2371 4633 accepit
2422 4566 2474 4617 in
2504 4566 2717 4629 cellam,
2752 4576 2807 4619 et
2841 4567 2993 4620 novit
3020 4582 3139 4619 eam
3186 4582 3307 4620 esse

94 4636 181 4699 quis
204 4637 288 4689 es?
317 4637 409 4691 Ille
443 4646 641 4691 autem
665 4636 838 4690 dixit:
864 4637 974 4707 Ego
1001 4656 1120 4693 sum
1150 4641 1437 4698 Macarius.
1463 4646 1511 4699 Is
1534 4661 1620 4700 ve-

97 4739 135 4770 n
160 4727 307 4780 dixit:
340 4729 602 4798 Fungere
635 4727 817 4781 oIIicio
836 4730 1119 4786 charitatis
1153 4750 1167 4786 :
1202 4734 1322 4787 sine
1354 4751 1441 4789 me
1465 4737 1624 4791 habi-

97 4823 175 4868 tare
213 4832 324 4871 cum
353 4820 646 4873 fratribus.
683 4819 920 4875 Praebuit
955 4832 1135 4876 autem
1185 4825 1233 4877 ei
1258 4841 1473 4895 quoque
1513 4831 1624 4883 cel-

96 4906 166 4958 1.1m
192 4913 445 4976 protinus.
466 4912 678 4965 Totum
710 4927 839 4983 ergo
868 4913 1009 4967 diem
1042 4925 1099 4969 et
1137 4926 1352 4972 noctem
1410 4921 1625 4975 intense

95 4998 301 5056 ulferebat
333 5002 441 5058 Deo
467 5004 929 5072 supplicationes.
962 5006 1138 5076 Coepit
1162 5018 1344 5064 autem
1370 5028 1488 5065 eam
1514 5022 1628 5067 ten-

95 5096 173 5141 tare
194 5092 424 5148 diabolus
444 5096 744 5149 nocturnis
766 5097 1088 5152 visionibus.
1128 5100 1289 5155 Beata
1342 5119 1473 5157 vero
1525 5106 1619 5160 illa

97 5182 395 5239 vehementer
419 5187 701 5240 adversus
725 5202 850 5241 eum
896 5189 1230 5255 decertabat,
1263 5208 1332 5247 ne
1379 5196 1625 5251 declara-

94 5280 150 5320 τρι
175 5286 221 5324 se
253 5289 366 5329 esse
385 5276 703 5329 mulierem.
737 5277 806 5329 Se
831 5288 1012 5332 autem
1045 5296 1205 5350 supra
1229 5286 1448 5337 modum
1470 5302 1626 5340 exer-

95 5362 225 5427 cebat,
253 5382 420 5436 neque
443 5368 754 5421 ecclesiam
810 5370 1170 5439 relinquebat,
1214 5388 1315 5428 nec
1362 5377 1622 5446 regulam,

95 5464 216 5507 noctu
245 5458 434 5527 diuque
477 5459 660 5513 Deum
689 5475 875 5514 orans.

145 5544 250 5601 XIII.
278 5550 523 5614 Quodam
575 5562 765 5604 autem
818 5553 905 5606 die
947 5555 1113 5608 abbas
1158 5554 1424 5612 Macarius
1474 5562 1627 5614 venit

98 5631 133 5683 in
149 5636 242 5702 ejus
263 5640 467 5705 cellam,
503 5652 564 5694 et
615 5639 749 5693 dicit
776 5641 824 5694 ei
857 5659 871 5694 :
908 5643 1156 5714 Fungere
1185 5646 1362 5701 oIIicio
1388 5648 1624 5702 charita-

100 5722 161 5781 tis,
200 5726 319 5779 bone
351 5729 567 5784 frater:
612 5729 804 5784 emitte
863 5734 1019 5787 nobis
1076 5750 1286 5804 preces.
1350 5738 1439 5791 Illa
1496 5755 1624 5792 vero

99 5810 192 5867 dicit
216 5833 228 5867 ι
251 5815 417 5888 Pater,
460 5835 570 5892 ego
604 5836 637 5875 a
664 5829 714 5875 te
745 5820 867 5876 volo
892 5823 1158 5881 benedici.
1190 5827 1434 5898 Cumque
1461 5829 1623 5885 fecis-

1731 4670 1993 4712 sororem.
2032 4654 2275 4722 flensque
2299 4654 2634 4723 conquievit.
2665 4656 2792 4708 Eam
2825 4665 3005 4708 autem
3033 4656 3303 4723 amplexa,

1730 4744 1868 4797 dixit
1904 4762 1916 4794 :
1948 4742 2092 4796 Bene
2120 4743 2315 4795 venisti
2366 4758 2543 4797 soror.
2602 4744 2694 4797 Dei
2757 4759 2886 4797 vero
2918 4759 3083 4813 opere
3113 4744 3216 4797 fuit
3244 4759 3308 4797 os

1704 4837 2065 4888 obstructum
2124 4833 2375 4896 daemoni,
2436 4849 2506 4887 ne
2566 4844 2818 4903 argueret
2873 4835 3126 4888 ancillam
3184 4833 3304 4896 Dei,

1729 4924 1870 4991 quod
1910 4931 2050 4976 esset
2074 4921 2294 4976 femina.
2328 4922 2461 4976 Cum
2496 4935 2677 4977 autem
2712 4925 2929 4978 daamon
2956 4938 3076 4977 eam
3110 4922 3199 4977 diu
3228 4922 3308 4976 af-

1729 5012 1953 5079 fligeret,
1986 5029 2086 5081 per
2109 5029 2296 5080 preces
2324 5028 2447 5067 eum
2482 5015 2713 5067 domuit.

1800 5103 1938 5156 XVI.
1982 5105 2226 5167 Quodam
2274 5114 2455 5158 autem
2492 5107 2579 5158 dic
2600 5105 2811 5157 da-mon
2836 5106 3138 5174 cmpiteam
3176 5104 3304 5157 affli-

1727 5210 1871 5264 gere.
1906 5196 1997 5249 Illa
2031 5211 2157 5248 vero
2183 5210 2503 5265 exsurgens,
2544 5210 2739 5249 manus
2778 5211 2905 5250 suas
2962 5196 3205 5249 extendit
3248 5198 3302 5249 in

1728 5287 1943 5349 coelum,
1968 5297 2021 5341 et
2043 5287 2176 5340 ﬂens
2204 5288 2311 5340 Deo
2331 5286 2651 5354 supplicavit
2676 5300 2771 5353 pro
2790 5301 2885 5339 sua
2916 5301 3119 5339 sorore.
3148 5284 3303 5338 Tunc

1726 5375 1968 5429 clamans
2001 5378 2229 5436 daemon,
2261 5374 2398 5428 dixit
2438 5390 2632 5442 magna
2660 5388 2792 5426 voce
2826 5391 2838 5425 :
2881 5372 2945 5437 Ο,
2972 5373 3020 5426 vi
3050 5372 3236 5440 pulsus
3270 5390 3302 5426 η

1728 5475 1781 5518 te
1809 5466 2076 5535 egredior.
2102 5464 2282 5532 anue
2304 5473 2595 5533 prostrata,
2618 5472 2701 5517 est
2726 5477 2994 5533 egressus.
3021 5464 3154 5516 Cum
3177 5478 3299 5517 eam

1727 5565 1906 5610 autem
1932 5556 2250 5624 accepisset,
2294 5554 2399 5608 fert
2427 5570 2613 5608 sanam
2644 5556 2697 5607 in
2755 5554 3038 5608 ecclesiam
3070 5554 3134 5606 ad
3187 5552 3293 5605 Pa-

1728 5656 1871 5700 trum
1907 5648 2090 5716 pedes,
2123 5647 2309 5700 dicens
2344 5663 2357 5698 :
2393 5647 2653 5715 Ignoscite
2681 5644 2839 5706 mihi,
2864 5644 3007 5714 quod
3038 5644 3181 5696 inter
3202 5659 3301 5699 vos

1726 5740 2015 5807 peccarim.
2070 5737 2151 5791 Illi
2197 5746 2376 5791 autem
2409 5736 2531 5789 data
2567 5751 2719 5805 pace,
2752 5743 3019 5789 vocarunt
3047 5734 3300 5789 homines

1728 5831 2089 5901 imperatoris,
2122 5841 2173 5884 et
2214 5831 2292 5884 eis
2349 5829 2691 5885 tradiderunt
2726 5842 2911 5885 sanam
2951 5828 3296 5898 imperatoris
