4162 6474
790 437 898 499 3ἳῖ

1997 426 2287 488 MENSIS
2327 427 2786 487 IANUARlUS.

3932 426 4042 491 328

791 549 974 599 titiam.
1008 542 1132 610 Qui,
1159 539 1396 595 adoratis
1417 537 1668 593 omnibus
1689 534 1962 599 Patrihus,
1982 537 2205 605 profecti
2237 547 2360 591 sunt
2391 542 2436 596 Α
2468 536 2722 589 dixerunt
2752 535 2798 588 ei
2851 555 2862 586 ;
2899 531 3121 588 Nostine
3167 534 3347 588 hunc?
3377 534 3470 588 illa
3509 549 3638 588 vero
3674 537 4038 603 respondens.

791 640 858 692 ad
905 640 1305 706 imperatorem.
1351 632 1584 700 Fuitque
1631 645 1886 698 magnum
1913 631 2163 700 gaudium
2194 631 2245 682 in
2277 629 2357 682 ci-

794 731 954 782 vitate
985 735 1204 795 propter
1249 724 1410 775 ﬁliam
1448 720 1814 791 imperatoris,
1854 721 2129 788 Deumque
2160 719 2358 789 gloriﬁ-

791 827 1070 877 caverunt,
1103 818 1346 869 videntes
1378 829 1623 884 magnam
1650 813 1841 880 puellm
1862 813 2202 867 modestiam.
2227 809 2359 862 Bea-

793 922 878 964 tus
911 921 1088 963 autem
1145 909 1447 962 Dorotheus
1495 922 1552 958 se
1607 906 1777 976 magis
1834 905 2158 960 humiliavit.
2197 918 2358 972 supra

792 1007 1010 1059 modmu
1045 1017 1325 1057 exercens.
1371 999 1598 1068 Fuitque
1633 997 1908 1068 perfectus
1938 996 2183 1067 signifer.

863 1094 1022 1148 XVII.
1075 1092 1328 1147 Diabolus
1359 1100 1540 1142 autem
1589 1104 1780 1142 rursus
1814 1088 1960 1141 subit
1993 1086 2163 1140 ﬁliam
2189 1085 2363 1153 impe-

770 1189 1007 1245 Tatoris.
1040 1195 1093 1238 et
1140 1183 1265 1237 facit
1319 1193 1378 1236 ιιι
1422 1195 1702 1250 praegnans
1751 1187 2032 1248 appareat.
2075 1177 2361 1245 Coepitque

755 1262 761 1269 ’
795 1281 1085 1347 imperator
1107 1275 1243 1331 afﬁci
1289 1289 1480 1345 magno
1505 1273 1709 1334 dolore,
1736 1280 1790 1325 et
1818 1287 1936 1325 eam
1989 1269 2360 1338 interrogavit,

792 1376 977 1426 dicens
1010 1391 1022 1425 :
1057 1372 1132 1424 Ex
1170 1386 1276 1438 quo
1311 1385 1368 1422 es
1403 1367 1722 1436 praegnans?
1773 1365 1848 1418 Ea
1891 1379 2020 1417 vero
2065 1362 2174 1416 illic
2225 1361 2362 1415 nihil

791 1466 934 1518 aliud
963 1463 1259 1531 respondit.
1295 1459 1395 1513 nisi
1433 1461 1533 1512 hoc
1586 1459 1760 1511 solum
1791 1475 1804 1511 :
1862 1455 2056 1510 Nescio
2090 1455 2360 1508 undenam

793 1558 893 1608 hoc
925 1555 1054 1606 mihi
1081 1552 1358 1605 acciderit.
1394 1551 1695 1619 Imperator
1727 1564 1854 1601 vero
1897 1563 2015 1601 eam
2047 1549 2218 1616 magis
2239 1561 2364 1599 exa-

795 1645 1052 1697 minabat.
1091 1641 1245 1695 Tunc
1279 1643 1323 1694 ei
1363 1641 1590 1692 Satanas
1642 1640 1780 1692 hanc
1815 1639 2055 1708 suggerit
2081 1638 2364 1707 cogitatio-

792 1751 937 1796 nem,
969 1734 1112 1802 quod
1140 1734 1457 1791 monachus,
1488 1731 1577 1799 qui
1611 1746 1727 1783 eam
1761 1728 2219 1786 circumducebat,
2247 1728 2364 1795 ipse

795 1844 910 1880 eam
948 1837 1309 1894 pra'gnantem
1362 1824 1683 1877 reddiderit.
1719 1822 1871 1874 Tunc
1923 1837 2112 1890 magna
2150 1821 2226 1872 ira
2277 1834 2364 1872 re-

2465 625 2600 678 dixit
2637 642 2649 676 :
2680 622 2885 677 Revera
2918 625 3006 678 hic
3037 633 3120 677 est
3146 624 3234 678 ille
3258 625 3565 685 eunuchus.
3593 625 3682 693 qui
3716 637 3837 694 post
3870 625 4039 678 Deum

2462 731 2548 769 me
2580 716 2811 780 sanavit,
2839 725 2892 769 et
2916 716 3202 783 procidens
3229 717 3294 770 ad
3322 716 3439 786 ejus
3461 717 3645 786 pedes,
3674 718 3885 784 rogavit
3912 733 4037 770 eum

2461 810 2528 862 de
2557 823 2656 861 suo
2688 821 2860 862 utero.
2897 806 2999 873 Qui
3035 824 3158 862 cum
3182 823 3298 860 eam
3330 808 3614 872 erexisset,
3647 817 3705 860 et
3737 807 3856 876 ejus
3885 817 4041 860 utero

2463 916 2656 954 manus
2694 902 3061 971 imposuisset,
3093 919 3210 957 eam
3238 919 3427 957 sanam
3479 902 3732 957 reddidit.
3771 901 3907 956 Cum
3937 902 4042 954 hoc

2462 1005 2646 1049 autem
2669 996 2956 1054 vidissent.
2987 997 3235 1050 admirati
3268 1007 3417 1056 sunt.
3450 1004 3504 1048 et
3552 998 3717 1050 Deum
3768 994 4040 1065 gloriﬁca-

2462 1096 2680 1140 verunt.
2719 1087 2978 1141 Dixerunt
3019 1089 3197 1158 itaque
3231 1103 3244 1140 :
3289 1088 3428 1142 Vere
3457 1089 3571 1142 hazc
3605 1099 3688 1141 est
3716 1088 3822 1141 tilia
3851 1096 4045 1140 nostra

2465 1178 2806 1248 Apollinaris.
2839 1179 2962 1234 Fuit
2991 1190 3172 1234 autem
3224 1179 3384 1234 ﬂetus
3421 1195 3546 1235 cum
3595 1180 3789 1251 gaudio
3825 1180 3878 1232 in
3911 1187 4038 1232 aula

2467 1272 2831 1341 imperatoris.

2538 1362 2678 1416 XIX.
2720 1363 2856 1417 Cum
2879 1376 3060 1418 autem
3096 1380 3298 1433 paucos
3327 1365 3444 1419 dies
3483 1373 3693 1419 versata
3719 1374 3866 1418 esset
3896 1369 4042 1433 apud

2465 1464 2740 1522 parentes,
2764 1456 2945 1509 onmia
2998 1456 3079 1510 eis
3118 1457 3381 1509 narravit.
3415 1456 3546 1521 Quae
3579 1472 3702 1510 cum
3734 1456 4043 1516 audissent,

2469 1548 2634 1600 Deum
2669 1547 2986 1600 laudarunt.
3042 1545 3321 1616 Rogarunt
3353 1563 3483 1601 vero
3533 1563 3674 1611 eam,
3712 1557 3772 1602 ut
3803 1563 3927 1602 cum
3965 1549 4050 1600 eis

2466 1646 2731 1698 maneret.
2793 1637 2887 1691 sed
2947 1653 3053 1690 non
3108 1647 3234 1692 tunc
3283 1649 3690 1708 persuaserunt.
3749 1641 4048 1707 Propterea

2465 1737 2646 1782 autem
2679 1729 2820 1798 quod
2853 1729 2902 1782 ei
2938 1729 3322 1798 promiserant,
3356 1746 3476 1784 eam
3507 1748 3628 1784 cum
3664 1733 3847 1786 multis
3879 1733 4053 1801 lacry-

2467 1823 2569 1874 mis
2611 1821 2934 1874 emiserunt.
2992 1819 3216 1890 Rogavit
3265 1832 3445 1875 autem
3480 1833 3732 1891 parentes
3780 1839 3930 1886 suos,
3992 1835 4056 1876 ut

795 1920 969 1983 pletns
1001 1915 1314 1982 imperator,
1353 1913 1498 1965 misit
1523 1913 1588 1965 ad
1640 1911 2127 1980 perdendum'eum
2164 1910 2360 1963 locum.
2398 1911 2436 1964 Β
2468 1927 2566 1980 pro
2613 1927 2671 1965 se
2703 1921 2944 1965 orarent.
2981 1912 3060 1965 llli
3096 1928 3222 1966 vero
3239 1912 3285 1966 ei
3320 1914 3509 1967 dicunt
3541 1932 3554 1966 :
3603 1914 3743 1968 Deus
3771 1916 3857 1968 cui
3891 1913 4050 1967 fuisti

792 2011 926 2061 (lum
971 2018 1150 2060 autem
1184 2007 1456 2075 principes
1505 2021 1666 2072 quam
1702 2004 1986 2057 celerrime
2014 2005 2275 2056 abiissent
2309 2003 2360 2056 in

795 2104 1017 2164 Scetim,
1074 2111 1324 2169 qumrunt
1357 2099 1658 2166 intelligere
1711 2113 1793 2158 ea,
1847 2113 1965 2164 qure
2001 2096 2107 2150 illic
2139 2095 2360 2158 ﬁebant,

795 2198 1036 2249 dicentes
1068 2211 1080 2246 :
1117 2193 1246 2246 Date
1297 2192 1454 2245 nobis
1490 2191 1837 2247 monachum.
1875 2191 1962 2257 qni
2001 2198 2363 2258 praegnantem

799 2285 1028 2338 reddidit
1055 2282 1216 2336 ﬁliam
1259 2281 1620 2349 imperatoris.
1662 2279 1753 2331 Dei
1791 2295 1919 2332 vero
1940 2289 2162 2332 sanctus
2195 2262 2364 2331 Doro-

799 2373 956 2426 thens
999 2371 1083 2424 his
1131 2371 1311 2424 verbis
1340 2370 1560 2428 auditis.
1611 2371 1663 2421 in
1697 2369 1929 2422 medium
1965 2369 2247 2437 processit,
2291 2368 2366 2422 di-

796 2479 926 2517 cens
957 2483 967 2516 :
1000 2465 1106 2532 ligo
1129 2477 1268 2515 sum.
1297 2461 1489 2515 Alﬁicti
1513 2471 1640 2514 sunt
1668 2471 1848 2513 autem
1879 2461 2049 2512 sancti
2086 2461 2290 2522 Patres,
2312 2468 2368 2513 et

795 2556 1049 2608 dixerunt
1079 2570 1092 2606 :
1121 2551 1229 2606 Nos
1261 2568 1473 2620 quoque
1501 2561 1677 2605 tecum
1717 2552 1934 2604 ibimus.
1966 2552 2039 2604 Ea
2078 2567 2207 2604 vero
2233 2550 2370 2604 dixit

799 2647 878 2700 eis
909 2666 921 2698 :
966 2646 1180 2699 Domini
1205 2645 1330 2707 mei,
1370 2646 1709 2698 solummodo
1739 2654 1888 2697 orate
1920 2659 2016 2712 pro
2047 2660 2152 2705 me,
2182 2658 2367 2712 spero-

802 2754 906 2805 que
934 2737 987 2788 in
1021 2735 1150 2800 Deo,
1181 2745 1235 2788 et
1272 2736 1324 2790 in
1362 2737 1556 2788 vestris
1597 2735 1869 2803 precibus,
1896 2734 2011 2787 fore
2039 2744 2096 2788 ut
2131 2735 2240 2788 cito
2274 2749 2370 2788 vos

800 2827 1042 2890 adorem,
1072 2837 1127 2881 et
1171 2829 1434 2881 abeuntes
1485 2827 1537 2878 in
1589 2826 1896 2891 ecclesiam,
1929 2832 2198 2880 venerunt
2245 2839 2368 2878 cum

801 2929 915 2974 toto
966 2930 1238 2974 conventu
1294 2919 1544 2980 fratrum,
1589 2916 1850 2986 factisque
1900 2919 2154 2986 precibus
2210 2917 2369 2970 simul

801 3010 1000 3077 egressi
1069 3019 1237 3069 sunt.
1295 3009 1628 3063 deducentes
1695 3000 1945 3063 abbatem
2019 3009 2368 3062 Dorotheum.

803 3101 1016 3153 Sciebat
1083 3101 1227 3153 enim
1285 3101 1452 3153 abbas
1510 3099 1910 3165 Macariusyin
1972 3100 2064 3153 illo
2116 3100 2193 3152 nil
2254 3114 2373 3153 esse

805 3191 951 3242 mali.

879 3280 1058 3333 XYIll.
1086 3279 1328 3348 Cumque
1366 3281 1402 3333 ii
1434 3279 1808 3349 pervenissent
1845 3280 1909 3333 ad
1965 3280 2365 3348 imperatorem.
2402 3247 2446 3308 C

807 3372 1037 3440 procidit
1081 3375 1145 3424 ad
1190 3374 1308 3440 ejus
1341 3373 1506 3440 pedes
1551 3371 1717 3424 abbas
1759 3369 2080 3431 Dorotheus,
2132 3370 2319 3423 dicens
2357 3388 2368 3422 ε

808 3462 955 3532 lingu
985 3472 1126 3514 tuam
1171 3464 1422 3530 pietatem
1478 3472 1536 3515 ut
1563 3478 1686 3516 cum
1721 3463 1938 3515 silentio
1980 3461 2162 3515 audiat
2187 3463 2254 3516 de
2286 3472 2372 3515 tua

810 3554 936 3605 ﬁlia.
975 3555 1168 3607 Eamus
1203 3570 1466 3617 seorsum,
1501 3565 1555 3608 et
1585 3571 1684 3624 ego
1725 3555 1875 3608 vobis
1914 3554 2145 3608 narrabo
2172 3555 2372 3606 omnia.

812 3643 925 3694 l\on
956 3655 1036 3696 est
1060 3643 1200 3696 enim
1227 3645 1272 3696 ei
1304 3645 1519 3696 allatum
1549 3644 1754 3705 vitium,
1777 3659 1877 3697 nec
1898 3644 2058 3697 habet
2087 3643 2374 3711 quidquam

814 3734 959 3795 mali,
990 3734 1155 3785 absit!
1196 3733 1484 3802 Postquam
1527 3744 1705 3786 autem
1735 3735 1950 3786 iverunt
1988 3749 2232 3787 seorsum
2262 3734 2376 3802 ipsa

813 3836 867 3877 et
889 3836 1144 3893 parentes
1175 3827 1314 3894 ejus,
1343 3827 1480 3878 dixit
1512 3827 1590 3880 eis
1617 3845 1630 3881 :
1663 3827 1764 3879 Per
1795 3826 2076 3880 Dominum
2104 3828 2376 3895 promitti-

815 3927 865 3968 te
911 3917 1064 3980 mihi,
1094 3917 1236 3985 quod
1269 3917 1310 3969 si
1357 3918 1715 3987 cognoveritis
1747 3918 2046 3980 verita'em,
2097 3917 2379 3971 dimittctis

816 4022 902 4060 mc
937 4008 986 4058 in
1022 4007 1198 4060 locum
1231 4021 1433 4059 meum.
1459 4007 1612 4070 Quod
1641 4021 1760 4058 cum
1785 4007 1831 4058 ei
1865 4007 2239 4074 promisissent
2288 4006 2380 4058 itn-

819 4107 1032 4165 perator
1057 4105 1110 4150 et
1141 4097 1258 4164 ejus
1284 4111 1439 4159 uxor,
1469 4098 1607 4149 dixit
1637 4099 1714 4150 eis
1751 4114 1763 4148 :
1797 4096 1895 4160 Qui
1931 4105 2052 4164 post
2091 4096 2264 4148 'Deum
2293 4111 2379 4148 sa-

817 4203 938 4238 nam
971 4186 1099 4240 fecit
1154 4187 1314 4239 ﬁliam
1353 4196 1605 4250 vestram,
1659 4197 1742 4239 est
1785 4202 1900 4238 mea
1963 4185 2238 4238 humilitas
2286 4199 2382 4252 per

817 4279 1035 4332 Patrum
1088 4294 1296 4348 preces.
1354 4280 1431 4332 llli
1467 4294 1596 4332 vero
1650 4280 1732 4331 his
1761 4279 1957 4331 auditis
2001 4277 2378 4344 obstupefacti,

820 4383 1066 4422 mansere
1093 4369 1248 4430 muti,
1277 4380 1332 4422 et
1359 4369 1594 4421 attoniti.
1632 4369 1720 4421 Eis
1741 4377 1920 4419 autem
1949 4367 2119 4419 dixit:
2149 4367 2260 4435 Ego
2288 4381 2382 4420 vos

816 4457 885 4510 de
935 4457 1034 4508 hac
1070 4473 1125 4510 re
1159 4457 1348 4509 faciam
1381 4457 1665 4515 certiores.
1716 4467 1769 4507 et
1793 4465 1982 4523 aperto
2010 4455 2147 4508 collo
2176 4455 2257 4508 sui
2291 4470 2382 4508 co-

822 4549 968 4611 lobii,
1000 4547 1235 4601 ostendit
1268 4563 1392 4600 suas
1429 4563 1710 4607 mammas,
1749 4557 1804 4600 et
1839 4548 1970 4601 dixit
2014 4566 2026 4599 :
2083 4548 2256 4609 Pater,
2286 4563 2383 4616 ego

821 4653 938 4690 sum
975 4648 1061 4690 tua
1095 4637 1198 4690 ﬁlia
1228 4639 1574 4707 Apollinaris.
1608 4639 1758 4701 Quod
1804 4653 1926 4691 cum
1955 4638 2233 4692 audissent
2263 4639 2380 4706 ejus

823 4739 1093 4797 parentes,
1123 4731 1540 4800 obstupuerunt,
1573 4741 1627 4784 et
1656 4732 1836 4784 multae
1891 4732 2022 4786 fusa:
2060 4742 2184 4784 sunt
2213 4733 2264 4784 in
2293 4733 2382 4786 illo

823 4819 908 4872 die
938 4819 1203 4887 lacrymte.
1246 4822 1597 4875 Adduxerunt
1623 4831 1802 4875 autem
1833 4837 1984 4875 suam
2018 4838 2285 4883 sororem,
2333 4838 2388 4877 et

2469 2001 2762 2070 desponsa,
2793 2002 2910 2070 ipse
2945 2001 3187 2071 perﬁciet
3217 2012 3395 2056 tecum
3445 2004 3890 2057 misericordiam.
3934 2004 4056 2057 Ble-

2468 2104 2652 2148 mento
2703 2103 2886 2147 autem
2929 2095 3121 2158 nostri,
3163 2093 3293 2157 ﬁlia,
3323 2095 3375 2148 in
3409 2097 3610 2149 sanctis
3633 2096 3738 2150 tuis
3761 2097 4044 2165 precibus.

2467 2185 2639 2251 Quam
2667 2201 2791 2239 cum
2836 2186 3066 2254 amplexi
3093 2197 3292 2249 essent,
3329 2187 3498 2256 ipsam
3550 2188 3897 2242 dimiserunt.
3939 2187 4056 2242 νο-

2468 2277 2686 2330 luerunt
2737 2287 2916 2330 autem
2958 2279 3005 2331 ei
3035 2278 3162 2331 dare
3199 2279 3485 2347 pecuniam
3533 2279 3598 2332 ad
3632 2294 3763 2332 usus
3794 2279 4052 2340 Patrum,

2469 2369 2557 2421 sed
2581 2385 2674 2422 eas
2709 2383 2814 2422 non
2841 2371 3068 2437 accepit,
3097 2370 3287 2425 dicens
3315 2389 3328 2423 :
3363 2371 3549 2424 Patres
3572 2371 3674 2424 mei
3703 2387 3808 2424 non
3847 2373 4065 2425 habent

2469 2474 2602 2525 opus
2631 2459 2874 2528 pecuniis
2906 2460 3066 2526 hujus
3097 2461 3309 2525 mundi,
3341 2477 3408 2516 ne
3461 2477 3490 2514 a
3521 2463 3679 2517 bonis
3732 2467 4061 2517 exeidamus

2471 2551 2809 2605 caelestibus.
2864 2552 3146 2620 Factisque
3189 2554 3466 2621 precibus,
3514 2554 3839 2609 dimiserunt
3893 2571 4061 2609 suam

2471 2641 2632 2695 ﬁliam
2666 2643 2938 2697 laetantem
2961 2653 3015 2697 et
3051 2645 3437 2699 exsultantem.
3479 2645 3614 2699 Cum
3650 2630 3928 2702 clamem
3965 2665 4063 2701 ve-

2471 2733 2645 2784 nisset
2675 2733 2728 2784 in
2753 2732 2977 2794 Scetim,
3003 2745 3498 2802 susceperunteam
3533 2737 3728 2790 fratres
3756 2747 3811 2790 et
3841 2748 4061 2807 patres.

2471 2831 2526 2875 et
2558 2822 2726 2875 Deum
2781 2825 3162 2888 Iaudaverunt,
3195 2827 3336 2894 quod
3375 2827 3622 2881 rediisset
3659 2829 3823 2881 frater
3859 2844 4065 2894 eorum

2473 2928 2658 2977 sanus,
2688 2923 2741 2966 et
2767 2914 2910 2967 diem
2945 2913 3138 2968 festum
3175 2916 3222 2968 ei
3254 2915 3520 2970 fecerunt.

2545 3002 2664 3056 XX.
2697 3003 2886 3057 Paucis
2915 3014 3094 3058 autem
3139 3014 3263 3074 post
3293 3007 3508 3072 diebus,
3539 3009 3756 3077 quando
3796 3011 4070 3078 cognovi;

2476 3111 2533 3150 se
2561 3111 2681 3150 esse
2737 3113 2766 3149 e
2813 3099 3013 3150 mundo
3039 3099 3330 3162 exituram,
3360 3100 3492 3153 dicit
3533 3100 3711 3154 abbati
3766 3101 4018 3155 Macario
4051 3122 4065 3154 :

2481 3185 2584 3239 Fac
2632 3187 2864 3240 ofﬁcium
2923 3190 3224 3244 charitatis.
3292 3190 3348 3244 Si
3379 3193 3666 3261 contigerit
3718 3209 3802 3246 me
3858 3210 3891 3247 e
3951 3197 4068 3247 vita

2481 3280 2763 3340 excedere,
2798 3296 2866 3334 ne
2890 3296 2976 3335 me
3002 3293 3330 3350 componant
3356 3285 3627 3337 monachi.
3677 3283 3725 3338 Is
3753 3301 3883 3339 vero
3924 3288 4073 3342 dicit

2481 3367 2527 3418 ei
2568 3385 2580 3419 :
2611 3366 2892 3432 Quomodo
2925 3379 3103 3436 potest
3136 3373 3236 3424 hoc
3267 3370 3422 3424 ﬁeri?
3457 3371 3527 3425 Ea
3580 3384 3757 3427 autem
3796 3391 4071 3429 consum-

2481 3469 2644 3522 mata,
2671 3471 2938 3514 venerunt
2962 3464 3135 3515 sancti
3164 3463 3369 3528 Patres,
3406 3473 3464 3518 ut
3494 3475 3738 3519 sanctum
3766 3468 3886 3533 ejus
3923 3484 4070 3521 cor-

2484 3564 2584 3616 pus
2610 3549 2871 3603 lavarent.
2911 3549 3172 3604 Viderunt
3223 3562 3402 3605 autem
3431 3569 3548 3607 eam
3577 3571 3695 3608 esse
3728 3571 3860 3609 sexu
3892 3557 4070 3610 fetui-

2482 3655 2630 3701 nam,
2649 3651 2701 3692 et
2727 3641 3118 3705 exclamarunt,
3149 3643 3390 3698 dicentes
3417 3645 3629 3698 :Gloria
3670 3645 3785 3704 tibi.
3811 3648 4070 3708 Christe.

2483 3732 2572 3798 qui
2608 3733 2804 3784 inultos
2849 3733 3017 3785 habes
3066 3743 3284 3787 sanctos
3332 3736 3592 3789 occultos.
3630 3737 3945 3790 Admiratus
3983 3753 4077 3793 est

2485 3832 2665 3874 autem
2715 3824 2881 3876 abbas
2910 3823 3197 3887 Macarius,
3231 3826 3373 3893 quod
3403 3827 3504 3879 hoc
3557 3827 3659 3881 sibi
3703 3844 3811 3881 non
3865 3829 4077 3883 fuisset

2485 3916 2802 3966 revelatum.
2845 3914 2958 3968 Una
2995 3931 3123 3970 vero
3151 3926 3310 3972 nocte
3358 3917 3498 3971 videt
3548 3920 3828 3983 visionem,
3854 3939 3985 3989 qua:
4021 3925 4077 3976 ei

2486 4005 2620 4059 dicit
2657 4024 2668 4058 :
2705 4005 2780 4060 Ne
2829 4008 3043 4076 angaris
3074 4017 3382 4077 propterea.
3429 4008 3655 4078 Oportet
3681 4013 3823 4066 enim
3879 4023 3936 4065 te
3966 4030 4081 4069 cc-

2487 4099 2666 4149 roitari
2703 4112 2823 4150 cum
2855 4101 3056 4150 sanctis
3105 4097 3376 4161 Patribus,
3431 4100 3522 4168 qui
3564 4111 3693 4154 sunt
3743 4116 3773 4154 ιι
3832 4105 4078 4158 seculo.

2489 4188 2643 4243 Tunc
2666 4190 2711 4242 ei
2741 4189 2976 4243 narravit
3017 4191 3204 4254 vitam,
3229 4199 3281 4243 et
3308 4207 3506 4244 nomen
3542 4193 3732 4247 beatae.
3760 4193 4081 4263 Allatisque

2481 4282 2690 4334 sanctis
2737 4281 2856 4348 ejus
2886 4281 3149 4348 reliquiis,
3202 4295 3318 4333 eam
3357 4291 3651 4350 posuerunt
3679 4282 3744 4335 ad
3788 4283 4081 4337 orientem

2490 4380 2688 4423 sanctae
2717 4371 2984 4432 ecclesias,
3019 4369 3073 4422 in
3115 4379 3272 4422 antro
3303 4371 3514 4423 abbatis
3539 4371 3751 4422 Macarii
3775 4385 3902 4422 cum
3932 4387 4085 4440 μυ·

2489 4462 2579 4515 dio
2611 4471 2666 4514 et
2696 4461 2859 4530 gloria
2893 4475 3061 4529 usque.
3111 4460 3162 4512 in
3209 4460 3526 4514 hodiernum
3563 4462 3725 4522 diem,
3753 4476 3849 4529 per
3887 4461 4080 4514 Deum

2490 4561 2543 4604 et
2566 4561 2782 4604 sanctos
2805 4549 2993 4603 Patres
3026 4567 3037 4600 :
3070 4561 3124 4602 et
3145 4559 3266 4618 post
3286 4560 3486 4604 sancta:
3521 4552 3911 4604 dormitionem
3939 4567 4084 4619 per-

2489 4649 2720 4710 aguntur
2769 4640 3098 4702 curationes,
3149 4640 3321 4709 gratia
3388 4650 3441 4693 et
3496 4640 3784 4694 clementia
3845 4641 4080 4695 Domini

2490 4735 2659 4786 nostri
2711 4731 2842 4784 Jesu
2887 4732 3108 4785 Christi.
3141 4731 3237 4785 Cui
3278 4731 3444 4802 gloria
3475 4743 3527 4788 et
3563 4734 3804 4802 potentia
3839 4731 3896 4784 in
3960 4748 4082 4786 scc-

2496 4826 2636 4879 cula.
2680 4827 2871 4878 Arnen.
