4162 6474
144 409 3344 443 W

940 607 1086 693 DE
1166 605 1254 696 S.
1331 603 1901 696 SYMEONE
1977 606 2532 695 STYLITA.

1490 799 1704 871 (Anno
1737 796 1903 869 £60.)

1103 964 1248 1030 [Acta
1283 965 1369 1015 SS.
1407 966 1627 1017 Boiland.
1656 965 1895 1026 Januarii,
1926 977 2043 1019 tum.
2072 971 2107 1032 I,
2133 972 2212 1023 die
2237 971 2309 1038 5.]

1669 1138 1742 1153 β

224 1272 245 1336 ς
276 1274 305 1325 I.
334 1272 608 1341 Symeoni:
638 1271 846 1340 Stylita.’
881 1273 1102 1325 senioris
1135 1273 1331 1325 celebre
1361 1290 1567 1326 nomen.
1701 1279 1753 1336 Α
1781 1276 2044 1339 inclusus,
2082 1278 2132 1329 in
2161 1277 2499 1331 hebdomada
2525 1277 2705 1333 cibum
2744 1280 2909 1334 semel
2938 1284 3179 1351 capiens,
3210 1299 3347 1353 pane

1782 1366 2188 1435 herbarumque
2236 1367 2509 1422 radicibus
2562 1379 2617 1422 et
2664 1384 2818 1439 aqua:
2865 1380 2997 1440 potu
3050 1374 3344 1426 victitabat.

1780 1457 1898 1523 Qua
1935 1459 2237 1513 admirabili
2276 1460 2604 1515 abstinentia
2638 1471 2690 1515 et
2719 1464 3008 1518 sanctitate
3041 1468 3141 1528 vir,
3167 1467 3349 1518 multis

1779 1555 1942 1608 etiam
1973 1554 2250 1608 miraculis
2277 1555 2455 1608 clarus
2485 1555 2735 1626 migravit
2758 1559 2824 1611 ad
2851 1557 3159 1612 Dominum.
3193 1581 3209 1609 I
3253 1560 3338 1614 Ve-

1780 1661 1900 1698 rum
1937 1646 2079 1699 unde
2114 1646 2303 1699 didicit
2345 1645 2650 1700 Galesinius
2687 1664 2832 1703 cava:
2869 1651 3135 1703 columnae
3180 1652 3341 1704 inelu-

1780 1752 1900 1790 sum
1934 1737 2136 1791 fuisse?
2168 1736 2515 1791 Contrarium
2538 1740 2744 1807 patebit
2766 1757 2831 1794 ex
2863 1740 2889 1810 §
2941 1743 3209 1810 sequenti.
3244 1743 3353 1797 Nec

1780 1830 1947 1881 semel
1990 1828 2042 1880 in
2083 1828 2419 1882 hebdomada
2454 1829 2633 1882 cibum
2670 1832 2937 1898 capiebat,
2971 1833 3073 1884 nisi
3110 1834 3161 1884 in
3196 1834 3348 1901 prin-

1780 1922 1922 1991 cipio
1946 1922 2069 1975 vitae
2088 1923 2429 1986 monasticae;
2461 1924 2553 1976 sed
2573 1924 2986 1995 quadragesimo
3002 1927 3223 1980 demum
3240 1926 3349 1992 die,

1782 2024 1837 2067 ut
1871 2017 1921 2067 in
1954 2013 2074 2067 Vita
2109 2014 2341 2068 dicetur.

193 1410 303 1465 Tres
342 1410 637 1481 Symeones
695 1407 915 1480 StyIitas
946 1409 1069 1463 fasti
1110 1408 1462 1464 ecclesiastici
1517 1410 1673 1464 exhi-

144 1503 256 1559 bent.
286 1504 475 1556 Senior
535 1504 758 1572 ejusque
787 1503 1017 1556 instituti
1054 1502 1261 1570 primus
1304 1517 1503 1571 parens
1529 1504 1561 1557 5
1587 1501 1677 1555 Ja-

148 1601 281 1653 nuarii
333 1601 530 1654 colitur
576 1615 605 1652 a
666 1599 894 1662 Latinis,
929 1613 956 1651 a
1004 1596 1209 1651 ercis
1244 1597 1268 1649 ί
1310 1595 1672 1664 Septembris.

145 1695 328 1748 Fallitur
363 1694 511 1747 enim
542 1692 809 1746 Baronius
853 1694 980 1746 dum
1034 1693 1227 1746 scribit
1266 1691 1387 1760 ejus
1436 1692 1674 1745 natalem

148 1787 206 1857 agi
229 1788 286 1841 24
313 1786 445 1848 Maii,
482 1785 750 1854 Menolog.
808 1784 1099 1839 cardinalis
1136 1783 1320 1837 Sirleti
1349 1793 1553 1837 temere
1586 1797 1677 1837 sc-

141 1890 279 1940 cutus,
310 1879 360 1931 in
395 1894 502 1945 quo
534 1892 659 1931 cum
695 1877 761 1930 de
787 1877 1002 1944 jnniore
1037 1873 1304 1946 Symeone
1336 1891 1402 1929 eo
1435 1874 1523 1929 die
1549 1891 1677 1944 aga-

147 1982 222 2031 tur,
252 1971 366 2024 illud
417 1986 528 2022 non
580 1978 727 2022 recte
776 1968 1052 2037 adjicitur,
1087 1982 1171 2021 res
1202 1967 1269 2020 ab
1317 1981 1384 2020 eo
1431 1974 1608 2037 gestas
1645 1982 1675 2020 a

140 2056 429 2115 Theodoreti)
487 2059 612 2127 Cyri
666 2060 924 2128 episcopo
977 2058 1171 2112 litteris
1217 2058 1445 2111 traditas
1508 2073 1673 2112 esse:

143 2163 311 2209 constat
348 2154 491 2206 enim
552 2153 962 2206 Thcodorctum
1007 2151 1178 2203 multo
1221 2159 1349 2204 ante
1412 2152 1517 2204 vita
1549 2150 1676 2203 fun-

143 2258 253 2299 ctum
279 2261 410 2307 esse,
451 2260 617 2313 quam
642 2242 828 2311 junior
861 2242 1093 2312 Symeon
1140 2252 1475 2295 nasceretur.
1528 2242 1678 2295 Alter
1852 2241 1905 2293 4.
1949 2236 2139 2307 Operaa
2181 2239 2417 2307 pretium
2446 2249 2565 2303 est,
2614 2240 2741 2293 dum
2776 2241 2842 2294 de
2874 2241 3077 2311 Stjlitis
3118 2243 3347 2312 agimus.

145 2338 267 2406 igitur
290 2334 512 2405 Syineon
546 2332 738 2403 Stylita
776 2334 830 2385 in
872 2343 1055 2385 monte
1088 2329 1342 2393 mirabili,
1376 2331 1429 2382 in
1479 2329 1677 2400 Marly-
1779 2349 1897 2401 qua:
1926 2335 2073 2386 vocis
2109 2334 2280 2395 notio,
2319 2348 2438 2399 quae
2482 2333 2742 2385 columna:
2775 2334 2943 2387 forma
2979 2334 3161 2395 fuerit,
3187 2351 3351 2403 expo-

141 2429 297 2495 rologio
349 2426 593 2479 Ronmno
643 2426 846 2477 relatus
892 2424 924 2475 5
985 2422 1348 2492 Septembris,
1403 2423 1599 2476 colitur
1646 2441 1674 2476 ιι
1780 2425 2203 2481 nerc.Priusita
2228 2426 3141 2496 breviterexsequiturRosweydus
3165 2438 3350 2481 noster

140 2516 295 2571 Gmcis
321 2516 385 2569 ΞΔ
410 2516 561 2575 Maii,
594 2529 703 2583 quo
748 2514 833 2567 die
864 2514 931 2567 de
990 2513 1081 2567 illo
1136 2512 1381 2582 pluribus
1432 2529 1672 2581 agemus.
1781 2520 1834 2572 in
1878 2519 2166 2573 Notalione
2197 2520 2260 2571 ad
2295 2518 2349 2572 S,
2385 2518 2671 2586 Symeonis
2706 2518 2906 2587 stylim
2947 2520 3109 2573 vitam
3140 2540 3152 2552 ο
3188 2540 3203 2571 ι
3236 2522 3346 2574 nu-

142 2609 312 2663 Tertius
330 2612 393 2664 ab
421 2610 615 2662 iisdem
660 2607 863 2663 Graecis
898 2606 1205 2661 celebratur
1226 2605 1297 2659 ‘26
1329 2605 1481 2669 Julii,
1510 2622 1670 2660 voca—
1702 2622 1743 2675 Β
1774 2613 1913 2665 citur
1961 2627 1989 2664 a
2025 2610 2391 2680 grammaticis
2427 2620 2480 2663 et
2524 2610 2709 2672 στῦλος
2763 2622 2816 2665 ct
2850 2611 3013 2680 στήλη
3060 2614 3126 2665 ab
3160 2614 3347 2666 eadem

140 2714 288 2771 turqne
334 2704 616 2773 presbyter
670 2711 726 2755 et
788 2698 1249 2762 archimandrita;
1306 2698 1447 2751 idem
1477 2698 1673 2751 fortns-
1778 2705 1988 2774 origine
2016 2704 2226 2770 ἴστημι,
2264 2712 2361 2754 διο.
2398 2702 2527 2754 Suid

1780 2705 1988 2774 origine
2016 2704 2226 2770 ἵστημι,
2264 2712 2361 2754 sto.
2398 2702 2594 2755 Suidas
2621 2720 2632 2755 :
2660 2703 2941 2772 Στυλίτης,
2973 2707 2999 2756 ὁ
3041 2706 3132 2756 ἐπὶ
3174 2705 3352 2768 κίονος

140 2794 304 2861 sis,qui
358 2812 382 2843 ιι
414 2791 627 2845 Joanne
664 2790 882 2844 Moscho
914 2804 1031 2856 cap.
1097 2789 1165 2841 57
1217 2786 1362 2841 Prati
1417 2789 1673 2856 spiritua-
1777 2798 2088 2862 ἱστάμενος.
2128 2814 2143 2843 ι
2187 2793 2401 2862 Stylita,
2435 2793 2522 2862 qui
2564 2794 2869 2847 columnam
2904 2797 3122 2848 insistit.
3161 2816 3175 2843 ›
3219 2796 3351 2859 Quis

140 2883 201 2945 lis,
220 2885 315 2937 sive
342 2885 459 2937 libri
518 2900 551 2936 ι
603 2883 670 2936 de
706 2882 842 2935 Vitis
888 2880 991 2934 PP.
1025 2880 1253 2935 fulmine
1276 2880 1417 2935 ictus
1462 2897 1672 2935 memo-
1776 2888 1983 2955 primus
2028 2885 2169 2952 apud
2219 2886 2495 2937 ltomunos
2537 2900 2701 2952 super
2739 2885 3047 2938 columnam
3099 2889 3349 2940 cellulam

140 2986 291 3031 ηιυτη
1775 2978 2052 3037 struxerit,
2074 2978 2231 3029 docet
2250 2991 2349 3029 nos
2383 2977 2653 3029 Asconius
2680 2977 2730 3029 in
2751 2976 3029 3031 Ciceronis
3047 2982 3348 3035 orationem

188 3069 230 3119 3.
260 3067 529 3120 Seniorem
568 3066 640 3117 ita
678 3064 923 3117 celebrat
984 3061 1421 3133 Martyrologium
1476 3061 1674 3115 Roma-
1776 3069 1830 3122 in
1881 3068 1943 3133 Q.
1976 3068 2273 3130 Caecilium,
2308 3083 2425 3135 quze
2460 3067 2722 3120 Divinatio
2754 3070 2801 3121 in
2858 3068 3066 3123 Verrem
3115 3073 3348 3128 dicitur:

138 3173 234 3212 num
279 3159 573 3213 5Januatii
607 3176 620 3210 :
652 3177 668 3207 ι
709 3155 1017 3210 Antiochia:
1045 3154 1100 3208 S.
1145 3152 1433 3224 Symeonis
1476 3169 1669 3208 mona-
1781 3178 1799 3210 ι
1852 3160 2073 3213 Maenius
2126 3174 2248 3212 cum
2302 3159 2522 3213 domum
2573 3177 2725 3213 suam
2759 3164 3017 3216 tenderet
3064 3164 3254 3218 Catoni
3298 3178 3353 3222 et

138 3252 219 3312 chi,
242 3254 318 3319 qui
353 3254 401 3304 in
428 3252 687 3305 columna
724 3260 873 3302 stans
908 3248 1109 3301 multos
1136 3262 1311 3301 annos
1342 3247 1492 3310 vixit,
1529 3247 1672 3300 unde
1782 3267 1800 3297 ι
1848 3248 2040 3302 Flacco
2083 3247 2405 3301 censoribus
2467 3256 2522 3301 ut
2583 3249 2654 3302 ibi
2698 3250 2917 3302 basilica
2967 3253 3348 3315 aediﬁcaretur,

138 3339 371 3409 etStylita:
398 3357 604 3394 nomen
637 3340 848 3407 accepit
886 3357 898 3392 :
937 3338 1093 3407 cujus
1121 3339 1225 3389 vita
1254 3346 1309 3390 et
1327 3339 1691 3392 conversatio.
1780 3358 1798 3389 ι
1847 3355 2031 3407 cxcrp;
2056 3349 2136 3392 rat
2175 3340 2264 3407 jus
2312 3339 2413 3392 sibi
2450 3341 2613 3393 unius
2644 3341 2932 3399 columnae.
2982 3358 3145 3411 super
3188 3363 3349 3414 quam

139 3432 303 3484 exstitit
354 3431 717 3484 admirabilis.
762 3451 778 3481 ι
840 3430 1039 3484 Eadem
1102 3427 1217 3482 fere
1266 3427 1469 3483 habent
1505 3428 1668 3492 Beda,
1782 3448 1799 3479 ι
1850 3438 2052 3482 tectum
2092 3430 2381 3498 projiceret
2412 3445 2477 3482 ex
2520 3430 2930 3497 provolantibus
2955 3432 3173 3499 tabulis,
3208 3437 3349 3488 unde

143 3521 399 3587 llrabanus,
434 3527 451 3577 ι
483 3524 746 3584 suardus,
785 3523 1055 3586 Bellinus;
1084 3531 1140 3576 et
1171 3521 1346 3578 fusius
1380 3523 1515 3586 Ado,
1544 3523 1673 3577 Not-
1784 3538 1801 3565 σ
1847 3529 1903 3573 et
1943 3520 2057 3589 ipse
2103 3529 2157 3573 ct
2187 3520 2387 3588 posteri
2425 3522 2544 3587 ejus
2576 3528 2824 3589 spectare
2859 3538 3058 3576 munus
3087 3525 3352 3593 gladiato—

138 3613 280 3679 kerus,
308 3618 531 3685 aliique.
584 3615 945 3683 Menologium
998 3614 1309 3667 Graacorum
1342 3614 1367 3667 ί
1428 3613 1672 3683 Septem-
1782 3633 1800 3664 ‹
1851 3613 1991 3666 rium
2026 3622 2267 3681 possent,
2301 3614 2443 3682 quod
2472 3615 2633 3667 etia’m
2682 3624 2795 3668 tum
2829 3616 2881 3669 in
2916 3617 3031 3671 foro
3075 3620 3347 3675 dabatur:

136 3701 247 3756 bris:
281 3727 294 3756 ι
332 3705 801 3760 Commemoratio
832 3703 887 3757 S.
927 3703 986 3756 P.
1024 3703 1087 3756 N.
1120 3702 1407 3774 Symeonis
1440 3703 1670 3775 Stylilaz,
1783 3725 1801 3757 ι
1848 3707 1991 3761 unde
2036 3707 2105 3760 ab
2167 3707 2357 3761 eodem
2408 3707 2599 3761 Maenio
2634 3709 2775 3763 dicta
2830 3718 2956 3764 sunt
3004 3710 3285 3766 Maeniana.
3324 3731 3342 3762 ι

136 3800 199 3863 qui
220 3798 304 3852 fuit
335 3802 434 3853 sub
464 3801 800 3867 imperatore
864 3797 1043 3850 Leone
1075 3797 1289 3867 Magno,
1332 3808 1388 3850 et
1423 3798 1675 3867 Mai-tyrio
1779 3800 2009 3853 Festus:
2048 3817 2065 3848 ι
2096 3799 2359 3852 Maeniana
2400 3800 2625 3853 aedilicia
2671 3817 2698 3853 a
2747 3801 2937 3855 anio
2987 3814 3111 3856 sunt
3159 3808 3347 3873 appel-

134 3892 437 3945 Antiocbena:
494 3891 656 3944 urbis
692 3889 968 3957 pontitice,
1003 3903 1031 3940 a
1069 3888 1346 3957 provincia
1372 3887 1575 3941 Cilicia:
1605 3903 1670 3941 ex
1785 3911 1801 3940 ι
1852 3891 1955 3944 lata
2000 3909 2013 3943 :
2064 3890 2113 3943 is
2163 3893 2307 3943 enim
2357 3890 2564 3959 primus
2602 3892 2737 3945 ultra
2787 3894 3069 3949 columnas
3107 3897 3349 3951 extendit

134 3981 309 4033 castello
338 3980 505 4034 Sesan
542 4022 553 4032 .
586 3980 679 4047 qui
714 3978 1066 4032 monasticam
1101 3978 1262 4031 vitam
1292 3979 1566 4049 ingressus
1612 3980 1663 4031 in
1700 3960 1742 4016 (ἶ
1788 4003 1801 4029 ι
1852 3983 1997 4052 tigna
2020 4022 2034 4045 ,
2091 3996 2199 4050 quo
2247 3982 2638 4050 ampliarentur
2690 3986 2990 4048 superiora.
3049 4002 3068 4037 ι
3116 3986 3301 4041 Glossa
3337 4001 3350 4013 '

134 4075 387 4127 columnam
446 4075 740 4137 ascendit;
802 4074 851 4123 in
907 4086 1010 4140 qua
1060 4071 1413 4140 quadraginta
1457 4082 1664 4139 septem
1782 4095 1799 4126 ι
1846 4074 2193 4135 Maenianum,
2243 4073 2504 4144 ὲξώστρα.

1782 4095 1799 4126 ι
1846 4074 2193 4135 Maenianum,
2243 4073 2504 4144 ὲξώστρα,
2543 4075 3123 4147 Menianus,éx5ézn;.
3160 4097 3177 4126 ι
3224 4078 3351 4131 ΙΙωο

134 4180 265 4219 annos
294 4168 461 4227 stetit,
497 4177 556 4218 et
594 4164 786 4217 multis
824 4179 919 4231 per
952 4179 1074 4217 eum
1103 4163 1264 4217 editis
1308 4164 1581 4217 miraculis
1612 4165 1663 4216 in
1775 4166 2130 4236 Rosweydus.
2188 4167 2389 4220 Eadem
2451 4167 2562 4221 fere
2596 4169 2758 4222 habet
2791 4167 3036 4223 Raderus
3100 4169 3346 4224 Viridarii

135 4272 232 4323 pace
276 4259 492 4325 quictit.
544 4276 563 4307 ι
628 4257 831 4309 Eadem
884 4255 1085 4307 habent
1130 4269 1196 4307 eo
1238 4253 1327 4308 die
1354 4253 1579 4314 Menam,
1613 4264 1667 4307 et
1777 4268 1927 4327 parte
1979 4276 2058 4319 ιιι.
2119 4274 2238 4327 cap.
2280 4260 2333 4321 4,
2364 4258 2430 4312 de
2473 4258 2531 4312 St

1780 4268 1927 4327 parte
1979 4276 2058 4319 ιιι.
2119 4274 2238 4327 cap.
2280 4260 2333 4321 4,
2364 4258 2430 4312 de
2473 4258 2705 4329 Stylitis,
2749 4262 2838 4330 qui
2880 4263 3086 4315 addidit
3123 4280 3133 4315 :
3168 4281 3187 4313 ι
3218 4264 3352 4331 Στή-

133 4348 391 4404 ϐιάςωτυω
423 4347 803 4415 Anthologion
856 4363 884 4398 a
921 4345 1198 4399 Clemente
1226 4344 1340 4397 VIII
1394 4347 1665 4413 approha-
1776 4350 1841 4419 λη
1873 4360 2006 4409 erat,
2034 4350 2251 4418 prOprie
2281 4352 2470 4419 cippus
2501 4352 2837 4419 sepultorum
2866 4352 3088 4405 tumulis
3128 4354 3348 4420 imposi-

133 4451 231 4492 tum.
257 4442 691 4510 Christophorus
732 4438 996 4491 Patricius
1028 4445 1085 4490 et
1136 4434 1430 4490 Proconsul
1462 4437 1666 4504 Mitylc-
1777 4452 1885 4506 tus,
1927 4459 2051 4497 cum
2085 4444 2457 4511 inscriptione.
2527 4462 2544 4493 ι
2586 4443 2814 4511 Moxque
2862 4445 3077 4507 subdit,
3125 4446 3348 4513 στήλαις

130 4549 243 4587 meus
290 4538 337 4588 in
387 4537 640 4603 epitome
680 4530 969 4600 Menulogii
996 4528 1188 4584 eodem
1246 4529 1334 4583 die
1386 4547 1399 4583 :
1438 4530 1665 4598 Συμεὼν
1778 4536 2088 4604 ignominiae
2134 4550 2295 4588 causa
2355 4535 2667 4588 nocentium
2704 4535 2842 4589 facta
2906 4536 3125 4589 inscribi
3167 4536 3346 4599 solita,

131 4627 417 4693 muniant»
480 4645 575 4695 μοι
612 4620 788 4693 οὗπερ
821 4621 1010 4683 στῦλος
1033 4623 1093 4673 τὸ
1121 4621 1425 4691 γνώρισμα.
1455 4641 1472 4673 ι
1520 4620 1663 4675 Lau-
1776 4628 2052 4696 fuisseque
2104 4628 2500 4695 quodammodo

1780 4628 2052 4696 fuisseque
2104 4628 2500 4695 quodammodo
2540 4628 2748 4682 tabulas
2778 4644 2874 4683 seu
2926 4630 3203 4683 columnas
3234 4647 3351 4698 pro-

130 4718 292 4772 datura
346 4737 430 4775 me
474 4720 747 4789 Symcon,
804 4716 962 4782 cujus
1020 4715 1226 4783 insigne
1256 4715 1527 4767 columna.
1570 4735 1589 4765 ι
1774 4719 2154 4787 scriptionum.
2188 4718 2341 4772 Unde
2376 4718 2528 4784 λόγον

1780 4719 2154 4787 scriptionum.
2188 4718 2341 4772 Unde
2376 4718 2528 4784 λόγον
2549 4720 2972 4788 στηλιτευτικόν,
2998 4722 3349 4790 etepistolam

178 4809 219 4862 5.
240 4808 552 4865 Franciscus
575 4808 922 4876 Maurolycus
938 4805 991 4857 in
1010 4804 1382 4875 Martyrologio
1405 4806 1468 4858 ad
1488 4806 1521 4857 5
1540 4805 1659 4858 Jan.
1776 4810 2189 4879 στηλιτευτικήν
2207 4821 2303 4879 pro
2334 4812 2536 4878 scripto
2556 4810 2766 4864 famoso
2788 4812 2981 4879 accipi,
3011 4829 3118 4881 quo
3140 4815 3213 4866 rei
3244 4815 3350 4866 cri-

130 4901 179 4954 ita
202 4903 257 4956 de
286 4922 346 4957 eo
376 4906 574 4959 scribit
608 4922 623 4956 :
666 4916 683 4951 t
722 4900 877 4969 Apud
918 4899 1261 4952 Antiochiam
1293 4899 1349 4951 ὃ.
1382 4898 1665 4967 Symeonis
1773 4900 1918 4952 mina
1947 4900 2163 4967 publice
2200 4900 2423 4969 legenda
2456 4912 2851 4969 proponuntur.

131 4992 287 5065 Saylita:
323 4996 678 5053 admirabilis
722 5011 734 5046 :
764 5008 890 5047 nam
938 4994 991 5045 in
1040 5003 1204 5060 puteo
1240 4992 1387 5045 sicco
1417 4993 1664 5060 pluribus
1843 4992 1895 5044 5.
1931 4991 2004 5044 De
2038 4990 2206 5044 forma
2232 4991 2302 5043 ita
2325 4991 2545 5045 disserit
2573 4991 2715 5044 idem
2748 4992 2995 5046 Raderus
3026 5008 3040 5044 :
3082 5012 3099 5043 ι
3131 4991 3352 5047 Colum—

132 5092 269 5151 aanis,
294 5091 341 5141 in
374 5092 639 5144 columna
681 5099 776 5155 per
802 5099 974 5138 annos
1001 5084 1360 5153 quadraginta
1389 5094 1542 5139 stans
1570 5100 1664 5140 su-
1772 5098 1991 5144 narum,
2046 5099 2183 5152 quas
2245 5099 2348 5154 ego
2378 5083 2633 5136 omnibus
2660 5082 2877 5154 Algypti
2908 5085 3230 5155 prodigiosis
3256 5102 3351 5155 py-

132 5192 201 5245 per
232 5197 381 5235 unum
427 5182 630 5250 pedem
664 5178 822 5231 vixit.
859 5175 1181 5229 Defunctum
1216 5178 1378 5228 etiam
1408 5191 1537 5232 aves
1564 5177 1663 5232 de-
1773 5176 2095 5238 ramidibus,
2142 5174 2431 5228 elaboratis
2482 5184 2536 5227 et
2596 5175 2755 5244 pictis
2782 5176 3063 5239 obeliscis,
3094 5180 3346 5241 colossis,

132 5268 363 5327 ﬂeverunt.
392 5294 409 5325 ι
446 5273 559 5327 Sed
602 5270 815 5325 fallitur
853 5267 1211 5337 Maurolycus,
1238 5268 1381 5337 quod
1416 5270 1468 5322 in
1501 5279 1665 5337 puteo
1701 5321 1742 5374 Β
1772 5267 2151 5335 columnisque
2180 5266 2419 5335 Trajani,
2456 5278 2679 5337 propter
2713 5267 2826 5338 ipsa
2860 5285 2977 5337 qua!
3013 5284 3176 5338 supra
3231 5270 3349 5325 illas

132 5364 238 5418 sici-0
261 5369 527 5422 existimet
560 5362 825 5434 pluribus
849 5361 1011 5414 annis
1042 5361 1265 5423 vixisse,
1299 5361 1390 5415 ubi
1419 5362 1667 5430 pauculis
1701 5359 1740 5374 ν
1774 5359 2053 5430 fulgebant
2082 5359 2258 5413 sidera
2287 5370 2595 5427 antepono,
2651 5359 2826 5414 forma
2855 5359 2968 5414 fere
2993 5360 3116 5426 fuit,
3160 5373 3219 5415 ut
3262 5378 3352 5414 nr-

134 5462 293 5511 tantum
310 5460 495 5512 diebus
522 5457 634 5511 fuit
663 5472 677 5506 :
703 5469 880 5522 neque
907 5452 1050 5521 quod
1077 5453 1272 5515 innuit,
1298 5453 1517 5508 assidue
1537 5455 1673 5524 pede
1775 5455 1967 5519 bitror,
2001 5454 2252 5515 rotunda,
2286 5452 2516 5506 altitudo
2572 5452 2737 5505 varia.
2776 5452 2981 5507 Auctor
3008 5456 3153 5506 enim
3186 5452 3350 5524 Styli-

136 5560 213 5600 uno
242 5550 383 5602 nixus
412 5552 465 5602 in
498 5549 769 5602 columna
804 5543 974 5607 stetit,
1007 5543 1101 5596 sed
1132 5558 1242 5596 uno
1270 5545 1446 5599 solum
1504 5560 1669 5600 anno.
1776 5557 1950 5601 tarum
2000 5546 2235 5615 Symeon
2292 5546 2525 5613 primum
2578 5545 2921 5599 columellam
2955 5547 3202 5599 ascendit
3238 5562 3353 5602 non

135 5634 281 5694 Petrus
304 5639 651 5697 Galesinius:
695 5656 715 5687 ι
744 5636 1027 5689 Antioche
1055 5634 1115 5691 S.
1151 5637 1439 5706 Symeonis
1470 5637 1673 5709 Stylita:
1773 5641 1877 5693 nisi
1925 5654 2117 5694 senum
2176 5641 2483 5693 cubitorum
2521 5639 2656 5708 (sive
2697 5654 2891 5692 novem
2953 5641 3173 5710 pedum)
3222 5655 3348 5694 mox

135 5738 457 5807 monachi,qui
487 5736 544 5790 in
579 5733 902 5789 columnam
926 5746 1113 5785 cavam
1136 5732 1292 5786 annis
1315 5731 1671 5801 quadraginta
1776 5733 2108 5795 duodenum,
2136 5744 2321 5801 postea
2349 5732 2598 5787 vicenum
2631 5733 2817 5793 duum,
2861 5741 3138 5801 postremo
3186 5734 3351 5787 trice-

391 5834 673 5893 I‘ATnOL.
710 5827 827 5886 CR.
866 5827 1087 5890 CXIV.
2966 5827 3030 5887 lt

1849 2122 1875 2191 §
1936 2124 1999 2177 11.
2038 2123 2244 2193 Stylitw
2276 2126 2413 2178 unde
2445 2125 2591 2180 dicti.
2631 2125 2758 2189 Qui:
2801 2128 3055 2182 columna:
3085 2132 3279 2199 forma.
