4162 6474
765 479 861 543 331

1964 470 2249 531 MENSIS
2283 471 2741 534 JANUARIUS.

3913 449 4035 516 332

767 606 896 645 num
937 601 1148 647 senum.
1200 584 1332 649 sive,
1372 595 1429 638 ut
1467 582 1807 652 Niceplicrus
1834 592 1885 635 ct
1938 582 2025 634 alii
2095 580 2335 642 tradunt,
2368 591 2411 642 Α
2445 581 2607 635 habet
2656 577 2999 647 Nicephorus
3049 575 3191 629 libro
3232 589 3345 636 xiv,
3376 587 3495 642 cap.
3532 570 3618 632 5i,
3654 568 3705 620 in
3734 580 3841 635 quo
3865 577 4032 616 error

767 683 1190 753 quadragenum.
1229 677 1436 732 Modius
1467 692 1560 731 seu
1591 676 1720 730 cella
1755 675 1865 728 sive
1889 674 2223 729 domicilium
2248 689 2339 728 co-

774 777 968 831 lmmris
1011 773 1345 842 impositum,
1387 771 1439 822 in
1463 782 1570 838 quo
1608 766 1997 825 consistebant.
2037 767 2088 817 in
2121 778 2337 818 omnem

770 880 977 939 partem
1009 867 1168 920 hinos
1190 865 1403 918 cubitus
1447 877 1541 914 seu
1591 871 1701 913 tres
1723 858 1889 928 pedes
1922 858 2157 928 patebat,
2195 865 2340 911 tecto

770 964 938 1024 nullo,
992 971 1051 1015 ut
1082 960 1252 1013 libere
1304 956 1499 1011 coelum
1529 968 1692 1007 omne
1719 952 2244 1021 contemplarentur,
2288 957 2341 1003 et

768 1056 1025 1111 euntibus
1057 1052 1270 1122 injuriis
1324 1047 1444 1102 euali
1500 1045 1730 1116 expositi
1762 1046 2018 1112 majorem
2078 1043 2344 1098 baberent

773 1148 1070 1204 tolerantize
1123 1152 1359 1212 segetem
1410 1150 1463 1193 et
1521 1153 1771 1192 messem.
1830 1136 2034 1190 Januas
2071 1137 2344 1191 habebant

775 1238 1036 1299 nonnulli,
1068 1236 1244 1288 nullas
1294 1232 1407 1293 alii,
1434 1231 1574 1299 quod
1606 1229 1944 1296 tempestatis
1969 1227 2219 1281 violentia
2253 1241 2345 1296 pa-

774 1334 923 1386 rietis
950 1338 1155 1398 partem
1185 1325 1510 1394 disiecisset.
1539 1318 1708 1374 Scala:
1734 1320 2186 1383 admovebantur,
2218 1333 2342 1373 cum

777 1426 857 1479 ιρι
886 1423 975 1476 alii
1008 1420 1071 1474 ad
1106 1420 1227 1473 illas
1252 1416 1627 1476 enitebantur,
1673 1413 1750 1465 vel
1777 1411 1849 1464 illi
1887 1411 1950 1465 ad
1984 1410 2117 1464 alios
2140 1424 2198 1465 se
2245 1410 2341 1464 de—

778 1519 1076 1577 mitterent,
1097 1511 1241 1580 quod
1256 1510 1477 1579 quidem
1505 1506 1586 1560 vel
1609 1520 1907 1574 nunquam,
1934 1504 2015 1557 vel
2038 1502 2101 1556 ad
2135 1518 2344 1556 summa

775 1608 1008 1677 Reipuli.
1083 1602 1321 1675 pericula
1398 1598 1643 1653 devocati
1704 1597 2038 1651 factit-hant.
2103 1597 2347 1648 Statmize

778 1716 940 1771 porro
969 1706 1168 1753 aeterna
1213 1710 1269 1747 se
1297 1691 1615 1746 cruciabaut
1654 1707 1664 1738 :
1715 1703 1814 1740 ncc
1845 1689 1988 1740 enim
2024 1687 2238 1755 iacendi
2267 1688 2345 1738 Vcl

778 1790 1137 1850 rleeumbendi
1173 1787 1403 1855 spatium
1454 1791 1604 1836 erat:
1633 1789 1886 1850 poterant
1916 1789 2092 1833 tamen
2123 1777 2346 1841 sedete,

780 1887 985 1942 sedisse
1025 1895 1153 1933 vero
1200 1890 1467 1945 nusquam
1524 1875 1664 1942 lcgo.
1700 1885 1974 1940 nunquam
2016 1878 2166 1938 pulo.
2216 1868 2348 1921 Nam

2441 678 2493 729 in
2524 689 2811 729 numerum
2864 670 3099 741 irrepsit.
3159 666 3293 721 Nam
3331 681 3428 736 pro
3464 660 3853 729 undetriginta,
3881 652 4032 707 scri-

2443 766 2677 823 bendum
2712 764 2951 834 triginta.
2990 762 3121 828 Qua:
3148 759 3357 830 putatio
3389 758 3432 811 si
3460 770 3586 810 vera
3638 763 3740 809 est.
3787 763 3897 802 non
3930 763 4035 812 po-

2443 862 2544 916 tuit
2578 858 2891 929 pervenisse
2927 856 2992 911 ad
3041 854 3402 910 centesimum
3430 863 3656 904 annum.
3688 842 3900 911 Alioqui
3932 853 4035 891 ne-

2443 967 2595 1008 cesse
2618 958 2763 1006 esset
2800 963 3045 1003 asserere
3073 962 3225 1006 eum.
3276 959 3400 998 cutn
3439 956 3557 995 χιιι·
3585 948 3702 992 erat
3727 946 4010 988 annorum

2444 1044 2679 1115 primum
2721 1041 3024 1111 ingressum
3059 1051 3180 1091 esse
3218 1032 3606 1089 monasterium
3655 1046 3668 1080 :
3730 1023 3872 1093 quod
3914 1036 4036 1073 non

2443 1131 2674 1202 quadrat
2704 1143 2828 1183 cum
2860 1127 2979 1181 Vita
3012 1126 3100 1180 hic
3154 1124 3223 1179 ab
3252 1122 3490 1176 Antonio
3516 1118 3740 1187 scripta.
3771 1115 3865 1183 qui
3897 1127 4039 1165 cum

2447 1224 2628 1278 statim
2655 1221 2722 1275 ab
2751 1219 3119 1275 adulescentia
3150 1218 3453 1286 ingressum
3485 1226 3606 1266 esse
3633 1205 4041 1263 monasterium

2447 1317 2654 1371 scribit.

2519 1406 2571 1462 8.
2621 1427 2639 1457 ι
2680 1405 2758 1460 Ex
2807 1418 2916 1475 quo
2962 1405 3075 1456 lia‘e
3130 1400 3261 1454 Vita!
3292 1412 3503 1453 summa
3554 1394 3821 1463 colligitur
3856 1408 3871 1447 ;
3904 1402 4043 1442 cum

2448 1509 2566 1555 erat
2584 1498 2845 1554 tredecim
2871 1510 3163 1556 annorum,
3195 1498 3453 1562 pascebat
3478 1502 3627 1544 oves.
3662 1485 3792 1541 lude
3815 1484 4047 1536 videtur

2452 1605 2733 1662 ingressus
2766 1589 3180 1643 monasterium.
3231 1583 3320 1638 ubi
3351 1585 3483 1636 vixit
3506 1594 3719 1641 annui,
3779 1575 3909 1630 inde
3973 1589 4044 1626 tu

2452 1684 2611 1738 annis
2639 1702 2692 1737 in
2746 1683 2995 1736 clausura
3025 1699 3037 1709 -
3073 1689 3193 1747 post
3229 1695 3279 1731 iv
3308 1676 3469 1731 annis
3509 1674 3562 1725 in
3587 1674 3837 1726 columna
3870 1667 4045 1722 cubi-

2454 1786 2634 1832 torum
2672 1791 2763 1841 tv;
2792 1776 2988 1829 iterum
3023 1787 3097 1825 sit
3134 1770 3297 1824 annis
3328 1784 3379 1821 In
3412 1767 3662 1821 columna
3724 1764 4047 1817 cubitorum

2458 1885 2558 1933 xtl,
2590 1882 2782 1922 rursus
2811 1882 2891 1921 ιιι
2913 1864 3074 1920 annis
3096 1863 3149 1918 in
3178 1863 3429 1916 columna
3449 1858 3757 1914 cubitorum
3783 1870 3874 1915 xx,
3914 1861 4050 1922 post

782 1981 989 2044 prluius
1033 1969 1391 2041 quadraginta
1436 1964 1627 2018 diebus
1671 1964 1902 2030 Synieon
1957 1961 2019 2014 ad
2054 1962 2259 2014 trabem
2294 1976 2352 2014 se
2383 1943 2425 1998 Β
2458 1980 2508 2016 ιν
2538 1974 2711 2015 annos
2764 1961 2820 2012 in
2875 1958 3130 2012 columna
3187 1954 3496 2009 cubitorum
3534 1965 3667 2012 xxx;
3699 1948 3918 2001 demum
3947 1959 4049 1999 xv-

783 2067 985 2139 alligari
1022 2062 1252 2124 curavit,
1296 2057 1590 2125 alterisque
1648 2054 2004 2124 quadraginta
2036 2068 2160 2106 mox
2218 2052 2352 2106 liber

784 2167 983 2226 alisque
1010 2152 1343 2211 adminiculo
1370 2148 1725 2208 consistebat,
1779 2146 1957 2200 mcdio
1989 2162 2217 2214 corpore
2266 2162 2354 2197 su-

783 2269 949 2324 perne
984 2251 1131 2304 velut
1184 2243 1539 2317 Ecclesiastes
1573 2242 1626 2293 in
1656 2242 1886 2293 amboue
1940 2240 2202 2293 exstabat.
2243 2237 2352 2291 Etsi

784 2352 849 2402 de
880 2344 1135 2400 omnibus
1176 2355 1283 2394 non
1315 2336 1647 2392 allirmarim.
1711 2353 1727 2383 ι
1772 2332 2044 2385 llacteuus
2093 2329 2350 2384 lladerus.

786 2444 860 2492 lie
890 2436 1144 2491 domicilii
1173 2447 1334 2501 supra
1360 2430 1669 2484 eulumnam
1710 2424 2027 2479 exaediﬁcati
2078 2438 2352 2485 mensura,

786 2530 928 2583 idem
989 2534 1218 2580 testatur
1260 2520 1520 2590 Evagrius
1586 2517 1677 2570 lib.
1716 2532 1754 2574 ι.
1797 2530 1914 2582 cap.
1965 2514 2049 2575 13,
2092 2513 2173 2563 vix
2222 2511 2358 2565 duo-

788 2640 905 2676 rum
964 2622 1131 2675 iuisse
1192 2616 1526 2677 cubitorum,
1583 2620 1637 2664 et
1698 2609 2037 2678 hicepiiorus
2100 2607 2193 2659 lib.
2247 2620 2359 2669 xiv,

786 2731 898 2785 cap.
937 2715 1024 2769 5!.

1031 2856 1173 2930 5m.
1216 2853 1398 2909 Sancti
1429 2849 1702 2921 Symeonis
1733 2848 1940 2916 Stylita:
1966 2855 2115 2900 celas.

857 2990 912 3043 6.
944 2986 1017 3041 De
1047 2984 1219 3040 sancti
1290 2978 1573 3051 Sytneonis
1601 2975 1892 3032 mtateha-c
1926 2974 2087 3028 tradit
2117 2972 2363 3043 Rosuey-

789 3086 891 3137 dus
942 3087 1128 3134 noster
1180 3078 1231 3128 in
1295 3072 1581 3127 Notationc
1622 3070 1689 3124 ad
1724 3069 1845 3139 ejus
1888 3068 2050 3121 vitam
2110 3066 2203 3120 lib.
2243 3082 2256 3119 ι
2294 3064 2364 3119 De

793 3171 927 3226 Vitis
965 3168 1067 3222 PP.
1108 3187 1126 3218 ι
1168 3165 1241 3221 De
1266 3176 1510 3233 tempore
1559 3175 1668 3231 quo
1712 3160 1865 3223 vixit,
1894 3175 1959 3214 ex
1997 3157 2361 3223 Theodoreto,

2457 2069 2630 2108 annos
2653 2052 2706 2106 in
2737 2052 2992 2107 columna
3018 2048 3329 2104 cubitorum
3363 2061 3448 2099 st.
3499 2043 3675 2111 Atque
3725 2041 3797 2093 ita
3826 2035 4053 2092 exerci-

2459 2145 2680 2200 tationis
2702 2142 2830 2197 anni
2854 2150 3158 2211 essu'gunt
3179 2156 3273 2204 LII,
3303 2137 3446 2190 haud
3468 2136 3697 2189 multum
3714 2128 4056 2185 diderentes

2457 2253 2486 2291 a
2516 2251 2748 2291 numero
2775 2234 3013 2304 Evagrii.

2530 2328 2579 2383 9.
2623 2346 2641 2377 ι
2700 2325 2859 2394 Apud
2894 2323 3298 2379 Tlieodoretum
3347 2321 3597 2381 habetur,
3626 2315 3767 2387 quod
3803 2331 3839 2369 ιι
3864 2328 4059 2390 annos

2461 2420 2662 2474 mansit
2692 2419 2745 2471 in
2777 2420 2956 2488 primo
2983 2415 3353 2470 monasterio:
3381 2430 3412 2468 ι
3437 2413 3596 2467 annis
3624 2412 3678 2464 iu
3706 2407 4062 2463 monasterio

2464 2514 2742 2569 lleliodori
2798 2532 2810 2566 :
2856 2529 2913 2567 ιιι
2969 2527 3143 2565 annos
3197 2512 3252 2565 in
3310 2512 3433 2564 vico
3463 2507 3756 2560 Tclanesso
3808 2520 3823 2555 :
3874 2505 4059 2555 xxviii

2462 2607 2621 2662 annis
2655 2608 2709 2660 in
2743 2607 3018 2667 columna,
3045 2607 3097 2657 in
3139 2604 3191 2658 id
3234 2614 3470 2672 tempus,
3522 2615 3631 2670 quo
3662 2596 4063 2652 Theodoretus

2464 2703 2584 2771 eius
2636 2699 2809 2753 Vitam
2870 2698 3109 2766 scripsit.
3165 2695 3261 2750 llic
3313 2703 3522 2749 tanturn
3588 2690 3858 2745 habentur
3917 2701 4065 2741 amri

2465 2811 2597 2849 xuii
2652 2791 3058 2847 exercitationis
3112 2810 3124 2839 ι
3181 2786 3276 2841 sed
3310 2801 3375 2841 eo
3401 2794 3646 2852 tempore
3685 2782 3863 2835 adhuc
3910 2779 4069 2831 vive-

2466 2888 2577 2941 bat.

2539 2980 2622 3030 ιυ.
2669 2997 2685 3027 ι
2726 2976 3009 3031 Ccdrenus
3039 2976 3091 3027 in
3128 2971 3466 3040 Compendio
3519 2967 3757 3023 historia
3813 2969 3911 3030 ait,
3957 2980 4064 3020 an.

2470 3090 2496 3127 ι
2510 3088 2571 3126 xv
2596 3070 2886 3124 Theodosii
2913 3068 3146 3137 iunioris
3166 3081 3289 3120 eum
3307 3065 3611 3119 coluumam
3635 3060 3965 3122 ascendisse,
4010 3068 4072 3115 et

2471 3182 2559 3218 an.
2626 3182 2666 3216 |\
2732 3164 2929 3217 Leonis
2991 3162 3095 3215 vita
3150 3163 3420 3213 functum.
3462 3158 3533 3209 lix
3594 3170 3702 3224 quo
3758 3153 4072 3207 intervallo

796 3262 967 3332 inquit
990 3258 1273 3319 Baronius,
1301 3250 1420 3325 ejus
1447 3253 1743 3324 pritnordia
1761 3252 1936 3321 colligi
1968 3262 2210 3321 possunt,
2237 3250 2364 3302 dum

2473 3260 2618 3326 iuxta
2678 3265 2993 3325 computum
3055 3253 3345 3306 Annalium
3406 3248 3619 3302 Baronii
3688 3246 4071 3301 coniiciunmr

792 3356 867 3409 ait
895 3353 1201 3409 columnam
1250 3349 1358 3419 jam
1408 3345 1699 3400 incoluisse
1765 3345 2104 3413 tempOribus
2162 3342 2360 3396 Melctii

794 3445 1032 3517 episcopi
1065 3442 1412 3502 Antiochcni,
1444 3440 1536 3508 qui
1598 3440 1699 3493 sub
1732 3436 1956 3490 Valente
2012 3438 2141 3506 imp.
2209 3437 2362 3499 vixit,

795 3539 1063 3605 desiitque
1094 3535 1162 3588 ab
1198 3531 1451 3586 humanis
1486 3544 1552 3583 eo
1608 3542 1753 3581 anno
1807 3542 1917 3596 quo
1975 3527 2242 3580 celebrata
2288 3533 2369 3578 est

797 3647 984 3700 magna
1043 3628 1279 3699 synodus
1333 3621 1934 3690 Constantinopolitaua
1966 3659 1979 3681 ,
2052 3618 2262 3687 δίκετε.)
2317 3628 2373 3672 et

800 3722 1066 3777 Euchario
1085 3736 1250 3782 coss.,
1277 3719 1367 3788 qui
1397 3724 1714 3770 numeratur
1727 3728 1903 3767 annus
1931 3728 1960 3765 a
1986 3710 2374 3778 Christojusta

804 3816 1040 3869 veriores
1067 3809 1507 3880 chronographos
1546 3805 1670 3861 38L
1721 3803 2031 3872 Supervixit
2061 3812 2240 3855 autent
2273 3801 2375 3870 Sy-

803 3921 981 3966 meon,
1015 3913 1070 3958 ut
1107 3904 1181 3956 ait
1215 3901 1496 3957 Cedreuus
1518 3939 1533 3963 ,
1567 3912 1738 3965 usque
1772 3894 1839 3949 ad
1865 3909 2067 3948 annum
2100 3895 2130 3947 4
2180 3892 2375 3946 Leonis

805 4000 978 4068 Magni
1009 3998 1163 4066 imp.,
1194 3995 1336 4065 quod
1368 3994 1528 4048 etiam
1561 3990 1828 4059 colligitur
1861 4003 1924 4041 ex
1966 3988 2114 4040 Actis
2147 3985 2378 4038 llattielis

803 4091 1026 4162 Slylita‘.
1062 4088 1153 4141 Est
1188 4101 1364 4140 anuus
1425 4085 1470 4136 is
1499 4103 1521 4132 ιι
1562 4080 1781 4136 Christo
1840 4078 1964 4137 600,
2023 4094 2125 4144 qua
2170 4075 2380 4129 ratione

796 4199 906 4249 iam
935 4180 1252 4237 ecntcnario
1278 4178 1453 4247 major
1479 4170 2190 4240 obdormissedignoscitur.
2222 4166 2382 4235 Apud

802 4275 1174 4343 Nicephorum
1240 4272 1294 4323 in
1356 4267 1598 4337 margine
1658 4265 1768 4319 edit
1827 4263 1993 4317 Paris.
2061 4277 2189 4314 ann.
2248 4260 2385 4314 157‘

808 4368 1036 4422 habetur
1072 4364 1263 4418 vixisse
1322 4360 1645 4431 Symconem
1716 4356 1812 4410 105
1843 4368 2015 4408 annos
2071 4372 2081 4405 :
2122 4354 2214 4407 sed
2249 4352 2381 4405 nihil

809 4462 911 4513 tali-
940 4461 992 4512 in
1023 4466 1193 4512 textu.

879 4551 927 4602 7.
979 4571 994 4600 ι
1034 4549 1293 4618 Evagrius
1320 4558 1586 4600 summam
1627 4541 1756 4594 Vitae
1787 4541 1905 4608 ejus
1930 4553 2120 4594 severe
2152 4544 2285 4590 acta:
2314 4538 2385 4589 ita

2469 3357 2677 3404 tantum
2707 3348 2834 3400 anni
2869 3344 2959 3399 28.
3000 3364 3016 3395 ι

2541 3441 2626 3492 ll.
2701 3438 2975 3492 llactenus
3027 3434 3380 3503 Rosvveylus.
3432 3431 3658 3499 Singula
3689 3427 4069 3496 expendenda

2470 3541 2620 3587 sunt.
2657 3530 2732 3585 De
2765 3528 3004 3592 Meletio,
3053 3527 3304 3597 quicum
3357 3534 3544 3577 Sancto
3603 3521 3875 3593 Symeone
3928 3519 4071 3584 egit.

2471 3625 2685 3693 accepit
2721 3621 2984 3677 Baronius
3023 3634 3087 3674 ex
3123 3618 3471 3673 Thcodoreto
3502 3632 3620 3683 cap.
3654 3614 3723 3666 '26
3783 3611 4075 3666 Philutht-i

2476 3718 2548 3770 ita
2575 3716 2850 3771 scribente
2882 3732 2894 3767 τ
2932 3733 2948 3764 ι
2990 3713 3283 3781 Postquam
3341 3719 3523 3764 autem
3555 3707 3804 3761 Mclctius
3838 3707 3931 3758 ille.
3969 3706 4069 3759 ad,

2476 3807 2765 3870 mirabilis,
2800 3808 2886 3861 cui
2918 3816 3049 3860 tunc
3076 3804 3329 3857 mandata
3376 3811 3496 3856 erat
3535 3815 3667 3853 cura
3711 3800 4080 3867 episcopatus

2479 3900 2719 3971 regionis
2749 3900 3103 3954 Antiochense
3150 3895 3406 3955 civitatis,
3442 3894 3523 3946 vir
3576 3894 3901 3946 eoitlatusct
3939 3906 4075 3959 pru-

2478 3991 2663 4045 dentia
2696 3991 2898 4051 clarus,
2937 3996 2994 4042 et
3038 3986 3236 4056 ingenii
3296 3984 3518 4039 solertia
3559 3993 3809 4042 ornatus,
3873 3999 3889 4030 I
3959 3993 4079 4035 etc.

2481 4083 2558 4137 Ita
2588 4082 2752 4136 vertit
2779 4079 3083 4134 Gentiauus
3116 4078 3402 4132 llcrvetus.
3446 4076 3544 4126 Ast
3579 4074 3858 4127 Albericus
3924 4074 4077 4128 Len-

2483 4189 2582 4244 gtts
2607 4171 2922 4225 Salentinus
2948 4186 2959 4220 :
2999 4187 3016 4217 ι
3050 4166 3185 4221 Cum
3214 4181 3341 4219 veru
3370 4162 3638 4226 Eleletius,
3670 4164 3759 4230 qui
3790 4172 3917 4214 tunc
3955 4162 4079 4212 An-

2486 4263 2753 4317 tiochena:
2786 4258 2992 4330 regioni
3015 4256 3306 4327 praefectus
3336 4265 3471 4308 erat.
3506 4272 3523 4304 ι
3558 4252 3767 4318 Quibus
3793 4266 3856 4304 ex
3884 4252 4086 4304 \el'blS

2488 4352 2831 4421 nonliquido
2894 4358 3113 4404 constat
3164 4347 3439 4401 hleletium
3509 4347 3658 4399 illum
3705 4346 4085 4400 Antiochente

2490 4446 2634 4500 sedis
2663 4443 3023 4511 patriarcliam
3062 4441 3253 4502 fuisse,
3289 4440 3414 4493 licet
3445 4440 3496 4493 id
3539 4440 3684 4493 clare
3720 4447 3931 4491 asserat
3966 4439 4089 4491 Me-

2492 4538 2819 4607 tapltrastes.
2879 4535 2936 4589 Si
2966 4536 3077 4602 iam
3127 4533 3251 4587 inde
3282 4547 3310 4584 a
3341 4530 3515 4602 Magni
3547 4529 3743 4583 Meletii
3778 4531 3962 4597 (cuii-5
3995 4534 4083 4581 vi-

808 4642 1004 4713 colligit
1033 4641 1121 4695 lib.
1163 4656 1202 4701 ι,
1237 4653 1355 4707 cap.
1395 4637 1453 4691 l3
1511 4655 1522 4689 :
1561 4634 1807 4703 Διὲτριψε
1862 4632 2039 4684 τοίνυν
2104 4632 2160 4681 ἐν
2217 4628 2364 4698 σαριί

2493 4640 2601 4683 tam
2646 4628 2709 4679 1'3
2749 4625 3023 4680 Februarii
3070 4624 3345 4690 dabimus)
3383 4633 3657 4691 tempore,
3710 4622 3765 4674 iu
3812 4622 4083 4676 columna

806 4735 951 4787 τόνδε
1009 4733 1100 4786 τὸν
1160 4730 1294 4801 βίον,
1326 4728 1623 4781 διαθ>.ἐυων
1662 4726 1756 4791 ἐτη
1794 4725 1851 4789 ἓξ
1907 4723 2000 4775 καὶ
2031 4722 2381 4789 πεντήκοντα.

803 4826 896 4878 Ἐν
927 4824 1026 4893 μὲν
1059 4822 1135 4892 τῷ
1164 4820 1365 4893 πρώτῳ
1390 4816 1813 4888 φροντισττρξῳ,
1840 4814 1964 4866 ἔνθα
1998 4813 2064 4865 τὰ
2101 4813 2217 4865 θεῖα
2251 4828 2385 4865 κατ-

806 4917 1005 4986 η-ιήοη,
1067 4916 1159 4984 ἔτη
1211 4915 1384 4964 ἐννέα·
1430 4914 1485 4963 ὲν
1524 4910 1579 4962 δὲ
1615 4910 1752 4978 αὐτῇ
1789 4906 2099 4977 καλουμένῃ
2140 4904 2385 4973 Μάνδρᾳ.

815 5009 950 5059 επτὰ
994 5009 1083 5060 καὶ
1133 5005 1562 5074 τεσσαράκονταο
1598 5002 1651 5052 ἓν
1688 5016 1793 5051 τινι
1827 4998 1922 5066 μὲν
1958 4994 2219 5063 στενωπῷ
2245 4995 2387 5045 ἔτεσι

808 5115 939 5154 eam.
974 5100 1061 5151 τὸν
1093 5098 1277 5162 ἀγῶνα
1305 5094 1561 5156 διανύσας
1589 5108 1601 5120 ·
1642 5095 1698 5145 ἐν
1732 5091 1785 5143 δὲ
1842 5090 1982 5142 κίοσι
2030 5086 2387 5156 βραχυτέροις

812 5191 972 5251 ἑκτὰ,
1008 5190 1102 5240 xxi
1126 5189 1217 5239 ἐπὶ
1252 5188 1849 5255 τεσσαρακονταπήχει,
1917 5180 2009 5247 ἔτη
2056 5176 2344 5245 τρτάκτιντα
2374 5192 2384 5225 ;

818 5306 830 5322 ο
899 5282 1001 5336 lste
1058 5280 1354 5351 Symeones
1412 5278 1511 5330 hoc
1578 5288 1827 5328 severum
1880 5269 2091 5321 vivendi
2124 5281 2296 5337 genus
2332 5266 2383 5318 in

818 5397 832 5422 4
882 5387 1043 5425 carne
1074 5369 1388 5425 traducens.
1428 5367 1588 5418 vitam
1638 5364 1701 5417 ad
1751 5363 1819 5416 '36
1850 5355 2382 5427 auuosprupagavit.

818 5484 834 5513 ι
886 5472 1017 5517 nam
1048 5463 1100 5515 in
1152 5462 1508 5518 monasterio,
1540 5460 1592 5510 in
1641 5473 1748 5523 quo
1797 5454 2027 5519 priurum
2067 5450 2281 5503 divinas
2305 5450 2385 5499 vi-

823 5577 837 5605 ι
889 5554 1049 5609 vendi
1099 5553 1493 5623 prmceptiones
1554 5550 1962 5609 didieit,auuos
2022 5544 2147 5594 vixit
2203 5558 2275 5592 ix.
2331 5539 2386 5591 In

820 5669 836 5699 ι
888 5649 1104 5702 Mandra
1127 5656 1331 5709 autem,
1362 5647 1438 5700 sic
1462 5644 1609 5699 enim
1638 5654 1881 5700 vocatur,
1909 5655 2071 5699 λινιι,
2103 5646 2263 5702 atque
2288 5635 2385 5686 liu-

821 5759 835 5787 ι
888 5756 1004 5791 rum
1027 5754 1295 5791 annorum
1342 5754 1370 5789 χ
1420 5738 1471 5788 ιιι
1518 5736 1637 5788 loco
1676 5731 1965 5785 admozium
1998 5736 2223 5794 angusto
2254 5743 2387 5776 cutt-

825 5852 841 5883 ι
889 5831 1018 5885 lecit
1048 5849 1059 5881 :
1093 5834 1145 5884 iu
1183 5830 1453 5884 columnis
1510 5826 1868 5882 brevioribus,
1928 5838 2020 5877 ιιι.
2049 5820 2285 5884 demque
2336 5820 2387 5868 in

825 5949 838 5971 ε
888 5926 1136 5975 cimus-.3
1185 5924 1535 5992 quadraginta
1591 5920 1917 5974 elabitur-.1”,
1963 5928 2083 5964 xxx.
2129 5929 2142 5957 ι
2190 5908 2295 5960 litati
2338 5928 2383 5961 t2:

2498 4721 2737 4775 stetisset
2789 4720 3045 4787 Symeon,
3093 4718 3367 4784 quomodo
3424 4731 3531 4768 non
3577 4717 3697 4782 ejus
3744 4714 3961 4783 uspzam
3996 4727 4085 4770 ιρι

2497 4826 2721 4867 sanctus
2747 4811 2987 4864 Joannes
3043 4809 3483 4878 Clirvsostomus,
3540 4807 3621 4861 vel
3656 4807 3800 4861 illius
3829 4808 4088 4875 aequales

2499 4904 2739 4959 historici
2769 4903 3186 4956 meminissent?
3231 4902 3478 4956 Arbitror
3528 4903 3691 4971 igitur
3723 4902 3869 4953 hunc
3907 4899 4060 4953 Melc-

2498 5001 2630 5053 tiutn
2666 5014 2695 5051 a
2724 4996 3068 5051 TllCOdOl‘t'lO
3109 4997 3410 5056 laudatum,
3464 4995 3691 5048 alterius
3723 4994 3893 5047 fuisse
3928 4996 4090 5048 sedis

2496 5089 2836 5156 episcopum,
2903 5086 2958 5139 in
3017 5087 3238 5156 regione
3296 5085 3656 5139 Antiochena.
3706 5082 3839 5137 Nam
3874 5096 4091 5153 prater

2496 5179 2771 5234 Meletium
2832 5179 2984 5232 illum
3042 5177 3373 5233 Theodoreti
3402 5178 3662 5247 collegam
3704 5177 3761 5230 in
3813 5179 4091 5230 concilia-

2495 5271 2623 5326 l'ulo
2641 5280 2832 5325 contra
2864 5280 3110 5324 sanctum
3132 5268 3415 5339 Cyrillum,
3438 5266 3795 5337 quifortassis
3818 5282 3849 5320 a
3875 5268 4092 5321 minari

2496 5365 2670 5431 aliqua
2707 5362 2833 5416 sede
2856 5361 2956 5414 sub
3012 5361 3353 5415 Autioeheno
3386 5359 3696 5429 patriarcha
3730 5357 3801 5411 ad
3852 5357 4094 5411 Neocw-

2496 5470 2807 5509 snecnsem
2873 5454 2978 5506 fuit
3034 5453 3353 5516 translatus,
3400 5450 3539 5503 alius
3569 5464 3711 5517 saepe
3743 5461 4094 5504 memoratur

2497 5548 2550 5598 in
2584 5546 2790 5615 synodo
2814 5542 3246 5597 Clialcedoncnsi
3297 5539 3545 5593 Meletius
3586 5538 3810 5593 Larissx
3861 5540 4091 5607 episco—

2498 5654 2620 5706 pus,
2651 5638 2741 5706 qui
2779 5638 2831 5689 in
2887 5654 2949 5687 ea
2998 5635 3204 5704 synodo
3244 5634 3391 5687 vices
3424 5633 3560 5686 obiit
3598 5633 3967 5701 metrOpulit-a:
4004 5651 4093 5700 su,

2501 5729 2691 5782 Domni
2744 5730 2997 5796 Apameae
3042 5726 3213 5796 Syria:
3250 5742 3284 5779 ιι
3315 5724 3584 5793 episcopi.
3623 5723 3717 5777 Est
3754 5733 3943 5777 autem
3979 5726 4094 5779 La-

2501 5822 2636 5872 ris-a
2688 5819 2816 5870 urbs
2850 5818 3188 5878 Cassiut’zdis,
3223 5832 3325 5885 qua
3374 5817 3428 5868 in
3477 5815 3752 5882 prmitzcia
3798 5824 3853 5868 et
3888 5819 4095 5869 Anti.»

2495 5912 2611 5965 cis-3..-
2640 5926 2849 5979 qmrpzc
2872 5920 2951 5965 est
3003 5914 3324 5979 Quanquam
3346 5909 3388 5963 si
3417 5908 3503 5962 hic
3533 5906 3773 5962 Meletius
3803 5914 3909 5961 ilill
3970 5926 4095 5962 non
