4162 6474
162 423 236 482 ἓῖὶ
948 429 1121 487 VITA
1173 429 1231 487 S.
1269 425 1643 488 SYMEONIS
1679 426 2029 485 STYLITJE.
2073 451 2127 461 -
2157 424 2542 486 PROGZMIA.

3282 426 3389 492 334

160 537 333 590 videtur
362 546 480 590 tum
545 538 773 593 Larissa-
801 541 975 597 adhuc
1010 544 1302 614 episcopus
1360 542 1549 604 fuisse,
1582 556 1705 595 cum
1736 548 1781 602 Α
1816 541 1865 593 in
1904 550 2137 609 quatuor
2165 534 2362 611 pedum
2395 542 2644 595 columna
2676 541 2730 605 4,
2766 540 2820 593 in
2850 540 3136 596 duodecim
3171 542 3388 597 cubito-

160 628 332 681 concilii
370 628 633 696 Ephesini
681 643 942 699 tempore,
970 649 1119 688 anno
1145 634 1242 689 651
1282 634 1572 702 ερίεεοριιε
1600 632 1704 684 La-

164 719 282 773 rissae
334 732 485 773 esset
539 720 810 787 Julianus,
861 725 952 793 qui
1006 725 1182 779 eidem
1233 725 1705 779 schismaticorum

160 810 487 864 conciliabula
536 813 883 883 subscripsit.
916 814 1039 868 Fuit
1074 815 1319 870 fortassis
1350 813 1705 883 chorepisco-

165 916 241 969 pus
265 903 585 970 patriarchae
632 905 957 959 Antiochum
990 926 999 958 :
1047 923 1172 960 nam
1201 918 1255 961 et
1285 907 1548 976 quosdam
1580 905 1710 975 legi-

162 1010 252 1047 mus
269 996 493 1048 concilio
524 995 959 1051 Chalcedonensi
1010 1015 1107 1067 per
1129 998 1554 1068 chorepiscopos
1580 998 1710 1051 sub-

163 1087 431 1152 scripsisse.
484 1086 640 1151 Quod
711 1104 911 1142 munus
960 1099 1105 1144 esset
1160 1090 1707 1159 cborepiscoporum.

162 1178 342 1244 inponit
374 1179 668 1232 concilium
718 1181 1142 1244 Antiochenum,
1174 1184 1319 1236 anno
1347 1180 1548 1236 Christi
1580 1180 1706 1246 541,

162 1266 439 1320 Marcellino
486 1278 542 1322 et
596 1271 832 1324 Probino
879 1270 1035 1325 Coss.
1098 1274 1166 1326 ab
1230 1273 1448 1326 Arianis
1492 1270 1707 1340 episco-

162 1360 221 1426 pis
248 1361 595 1422 celebratum,
628 1379 750 1415 can.
776 1364 807 1417 8
831 1374 885 1417 et
926 1367 1007 1428 l0,
1039 1366 1131 1419 ubi
1165 1380 1259 1420 cos
1300 1373 1455 1419 vocat
1503 1365 1628 1424 τοὺς
1651 1365 1708 1414 ὲν

162 1457 252 1513 ui;
270 1453 477 1521 κώμαις
505 1456 537 1524 ἢ
563 1458 681 1517 ταῖς
712 1456 938 1525 χώραις,
962 1460 995 1527 ἧ
1022 1460 1148 1519 τοὺς
1175 1458 1539 1526 καλουμένους
1562 1474 1706 1525 χωρ-

161 1547 479 1609 mutinae;
548 1567 565 1597 ι
633 1551 725 1617 qui
780 1550 831 1601 in
888 1551 1021 1603 vicis
1083 1552 1165 1603 vel
1221 1552 1373 1620 pagis
1421 1548 1705 1603 εοιιειέιιιιί

161 1648 254 1689 sunt
281 1639 677 1707 chorepiscopi,
739 1659 756 1691 ι
794 1650 852 1694 ιιι
889 1642 1050 1694 habet
1099 1643 1276 1696 versio
1306 1641 1541 1710 Dionysii
1582 1638 1704 1691 Exi-

160 1730 245 1797 gui.

215 1820 281 1872 l2.
316 1820 365 1873 Si
390 1820 821 1890 chorepismpus
841 1824 1105 1890 ejusmodi
1131 1822 1230 1875 fuit
1257 1822 1707 1876 illchieodoreto

1816 648 1935 685 rum
1968 633 2219 686 columna
2256 635 2344 694 12,
2373 633 2426 686 in
2458 634 2709 687 columna
2746 634 3054 689 cubitorum
3086 635 3179 699 20,
3215 651 3391 690 annos

1814 722 1899 784 1'2,
1935 722 1987 774 in
2015 724 2265 776 columna
2301 724 2609 777 cubitorum
2651 725 2739 789 5U,
2778 741 2953 779 annos
2993 728 3046 789 4,
3080 729 3297 781 tandem
3334 729 3387 781 in

1812 812 2060 864 columna
2083 811 2151 865 40
2183 814 2490 867 cubitorum
2526 830 2700 868 annos
2732 814 2813 879 l6,
2852 817 3040 884 sicque
3079 817 3391 871 eiliciuntur

1815 904 1937 956 vine
1961 904 2028 956 68
2057 904 2139 957 vel
2166 904 2254 969 69,
2296 907 2611 960 monasticae
2655 908 3060 961 exercitationis
3088 909 3155 962 55
3197 910 3278 961 vel
3298 908 3389 968 56.

1810 994 1901 1061 qui
1952 996 2017 1047 ad
2066 1011 2357 1049 numerum
2395 995 2606 1066 Evagrii
2648 998 2871 1066 propius
2904 999 3390 1066 acceduntzatquc

1812 1087 1857 1140 is
1887 1103 2147 1141 nun'ierus
2172 1089 2493 1157 exprimitur
2532 1090 2584 1142 in
2627 1089 2815 1143 Latina
2844 1091 2949 1144 vita
2974 1107 3093 1160 cap.
3128 1092 3179 1150 8,
3210 1108 3263 1143 n.
3298 1092 3387 1144 55.

1812 1178 2104 1232 Pauciores
2150 1192 2307 1249 longe
2351 1196 2525 1234 annos
2570 1192 2825 1259 numerat
2871 1182 3141 1239 Antonius
3184 1182 3236 1234 in
3280 1183 3389 1235 vita

1813 1270 2007 1337 prima,
2041 1285 2200 1339 quam
2228 1289 2256 1325 e
2288 1272 2490 1328 Graecis
2536 1290 2665 1327 mss.
2706 1273 2959 1328 dabimus
2990 1291 3003 1337 ;
3036 1276 3130 1329 sed
3171 1275 3388 1341 aliqued

1814 1364 2069 1416 mendum
2114 1364 2400 1432 irrepsisse
2440 1366 2493 1418 in
2527 1377 2808 1435 comperto
2840 1376 2944 1421 est.

2024 1496 2049 1565 §
2082 1494 2170 1548 iV.
2215 1494 2332 1548 Vita
2364 1494 2420 1550 S.
2471 1495 2740 1565 Symeonis
2770 1515 2801 1550 a
2833 1515 2933 1567 quo
2961 1500 3177 1565 scripta.

1888 1629 1971 1681 l6.
2017 1628 2192 1682 Vitam
2229 1628 2285 1683 S.
2341 1629 2627 1699 Synieonis
2674 1631 2892 1700 scripsit
2940 1632 3218 1686 Antonius
3270 1633 3391 1701 ejus

1813 1723 2137 1791 discipulus,
2183 1738 2347 1791 quem
2394 1722 2661 1794 Evagrius
2694 1726 2996 1795 signiﬁcat,
3043 1742 3165 1781 cum
3212 1727 3304 1781 lib.
3350 1744 3387 1789 ι,

1812 1828 1930 1883 cap.
1959 1816 2044 1880 l3,
2078 1817 2151 1869 ita
2174 1816 2365 1871 scribit
2390 1834 2401 1869 :
2433 1814 2636 1869 Τούτου
2663 1817 2759 1879 τὰς
2786 1817 3111 1887 θεοσημείας
3142 1820 3390 1891 γέγραφε

161 1913 367 1965 bullatus
399 1914 649 1966 Mcletius
679 1922 759 1979 (ut
798 1917 1019 1967 omnino
1052 1915 1216 1968 fuisse
1262 1914 1546 1983 coniicio),
1587 1913 1697 1982 jam

1810 1909 1908 1976 μὲν
1938 1908 2031 1961 καί
2073 1926 2154 1973 τις
2195 1908 2301 1961 τῶν
2334 1909 2621 1962 αὐτοπτῶν
2666 1911 2996 1979 γενομένων,
3042 1912 3288 1982 γέγραφε
3333 1915 3389 1967 δὲ

158 2003 429 2057 ιῑινΙίλιιειεεὶι
456 2006 651 2057 calculi
684 2005 971 2057 Baroniani
1006 2006 1441 2059 fundamentum.
1474 2005 1698 2058 Accedit

158 2097 269 2159 qnud
310 2099 549 2149 bomnns
596 2097 991 2158 Antiocltenus,
1044 2108 1101 2150 ut
1149 2096 1314 2150 refert
1360 2096 1698 2161 Nicephorus

158 2188 230 2238 lib.
256 2204 352 2249 xv,
382 2204 431 2241 c.
468 2188 555 2247 5|,
587 2199 639 2241 et
671 2189 927 2259 Evagrius
963 2190 1054 2243 lib.
1087 2207 1124 2249 ι,
1158 2206 1207 2245 c.
1247 2190 1333 2254 l5,
1368 2190 1433 2243 ad
1476 2189 1699 2259 Symeo-

160 2294 254 2327 ιιτνειι
287 2280 447 2339 ιειιιι,
487 2294 662 2348 eoque
698 2280 817 2332 viso
844 2290 1231 2333 consternatus
1260 2291 1343 2333 est
1373 2296 1481 2349 pra:
1521 2279 1697 2332 admi-

158 2372 366 2423 ratione:
403 2371 552 2423 unde
592 2370 903 2438 conjicitur,
945 2387 1052 2423 non
1104 2371 1273 2424 multo
1314 2381 1439 2424 ante
1484 2372 1697 2439 cepisse

156 2462 439 2530 Synieoncnt
476 2465 530 2514 in
569 2463 787 2531 praealta
825 2464 909 2515 illa
951 2463 1201 2516 columna
1232 2462 1450 2515 morari.
1484 2462 1553 2513 At
1590 2458 1698 2513 Do-

157 2570 303 2615 unus,
337 2566 393 2608 ut
421 2556 591 2608 habet
620 2554 907 2617 Baronius,
935 2570 1003 2606 an
1040 2554 1163 2613 459..
1195 2553 1262 2606 ab
1287 2568 1494 2615 eremo,
1526 2552 1698 2604 invito

159 2645 199 2699 S.
223 2647 494 2717 Eutlivmio
526 2647 775 2707 recessit,
814 2656 871 2700 ut
894 2646 1221 2699 avunculum
1251 2659 1409 2698 suum
1433 2644 1697 2697 Joannem

154 2740 524 2792 Antiocltetmm
571 2741 934 2808 patriarcham
977 2738 1223 2807 Nestorio
1254 2738 1527 2791 faventem
1563 2750 1698 2789 con-

155 2838 353 2883 verteret
378 2850 388 2883 :
416 2846 571 2882 anno
600 2830 793 2883 deinde
817 2829 922 2883 456
973 2830 1021 2883 ei
1050 2830 1103 2881 in
1135 2834 1451 2897 episcopatu
1483 2842 1700 2901 succes-

154 2922 224 2973 sit.
263 2924 384 2985 Qua:
436 2939 573 2976 vero
609 2923 655 2975 ci
706 2920 897 2975 fuisset
943 2921 1075 2974 tanti
1126 2920 1364 2989 stuporis
1407 2934 1603 2981 causa,
1654 2919 1697 2973 si

148 3014 237 3078 jam
276 3017 430 3068 annis
476 3014 878 3083 quinquaginta
919 3014 1211 3067 stationem
1251 3012 1397 3064 illam
1433 3000 1701 3065 tenu.sset

150 3105 394 3173 Symeon?
428 3109 613 3171 Quid?
660 3108 802 3176 quod
835 3107 902 3161 ab
935 3121 999 3159 eo
1032 3116 1297 3174 tempore,
1331 3119 1440 3173 quo
1471 3104 1698 3175 rigidam

150 3198 269 3251 illam
315 3199 675 3253 abstinentim
719 3200 1007 3259 rationem,
1059 3198 1158 3251 sub
1205 3196 1369 3274 Blasti
1419 3205 1513 3248 aut
1551 3194 1697 3249 Bassi

151 3287 424 3358 disciplina,
442 3291 573 3343 iniit
600 3290 856 3358 Symeon,
878 3302 1048 3355 usque
1070 3287 1196 3340 dum
1214 3286 1559 3339 Philotheum
1577 3285 1704 3338 scri-

158 3386 239 3449 psit
270 3384 673 3445 Theodoretus,
710 3382 838 3435 anni
875 3380 1147 3434 ﬂuxerunt
1191 3379 1364 3432 solum
1410 3377 1513 3432 28?
1546 3376 1704 3445 Atqui

148 3475 278 3528 annis
307 3476 603 3528 minimum
634 3474 808 3527 tribus
838 3481 963 3527 ante
994 3472 1143 3525 illum
1182 3486 1304 3525 cum
1334 3470 1547 3524 Meletio
1578 3485 1708 3524 con-

148 3580 380 3631 gressum,
404 3581 533 3619 eam
560 3574 934 3633 assumpserat
961 3564 1219 3617 inediam.
1244 3552 1385 3632 Ergo
1406 3563 1447 3616 si
1484 3562 1707 3633 Magnus

149 3655 361 3711 lli-lctius
382 3658 425 3711 is
456 3658 586 3718 fuit,
610 3658 723 3725 jam
752 3656 819 3710 ab
846 3655 1107 3708 animai?
1135 3665 1225 3707 aut
1260 3654 1363 3707 378
1385 3652 1707 3706 numerandi

147 3745 200 3795 illi
239 3757 392 3800 erunt
440 3746 619 3807 anni;
670 3747 857 3814 sicque
899 3760 1042 3797 anno
1074 3744 1277 3797 Christi
1328 3742 1433 3797 4Οὸ
1477 3743 1559 3796 vel
1605 3742 1708 3794 406

144 3839 395 3906 scripsisse
431 3838 846 3892 Theodoretum
874 3838 1139 3890 fateamur
1167 3852 1388 3921 necesse
1415 3846 1531 3902 est;
1564 3837 1708 3905 quod

146 3930 343 3995 ipsemet
374 3932 612 3992 refellit,
644 3931 771 3983 dum
814 3931 867 3982 in
898 3930 1127 3999 epistola
1161 3930 1224 3981 ad
1258 3928 1553 3982 Eusebium
1592 3930 1703 3983 An-

144 4037 255 4089 cyrie
284 4022 622 4091 episc0punt
653 4023 792 4075 inter
822 4022 923 4075 alia
950 4039 978 4074 a
1012 4036 1070 4075 se
1092 4029 1214 4090 post
1235 4021 1497 4089 synodum
1524 4022 1708 4090 Ephe-

143 4113 283 4165 sitam
320 4115 529 4183 scripta
588 4123 843 4165 recenset
878 4104 1079 4163 librum
1111 4111 1180 4165 dc
1218 4111 1344 4166 vitis
1371 4123 1705 4166 sanctorum.

202 4207 274 4257 15.
315 4206 451 4259 Cum
486 4219 630 4275 ergo
658 4204 771 4256 inec
804 4204 875 4256 ita
897 4203 1023 4266 sint,
1048 4213 1096 4256 et
1121 4218 1407 4257 numerum
1440 4220 1706 4257 annorum

144 4298 197 4347 ab
224 4297 446 4366 Evagrio
484 4296 756 4349 traditum
783 4304 1079 4363 sequantur
1112 4294 1707 4365 .‘lenzca,Mcnologium

140 4383 318 4446 Sirit-ti,
355 4398 407 4440 et
442 4385 830 4454 Antholugion
861 4400 890 4437 a
932 4384 1211 4440 Clemente
1242 4384 1350 4438 Vlil
1400 4387 1705 4455 probatum,

142 4490 226 4527 ιιι-τη
270 4479 422 4533 video
478 4494 588 4531 cur
636 4479 686 4530 ei
740 4476 1072 4544 refragemur
1104 4494 1115 4529 :
1153 4478 1453 4546 prtesertim
1489 4494 1611 4531 cum
1654 4486 1708 4532 et

141 4565 505 4637 Metaplirastcs
554 4568 817 4623 assentiri
862 4568 1127 4631 videatur,
1160 4570 1287 4622 dum
1326 4570 1401 4623 ait
1433 4580 1572 4624 totos
1607 4586 1697 4625 sex
1734 4585 1781 4640 υ

140 4669 177 4709 ιιι
202 4663 599 4732 ιιιειιι-ειιίιςτιιιε
640 4675 813 4713 annos
845 4660 1060 4722 vixisse,
1093 4661 1142 4713 in
1181 4662 1301 4715 vitae
1338 4661 1591 4716 nimirum
1627 4681 1707 4717 re-

142 4752 308 4819 :‘Eivsm
337 4757 770 4807 exercitatione.

198 4845 270 4897 li.
315 4846 492 4909 Quem
529 4860 670 4896 vero
699 4842 1032 4905 llosweyilus
1060 4842 1113 4894 in
1144 4858 1400 4896 numeros
1428 4844 1567 4912 apud
1608 4844 1703 4897 Ni-

141 4936 405 5002 cephorum
448 4934 762 5004 irrepsisse
786 4949 1025 4987 errorem
1058 4942 1229 4995 notat,
1256 4935 1299 4986 is
1329 4950 1429 4988 nec
1460 4936 1511 4988 in
1541 4936 1705 4989 Fron-

142 5030 255 5081 tonis
309 5028 492 5082 Duc-aii
547 5035 821 5079 accurata
866 5025 1106 5078 editione
1158 5035 1437 5079 correctus
1487 5036 1589 5080 est.
1649 5026 1705 5079 In

141 5116 295 5172 (Lateo
314 5130 501 5172 tamen
531 5131 810 5186 expresse
839 5116 1036 5169 dicitur
1066 5115 1157 5182 ἐτη
1181 5117 1496 5184 τριάκοντα,
1532 5133 1705 5172 annos

140 5207 192 5263 δι)
224 5212 271 5263 in
298 5212 681 5281 quadraginta
717 5188 1025 5261 cubitorum
1058 5207 1333 5266 columna.
1353 5208 1700 5279 transegisse.

194 5303 267 5356 l5.
306 5306 480 5369 Quem
517 5300 739 5357 deinde
756 5315 823 5353 ex
849 5300 956 5351 vita
982 5298 1167 5351 Latina
1198 5315 1226 5351 a
1254 5313 1311 5352 se
1335 5299 1478 5353 edita
1505 5301 1705 5371 colligit

140 5408 367 5449 annorum
400 5406 723 5448 numerum
758 5388 1105 5459 Rosweydus,
1130 5390 1195 5453 is,
1231 5389 1447 5443 utinfra
1482 5393 1703 5459 patebit,

142 5499 224 5537 non
252 5488 473 5540 omnino
495 5495 586 5539 est
616 5492 830 5541 certus,
854 5496 975 5533 cum
1002 5494 1132 5532 mss.
1163 5470 1399 5543 codices,
1428 5482 1708 5550 negligen-

148 5577 202 5628 tia
228 5578 571 5631 librariorum
615 5572 820 5635 vitiati,
854 5572 994 5625 haud
1034 5586 1220 5639 parum
1248 5571 1574 5640 discrepent.
1611 5573 1711 5627 Hic

142 5667 259 5733 iuxta
274 5688 385 5732 eam
407 5672 583 5725 vitam
610 5666 782 5721 nobis
802 5666 1029 5718 maxime
1049 5666 1369 5733 probaretur
1395 5664 1519 5732 (nisi
1542 5666 1711 5719 Theo—

146 5772 328 5818 eoretus
355 5764 635 5827 obstaret)
679 5760 957 5811 calculus:
986 5760 1037 5810 in
1063 5759 1224 5812 domo
1264 5766 1550 5827 parentum
1582 5759 1711 5814 vixit

145 5866 286 5913 iam;
316 5858 394 5921 εδ,
429 5858 485 5911 in
525 5856 726 5925 primo
761 5851 1095 5904 monasterio
1128 5851 1179 5913 4,
1215 5851 1270 5903 in
1303 5851 1439 5905 cella
1464 5853 1517 5916 5,
1545 5853 1630 5911 vc!
1650 5853 1705 5917 ό.

1800 1998 1891 2048 καὶ
1926 1997 2128 2064 λογίως
2159 1995 2392 2050 ἀπέθετο
2413 2000 2506 2051 καὶ
2534 1998 2878 2070 Θεοδώρητος
2904 2004 2931 2054 ὁ
2957 2002 3066 2054 τῶν
3096 2004 3390 2074 Κυρεστὼν

1796 2090 2196 2161 ἐπισκοπήσας.
2236 2110 2253 2139 ι
2286 2089 2458 2161 Hujus
2490 2107 2577 2146 res
2608 2104 2788 2162 gestas
2817 2133 2832 2155 ,
2882 2110 3003 2162 quae
3035 2097 3264 2150 omnino
3307 2099 3388 2152 di-

1804 2182 1942 2233 vinze
1971 2181 2189 2236 virtutis
2227 2182 2381 2252 signa
2413 2193 2589 2247 erant,
2625 2184 2849 2254 scripsit
2875 2187 3071 2255 aliquis
3103 2203 3166 2240 ex
3194 2188 3260 2242 iis
3295 2193 3387 2259 qui

1798 2270 1973 2324 oculis
2006 2280 2422 2340 conspexerant.
2457 2270 2690 2341 Scripsit
2713 2275 2900 2340 etiam,
2936 2276 3248 2346 discrthue
3278 2294 3386 2333 cx-

1800 2362 1984 2429 posuit
2016 2363 2396 2419 Theodoretus
2422 2365 2678 2433 Cyl-ensis
2705 2366 3016 2436 episcopus.
3051 2386 3069 2419 ι
3102 2368 3385 2440 Duplicem

1802 2454 1966 2505 vitam
2001 2454 2088 2506 hic
2135 2455 2356 2520 damus,
2409 2460 2565 2524 cujus
2609 2456 2882 2511 Antonius
2919 2462 3110 2514 auctor
3157 2442 3382 2518 cibatur.

1800 2542 2041 2598 Priorem
2075 2546 2261 2600 Giazcc
2309 2548 2567 2617 scriptam
2617 2564 2645 2602 e
2678 2549 3004 2606 bibliotheca
3031 2550 3383 2609 Serenissimi

1802 2635 2040 2690 Bavarire
2085 2637 2242 2691 ducis
2293 2642 2633 2708 accepimus,
2694 2657 2856 2711 quam
2914 2642 3103 2697 Latine
3155 2645 3388 2699 reddidit

1800 2726 2121 2780 Gailicimus
2153 2728 2372 2785 Gratius
2399 2730 2692 2800 Brngensis
2720 2733 3010 2787 Societatis
3040 2744 3242 2789 nostrae
3284 2734 3385 2788 Sa-

1800 2818 2013 2870 cerdos.
2048 2817 2354 2889 Eam,.quia
2382 2822 2599 2877 brevior
2630 2823 2807 2894 longe,
2832 2825 3154 2879 crediderim
3211 2827 3393 2896 potius

1802 2911 1867 2961 ab
1888 2909 2125 2964 Antonio
2149 2927 2268 2966 esse
2290 2915 2573 2982 scriptam.
2605 2914 2681 2968 lta
2707 2931 2940 2985 namque
2961 2917 3385 2987 Metaphrastes:

1801 3001 1989 3067 Μέγαέ
2006 3004 2366 3071 τοίνυνοῦτως
2391 3005 2465 3058 ὢν
2484 3009 2576 3059 καὶ
2596 3008 2760 3070 πολὺς
2779 3009 2874 3080 τὴν
2891 3012 3079 3080 φήμην
3100 3013 3390 3083 γενόμενος

1808 3090 2021 3144 πολλῶν
2046 3091 2205 3161 ἔτυχε
2243 3096 2335 3145 καὶ
2360 3096 2469 3147 τῶν
2495 3097 2753 3165 γραφέων
2775 3113 2787 3125 ⁸
2814 3098 2928 3150 ἀλλ’
2962 3101 3137 3164 οὐδεὶς
3174 3102 3390 3156 οὐδέπω

1819 3181 1960 3231 κατὰ
1994 3183 2157 3251 μέρος
2188 3186 2253 3234 τὰ
2304 3185 2422 3236 κατ’
2456 3186 2621 3238 αὐτοῦ
2653 3187 2964 3255 διεξῆλθεν,
2996 3192 3141 3254 ὅπως
3172 3192 3389 3247 ἅπαντα.

1811 3271 2049 3339 καϐἧκεν
2092 3274 2268 3343 ἐαυτῷ
2291 3290 2303 3302 ”
2338 3276 2460 3328 οὐδὲ
2493 3278 2748 3348 ἁκριὸῶς.
2788 3279 2934 3343 ὅπως
2966 3282 3171 3335 Emam
3216 3280 3387 3353 εἶχεν,

1811 3363 2071 3431 ἔγραψεν.
2106 3385 2122 3414 ι
2167 3364 2389 3436 Magnus
2414 3368 2580 3438 igitur
2608 3369 2742 3424 adeo
2771 3385 2893 3423 cum
2922 3382 3102 3437 esset,
3143 3374 3391 3446 famaque

1820 3457 2149 3519 celebratus,
2194 3460 2392 3513 multos
2436 3462 2653 3529 quidem
2702 3472 2897 3517 nactus
2935 3466 3234 3533 scriptores
3282 3479 3386 3522 est.

1812 3547 2009 3601 Verum
2041 3565 2201 3605 nemo
2241 3569 2464 3621 prorsus
2503 3555 2687 3608 omnia
2721 3558 2993 3623 quomodo
3024 3558 3071 3611 ei
3107 3562 3389 3615 evenerint

1811 3638 2122 3707 singillatim
2167 3643 2450 3710 exposuit;
2479 3658 2654 3711 neque
2683 3655 2958 3709 accurate,
2986 3655 3044 3699 ut
3067 3649 3276 3719 singula
3306 3667 3393 3705 se—

1812 3741 1871 3779 se
1904 3730 2211 3792 habuerint,
2254 3731 2490 3799 scripsit.
2524 3750 2542 3784 ›
2585 3733 2739 3798 Quod
2784 3735 2990 3791 scilicet
3020 3736 3290 3794 facturum
3330 3756 3388 3795 se

1813 3819 2206 3888 Metaphrastes
2245 3822 2547 3891 pollicetur.
2599 3824 2798 3879 Verum
2834 3827 3003 3881 altera
3035 3831 3244 3899 pridem
3287 3836 3389 3887 sub

1811 3910 2034 3963 Antonii
2074 3912 2295 3965 nomine
2328 3914 2545 3983 vulgata
2589 3915 2700 3968 vita
2742 3914 2886 3969 haud
2924 3919 3094 3971 multo
3132 3922 3386 3990 pauciora

1813 4002 1977 4055 habet
2010 4002 2395 4072 Metaphraste.

1887 4095 1972 4149 l7.
2013 4096 2355 4150 Arbitrantur
2398 4099 2557 4169 igitur
2592 4115 2711 4176 earn
2743 4100 2851 4170 jam
2884 4103 3014 4157 olim
3048 4118 3113 4158 ex
3137 4104 3385 4160 breviore

1814 4188 1901 4241 illa
1940 4188 2157 4243 Antonii
2196 4191 2460 4244 relatione
2490 4195 2891 4257 concinnatam,
2924 4196 3123 4250 additis
3150 4213 3268 4265 qua:
3304 4200 3382 4251 vel

1812 4280 1955 4333 fama
1995 4280 2078 4333 vel
2112 4282 2339 4335 aliorum
2376 4284 2597 4351 scriptis
2627 4285 2695 4337 de
2737 4300 2803 4339 eo
2844 4286 3177 4340 ferebantur.
3226 4288 3387 4343 Certe

1812 4388 1975 4441 quem
2012 4371 2388 4429 Theodoretus
2414 4379 2549 4430 adeo
2577 4378 2846 4431 celebrem
2889 4381 3049 4434 tradit
3083 4382 3249 4435 fuisse
3278 4381 3387 4436 Ro-

1812 4479 1914 4518 ma:
1950 4475 2168 4534 totoque
2220 4467 2272 4519 in
2304 4465 2596 4522 Occidente
2622 4511 2634 4533 ,
2679 4471 2797 4539 ejus
2840 4487 2947 4525 non
2982 4473 3143 4526 isthic
3173 4490 3387 4542 quoque

1814 4555 2083 4624 vulgatam
2113 4556 2283 4609 fuisse
2309 4558 2497 4621 vitam,
2532 4559 2791 4614 credibile
2818 4576 2926 4613 non
2950 4571 3052 4616 est.
3079 4564 3209 4616 Eam
3240 4580 3269 4617 c
3300 4582 3387 4619 ve-

1812 4647 2114 4701 tustissimo
2166 4649 2350 4703 codice
2407 4652 2721 4705 monasterii
2767 4651 2822 4706 S.
2871 4654 3149 4707 Laurentii
3197 4656 3385 4712 Leodii

1812 4754 2031 4798 cxarato
2054 4756 2179 4797 ante
2205 4760 2409 4798 annum
2434 4744 2637 4799 Christi
2672 4747 2827 4811 1054,
2856 4749 3218 4820 descripserat
3244 4752 3385 4806 Ros-

1811 4838 2031 4907 weydus
2064 4848 2267 4900 noster,
2299 4852 2460 4905 quam
2495 4852 2595 4891 nos
2627 4854 2749 4892 cum
2784 4840 2905 4893 aliis
2930 4857 3060 4896 Illas.
3094 4827 3387 4912 Imperialis

1814 4930 2129 4983 monasterii
2163 4928 2219 4982 S.
2258 4929 2472 5015 Maximi
2510 4930 2771 5010 Treviris,
2815 4932 2870 4986 S.
2900 4933 3080 4988 Mariae
3118 4936 3184 4988 de
3218 4934 3385 5005 Ripa-

1811 5027 1967 5089 torio,
2003 5022 2246 5080 ecclesia:
2282 5027 2337 5079 S.
2376 5028 2671 5080 Audumari
2713 5030 3066 5083 contulimus.
3109 5030 3165 5083 In
3198 5034 3386 5086 codice

1811 5118 2079 5186 Ripatorii
2099 5128 2215 5171 erat
2237 5119 2433 5186 passim
2458 5129 2753 5173 contracta.
2776 5120 3055 5184 Eamdem,
3082 5124 3175 5177 sed
3200 5122 3381 5191 phrasi

1812 5210 2134 5278 plerumque
2181 5209 2571 5277 aliquantulum
2614 5210 2977 5280 discrepante,
3012 5214 3180 5268 edidit
3210 5215 3307 5270 lib.
3344 5232 3385 5279 ι,

1817 5302 1888 5353 De
1922 5298 2058 5353 Vitis
2090 5300 2189 5353 Pl‘.
2225 5300 2363 5353 idem
2398 5300 2752 5371 Rosweydus.

1886 5391 1971 5445 l8.
2016 5393 2241 5445 Detnum
2305 5391 2361 5445 S.
2414 5392 2698 5461 Sytneonis
2750 5394 2911 5447 vitam
2961 5414 2977 5446 ι
3023 5398 3227 5466 optime
3262 5408 3388 5468 post

1813 5484 2061 5555 Magnum
2098 5484 2513 5548 Thi'odoritum,
2544 5504 2560 5534 ι
2597 5495 2653 5538 ut
2683 5487 2870 5540 scribit
2911 5486 3249 5557 Nicephorus
3288 5490 3382 5544 lib.

1811 5594 1923 5640 xw,
1969 5593 2017 5630 ε.
2060 5577 2149 5642 5|,
2208 5586 2307 5629 «et
2336 5578 2676 5646 cognominis
2710 5577 2943 5647 Symeon
2992 5579 3389 5648 Metaphrastes

1816 5669 2174 5736 conscripsit;
2218 5684 2419 5721 novum
2454 5661 2725 5735 quoddam
2761 5680 2813 5722 et
2844 5670 3223 5725 admirandum
3246 5670 3299 5725 in
3324 5688 3387 5725 ea

1816 5778 1880 5815 ex
1921 5762 2099 5814 omnis
2134 5764 2350 5831 generis
2380 5761 2599 5813 cibariis
2634 5763 2937 5814 convivium
2975 5764 3228 5817 omnibus
3261 5779 3389 5832 pro-

1816 5870 2047 5925 ponens.
2084 5874 2101 5905 ι
2140 5856 2288 5908 Hanc
2333 5854 2601 5909 Baronius
2630 5854 2684 5906 in
2708 5855 2830 5909 Not.
2850 5856 2919 5912 ad
2948 5856 3246 5927 Martyrol.,
3280 5855 3359 5912 Ra
