4128 6488
133 459 218 521 373

1170 455 1353 515 νΙΤΑ
1392 455 1451 513 S.
1489 454 1867 513 SYMEONIS
1909 455 2267 513 S'I‘YLIT/E.

3261 452 3365 515 374

131 573 209 639 τῆς
245 569 436 639 κοινῆς
465 568 721 621 ἁπάντων
750 566 1031 636 ἐφρόντιζε
1078 566 1378 636 σωτηρίας,
1406 566 1543 618 ἀλλὰ
1578 565 1682 635 μὴν

1790 581 2009 620 munem
2028 565 2269 619 omnium
2292 562 2520 617 salutem
2547 563 2792 629 curabat,
2812 572 2870 617 ut
2901 578 3004 617 nec
3030 561 3363 632 singulorum

129 664 227 719 οὐδὲ
257 662 361 732 τῆς
391 662 512 715 καθ’
541 661 773 714 ἕκαστον
794 659 1007 728 ἠμέλει.
1052 659 1211 713 Ἀλλά
1246 659 1524 712 κάνταῦθα
1553 676 1685 728 προ-

130 754 311 823 θεωρδς
340 750 410 822 ἦν
439 754 536 806 καὶ
565 751 923 822 προάγγελος.
963 746 1118 803 Οἶδεν
1158 752 1185 802 6
1228 750 1521 820 ἀρχιερεὺς
1551 750 1684 802 Θεο-

130 847 372 914 δώρητος,
403 839 465 898 οὗ
494 845 759 913 πρότερον
781 844 884 914 ἤδη
908 843 1213 912 φθάσαντες
1234 842 1683 913 ἐπεμνήσθημεν.

142 936 474 1004 Ἐπολεμεῖτο
505 937 604 1004 μὲν
640 936 749 1004 γὰρ
779 936 884 989 ὑπό
915 953 1058 998 τινος
1086 934 1339 1005 ἰσχυρῶς,
1383 937 1475 987 καὶ
1521 934 1687 997 πολὺς

132 1026 187 1101 ἢν
228 1030 407 1082 ἀλύων
464 1032 558 1084 καὶ
610 1030 814 1099 σφόδρα
868 1033 988 1092 ταῖς
1028 1012 1337 1091 ἐπιϐουλαῖς
1370 1028 1686 1099 ὲδυσχεραί-

136 1138 251 1174 νετο.
292 1121 518 1190 Ἐπειδὴ
570 1121 627 1174 δὲ
669 1123 845 1174 πάντα
872 1122 1052 1174 κάλων
1100 1122 1286 1185 κινῶν,
1310 1120 1370 1173 τδ
1402 1122 1683 1192 ᾀδόμενον,

136 1212 256 1263 ιῦδὲν
286 1213 529 1282 χρηστὸν
557 1214 827 1266 ἀπέλαϐεν
852 1213 1060 1265 ἐκείνου
1100 1213 1191 1265 τοῦ
1224 1213 1407 1276 πόνου,
1460 1214 1597 1281 πρὸς
1628 1211 1687 1263 τὸ

136 1301 222 1353 τῶν
245 1302 476 1354 ἐλπίδων
504 1304 797 1370 κεφάλαιον
821 1305 909 1355 τὸν
940 1303 1249 1372 θαυμαστὸν
1272 1303 1495 1371 Συμεὼν
1521 1319 1689 1355 κατα-

139 1393 323 1456 φεύγει,
390 1393 487 1445 καὶ
564 1391 739 1462 τούτῳ
824 1394 890 1445 τὰ
940 1393 1065 1447 καθ’
1136 1392 1326 1445 ἑαυτὸν
1381 1393 1685 1463 ἐπιτρέπει.

146 1485 271 1536 Ὀδὲ
325 1485 715 1554 ψυχαγωγίαις
766 1504 825 1538 τε
875 1486 1061 1547 ἄλλαις
1105 1485 1267 1540 αὐτὸν
1318 1485 1687 1555 ἀνελάμϐανεν

139 1574 449 1641 ἀθυμοῦντα,
511 1578 605 1628 καὶ
635 1575 898 1643 γενναίως
950 1576 1137 1644 φέρειν
1192 1576 1318 1636 τοὺς
1349 1577 1689 1644 πειρασμοὺς

140 1665 377 1728 ὑπετίθει,
426 1666 694 1733 παράγων
726 1668 789 1718 ἐκ
828 1666 934 1717 τῶν
986 1664 1143 1718 θείων
1172 1665 1407 1735 Γραφῶν
1442 1667 1535 1718 καὶ
1576 1667 1687 1719 δει-

140 1757 246 1817 κνὺς
288 1758 414 1809 ὅσον
461 1757 522 1808 τὸ
568 1758 675 1810 τῶν
723 1757 1046 1827 πειρασμῶν
1091 1757 1285 1827 κέρδος
1321 1759 1466 1810 ἐστίν
1496 1774 1510 1787 ·
1568 1754 1687 1811 εἶτα

142 1846 307 1915 μικρὸν
356 1846 622 1899 διαλιπών
666 1864 681 1878 ·
743 1848 810 1900 Σὲ
839 1848 894 1899 δὲ
956 1848 1050 1901 καὶ
1095 1848 1270 1911 ἄλλως
1324 1849 1664 1919 εὐχαριστεῖν

141 1932 257 1999 εἶπε,
288 1938 537 2005 φίλτατε,
562 1941 690 2009 χρή’
716 1940 853 2009 μετά
878 1941 984 2011 γὰρ
1016 1940 1178 1993 πέντε
1196 1940 1289 1992 καὶ
1314 1941 1446 1992 δέκα
1470 1938 1687 2009 ἡμέρας

139 2030 392 2097 οἱχησεται
450 2031 548 2100 μὲν
590 2033 618 2083 6
668 2032 920 2100 πόλεμος,
952 2032 1162 2101 ταχέως
1190 2032 1246 2085 δὲ
1274 2036 1337 2085 σὺ
1383 2031 1471 2084 τὸν
1522 2031 1679 2083 κολο-

142 2119 269 2182 τῶνα
293 2120 414 2172 τῶν
442 2122 631 2174 κακῶν
664 2122 984 2193 διακρούσῃ.
1039 2122 1302 2186 Τοσοῦτος
1344 2122 1526 2174 τοίνυν
1560 2123 1693 2191 ἠμε-

142 2212 230 2278 ρῶν
261 2214 493 2283 ἀριθμὸς
548 2215 764 2284 ἠνύετο,
797 2218 893 2267 καὶ
939 2216 1304 2286 καταστρέιξει
1349 2215 1446 2285 μὲν
1484 2217 1691 2278 ἐκεῖνος

140 2303 340 2369 τὸνβξον
375 2323 390 2335 ·
425 2308 452 2358 ὁ
486 2306 542 2358 δὲ
600 2309 937 2376 πραγμάτων
985 2307 1142 2370 ἐκτὸς
1191 2307 1286 2360 καὶ
1333 2307 1499 2375 ζάλης
1546 2307 1681 2359 καθ-

141 2396 345 2461 ίσταται,
364 2400 483 2460 τοῖς
514 2400 619 2451 ὑπὸ
648 2400 740 2453 τοῦ
766 2400 919 2466 ἁγίου
952 2399 1260 2471 εἰρημένοις
1288 2403 1387 2470 τῆς
1417 2399 1567 2463 θείας
1588 2400 1696 2469 ψή-

140 2506 219 2557 φου
244 2490 300 2541 τὸ
325 2492 499 2560 πέρας
530 2491 825 2560 ὲπενεγκού
838 2508 952 2561 της.

1673 1892 1687 1915 ’
1724 1895 1763 1951 Β

1790 659 1954 712 etiam
1986 659 2299 727 negiigeret.
2345 654 2451 709 Sed
2491 664 2548 709 et
2579 656 2666 710 hic
2716 654 3058 726 praenuntius
3103 669 3165 708 ac
3213 664 3367 707 vates

1791 752 1911 805 fuit.
1956 750 2115 805 Novit
2164 748 2216 803 id
2267 748 2645 802 Theodoretus
2689 748 3007 816 episcopus,
3055 746 3211 814 cujus
3251 746 3364 815 jam

1791 852 1951 896 antea
2004 842 2336 895 mentionem
2384 841 2631 897 fecimus.
2672 839 3036 894 Vehementer
3085 841 3196 911 ('55)
3245 841 3291 895 is
3335 856 3366 893 a

1791 935 2023 1003 quodam
2048 935 2481 1006 oppugnabatur,
2507 934 2650 988 unde
2674 942 2730 987 et
2760 947 3049 988 maerorem
3073 930 3366 987 contrahe-

1792 1026 1916 1092 bat,
1964 1034 2019 1081 et
2066 1028 2471 1081 accusationem
2524 1026 2763 1097 graviter
2805 1025 3033 1081 ferebat.
3072 1025 3367 1095 Postquam

1792 1133 1923 1172 vero
1952 1118 2226 1182 omnibus,
2259 1127 2318 1171 ut
2353 1116 2642 1185 proverbio
2671 1117 3015 1181 decantatur,
3044 1114 3369 1169 rudentibus

1794 1210 2169 1275 contenderat,
2223 1225 2399 1280 neque
2452 1209 2622 1263 ullum
2674 1224 2740 1263 ex
2792 1210 2977 1264 labore
3022 1208 3258 1262 fructum
3309 1220 3368 1260 se

1794 1303 2051 1370 consequi
2085 1303 2320 1369 videbat,
2356 1314 2469 1359 tum
2505 1306 2571 1359 ad
2612 1303 2985 1359 admirabilem
3018 1302 3363 1372 Symeonem,

1795 1407 2050 1464 tanquam
2089 1396 2155 1449 ad
2184 1397 2363 1451 omnis
2391 1398 2506 1465 spei
2540 1406 2737 1465 caput,
2779 1394 3044 1464 confugit,
3085 1393 3243 1461 eique
3273 1408 3369 1445 nc-

1797 1488 2000 1558 gotium
2030 1502 2193 1541 omne
2230 1503 2391 1541 suum
2428 1487 2740 1542 committit.
2773 1485 2865 1539 lile
2899 1493 3223 1540 maerentem
3249 1484 3370 1536 ani-

1798 1596 1945 1634 mum
1982 1579 2351 1634 consolatione
2381 1588 2609 1643 recreat,
2644 1578 2943 1633 calumnias
2973 1577 3225 1632 ferendas
3252 1592 3371 1630 m0-

1799 1680 1913 1732 net,
1945 1672 2111 1725 etiam
2141 1686 2204 1725 ex
2233 1672 2401 1725 sacris
2425 1672 2634 1741 paginis
2663 1670 2977 1734 ostendens,
3008 1679 3269 1739 quantum
3304 1682 3369 1721 ex

1799 1763 2192 1817 tentationibus
2222 1763 2434 1817 lucrum
2464 1764 2745 1832 proveniat
2772 1780 2784 1815 :
2821 1761 3039 1825 deinde,
3087 1760 3367 1830 paululum

1799 1862 2076 1907 moratus:
2108 1852 2183 1907 Te
2217 1867 2347 1906 vero
2375 1853 2537 1906 etiam
2577 1851 2707 1917 Deo,
2740 1850 2946 1919 inquit,
2979 1850 3177 1918 gratias
3206 1861 3367 1916 quam

1794 1955 1947 2014 potes
1974 1944 2236 1999 maximas
2253 1959 2412 2013 agere
2438 1950 2674 2011 oportet,
2700 1941 2984 1995 carissime
3009 1957 3023 2005 ;
3059 1946 3179 2007 post
3203 1936 3360 2006 quin~

1790 2039 1964 2093 decim
1998 2037 2113 2093 dies
2141 2046 2267 2090 tuus
2299 2034 2563 2089 morietur
2593 2032 2936 2088 adversarius
2961 2051 2973 2087 :
3002 2040 3115 2087 tum
3146 2030 3364 2084 demum

1788 2143 2010 2183 omnem
2060 2128 2201 2181 hanc
2248 2124 2538 2195 procellam
2587 2139 2617 2177 a
2668 2131 2719 2177 te
2770 2122 3021 2191 repeiles.
3072 2121 3151 2175 Eo
3207 2120 3367 2189 igitur

1788 2219 1998 2274 dierum
2055 2232 2284 2271 numero
2331 2215 2608 2279 absoluto,
2659 2214 2823 2267 vitam
2878 2212 2967 2265 ille
3024 2225 3148 2265 cum
3191 2220 3366 2263 morte

1790 2309 2173 2373 commutavit;
2210 2308 2300 2361 hic
2320 2322 2447 2360 vero
2478 2316 2628 2360 extra
2653 2319 2871 2358 omnem
2903 2311 3275 2371 tempestatem
3309 2300 3364 2351 in

1796 2403 2086 2472 tranquillo
2116 2400 2383 2463 constitit,
2421 2398 2588 2453 divini
2621 2398 2870 2452 Numinis
2899 2395 3155 2467 suffragio
3181 2392 3237 2447 S.
3267 2391 3365 2462 Sy-

1798 2494 2007 2549 mconis
2044 2494 2223 2547 verbis
2254 2491 2546 2545 terminum
2575 2498 2868 2546 statuente.

1545 2638 1772 2694 CAPUT
1805 2637 1895 2692 Μ.

466 2751 809 2807 Theodosium
834 2765 882 2807 et
907 2754 1178 2809 Danielem
1210 2757 1488 2811 monachos
1521 2760 1590 2811 ad
1620 2760 1884 2811 sanctiora
1919 2758 2196 2824 hortatur;
2228 2758 2467 2811 barbaris
2499 2759 2642 2812 varie
2681 2757 2991 2825 apitulatur.

194 2886 246 2937 λθ
267 2927 280 2939 .
333 2888 469 2939 Ὑπὸ
496 2889 628 2954 γοῦν
671 2890 771 2958 τῆς
801 2890 1057 2962 θεοφόρου
1078 2894 1279 2965 ταύτης
1309 2895 1555 2965 γλώττης
1596 2899 1693 2967 ἀρ-

135 2977 333 3043 δόμενος
371 2980 465 3030 καὶ
497 2982 527 3031 6
568 2980 739 3048 μέγας
772 2982 1031 3052 ἐξήνθησε
1079 2986 1376 3050 Θεοδόσιοςο
1414 2989 1691 3052 Θεοδόσιος

137 3073 316 3133 ἐκεῖνος
342 3074 402 3124 τὸ
433 3072 547 3125 τῶν
577 3074 889 3142 ἀσχητικῶν
936 3077 1163 3145 ἀγώνων
1190 3080 1282 3131 καὶ
1319 3080 1419 3148 τῆς
1459 3098 1691 3141 ποιμαν-

137 3166 269 3233 τικῆς
298 3167 493 3234 copia;
527 3168 841 3234 κεφάλαιον.
892 3165 1057 3232 Οὗτος
1084 3170 1209 3240 ἄρτι
1246 3170 1336 3223 τὸν
1362 3172 1459 3240 τῆς
1490 3172 1691 3241 ἀρετῆς

136 3255 287 3322 ἔρωτα
321 3261 377 3309 ἐν
417 3261 537 3321 τοῖς
591 3260 691 3327 τῆς
736 3260 911 3329 ψυχῆς
945 3261 1206 3329 θαλάμοις
1272 3264 1689 3334 διαθερμαίνων,

1860 2897 1947 2950 59.
1982 2895 2322 2951 Theodosius
2356 2896 2464 2965 (54)
2498 2910 2714 2965 quoque
2739 2909 2967 2964 magnus
3005 2907 3171 2947 sacrae
3200 2889 3367 2963 hujus

1789 2988 1984 3060 linguae
2012 2988 2225 3055 eloquio
2254 2987 2516 3041 irroratus
2550 2986 2785 3040 eiﬂoruit
2819 3005 2831 3040 :
2875 2984 3235 3049 Theodosius,
3283 2985 3366 3037 in-

1788 3094 1976 3147 quam,
2041 3078 2129 3132 ille
2186 3079 2553 3147 spiritualium
2613 3078 3085 3137 exercitationum,
3148 3089 3361 3129 necnon

1790 3174 2074 3241 pastoralis
2136 3173 2419 3241 sapientia:
2471 3186 2683 3226 summa
2715 3181 2769 3225 et
2822 3178 3003 3239 caput.
3053 3168 3143 3223 Ille
3185 3184 3364 3237 nuper

1789 3266 2004 3319 virtutis
2036 3281 2277 3320 amorem
2314 3266 2368 3318 in
2403 3265 2598 3318 intimo
2628 3264 2827 3318 mentis
2852 3264 3089 3317 thalamo
3132 3262 3361 3325 foverat,

138 3347 277 3410 μήπω
301 3347 357 3399 δὲ
395 3350 477 3409 είς
538 3350 744 3415 πυρσὸν
774 3351 1082 3418 ἀναφθέντα
1119 3353 1280 3422 ἔχων,
1331 3356 1579 3423 πρόσεισι
1612 3358 1685 3427 τῷ

1792 3357 2032 3409 nondum
2089 3367 2267 3411 tamen
2322 3358 2375 3409 in
2416 3356 2687 3409 flammam
2740 3370 3025 3409 accensum
3058 3355 3292 3409 habebat
3347 3371 3360 3405 :

135 3441 272 3506 κοινῷ
308 3439 404 3507 τῆς
432 3439 713 3509 σωτηρίας
766 3443 1127 3513 μυσταγωγῷ,
1170 3446 1264 3497 καὶ
1301 3447 1685 3513 προσπελάσας

133 3529 192 3595 τῷ
222 3531 407 3600 στύλῳ,
448 3533 583 3601 πρὶν
616 3533 647 3601 ἡ
678 3550 798 3586 τινα
849 3536 941 3587 τοῦ
978 3538 1243 3605 στόματος
1278 3540 1540 3607 προέσθαι
1574 3559 1687 3608 φω-

135 3621 381 3689 vani-257:
414 3625 596 3694 ἥκεις,
620 3626 870 3691 ἄνθρωπε
896 3630 988 3679 τοῦ
1022 3629 1154 3681 Θεοῦ
1185 3630 1450 3693 Θεοδῦσιε,
1483 3633 1687 3684 ἄνωθεν

134 3714 257 3775 πσρὰ
321 3714 414 3766 τοῦ
477 3715 798 3783 θαυμαστοῦ
849 3719 1071 3787 Συμεὼν
1129 3720 1337 3773 ἀκούει.
1382 3723 1492 3774 Καὶ
1526 3724 1553 3774 ὁ
1588 3724 1687 3791 μὲν

133 3802 205 3851 ἐπὶ
231 3806 285 3872 τῇ
309 3805 407 3869 τῆς
440 3806 652 3868 οὲκεὲας
682 3808 922 3876 κλήσεως
953 3810 1256 3879 προγνώσει
1293 3814 1684 3881 καταπλαγεὶς,

131 3893 193 3942 ὅτι
228 3898 294 3963 μὴ
328 3896 557 3947 πώποτε
588 3900 850 3966 πρότερον
882 3902 962 3962 είς
999 3901 1199 3968 γνῶσιν
1267 3902 1437 3956 ἐλθὼν
1462 3904 1539 3973 τῷ
1597 3908 1677 3957 ἁν-

131 3982 216 4048 δρὶ,
244 3988 269 4036 ὁ
315 3986 370 4037 δὲ
405 3987 603 4056 ὥσπερ
651 3989 796 4057 αὐτῷ
832 3990 998 4042 πολὺν
1062 3993 1460 4062 συγγενόμενος
1496 3996 1685 4063 χρόνον

130 4075 274 4140 οὕτως
335 4079 573 4147 ὀνόματι
642 4081 769 4149 παρ’
818 4082 982 4134 αὑτοῦ
1036 4083 1302 4149 ἐκαλεῖτο,
1366 4087 1686 4156 προσήρειδε

129 4167 203 4234 τὴν
230 4171 470 4239 κεσαλὴν
503 4171 584 4239 τῷ
634 4173 837 4239 ἐδάφει,
874 4173 967 4225 καί
1004 4191 1124 4227 τινα
1158 4176 1287 4247 παρ’
1319 4176 1481 4229 αὑτοῦ
1535 4178 1684 4229 εὐλο-

130 4260 456 4330 γεινέξήτει.
568 4265 678 4316 Καὶ
719 4264 775 4326 ὃς
853 4265 912 4317 οὐ
972 4268 1069 4336 τὴν
1117 4268 1327 4337 αἴτησιν
1388 4269 1683 4339 ἐξεπλήρου

130 4352 280 4415 μόνον,
317 4355 457 4405 ἀλλὰ
523 4355 619 4405 καὶ
680 4354 749 4415 ὠς
802 4357 961 4408 αὑτὸν
986 4357 1292 4411 ἀναόαίνειν
1330 4360 1636 4429 ἐπέτρεπεν
1664 4402 1677 4415 .

137 4441 407 4497 Ἀναεάντα
440 4446 628 4497 τοίνυν
661 4447 748 4498 τὸν
775 4446 1049 4501 Θεοδόσιον
1086 4450 1283 4512 ἱκανῶς
1318 4468 1377 4502 τε
1401 4452 1534 4523 πρὸς
1560 4454 1685 4517 τοὺς

126 4538 424 4599 omn-.1209);
458 4535 757 4601 ὑπαλείφει
805 4538 1037 4603 ἀγῶνας,
1065 4536 1256 4605 καὶῘΩ
1293 4542 1433 4609 φίλε.
1460 4546 1686 4612 προστῐ-

126 4621 245 4688 θησι,
278 4625 559 4688 Θεοδόσιε,
589 4627 688 4693 τὴν
719 4626 834 4677 ὁδὸν
858 4628 1057 4696 χαίρων
1094 4634 1325 4698 πορεύου
1349 4646 1363 4662 ⁶
1397 4636 1544 4703 παρὰ
1566 4636 1678 4686 Κυ-

126 4714 218 4777 ρέσσ
250 4718 349 4784 γὰρ
384 4715 893 4785 κατευθυνθήσεταί
942 4736 1033 4772 σου
1083 4722 1148 4773 τά
1174 4723 1481 4791 διαϐήματα
1515 4742 1528 4755 ·
1563 4722 1682 4779 εἶτα

126 4804 169 4849 ιν)
204 4804 356 4873 μέχρι
422 4806 630 4857 τοῦτον
690 4805 779 4857 τὸν
811 4807 968 4874 λόγον
1002 4809 1233 4879 ἵστησιν,
1276 4812 1411 4864 ἀλλὰ
1472 4814 1565 4865 καὶ
1614 4814 1682 4867 τὰ

128 4894 355 4953 μέλλοντα
392 4894 556 4961 αὐτῷ
592 4898 975 4965 προσημαίνει,
1008 4899 1081 4962 ὡς
1108 4901 1199 4953 ἐπὶ
1233 4902 1371 4970 μέγα
1394 4921 1448 4956 τε
1479 4907 1682 4975 ἀρετῆς

123 4983 235 5047 ἥξοι,
267 4988 355 5038 καὶ
393 4987 472 5048 ὡς
508 4986 748 5048 πολλοὺς
770 4988 875 5039 τῶν
907 4991 1005 5058 τὴν
1046 4992 1313 5063 κοσμικὴν
1344 4994 1546 5063 ταύτην
1572 5014 1679 5064 μα-

122 5075 348 5144 ταιότητα
378 5079 797 5147 περικειμένων
831 5082 965 5150 πρὸς
986 5081 1080 5133 τὸν
1104 5084 1389 5150 μοναδικδν
1414 5090 1679 5157 peracti}.

124 5179 185 5214 σοι
224 5166 351 5233 βίον,
404 5169 485 5230 ὡς
526 5168 751 5233 λογικοῦ
781 5187 840 5221 τε
895 5173 1233 5242 ἀφηγήσοιτο
1282 5176 1552 5243 ποιμνίου,
1591 5180 1681 5229 καὶ

121 5254 177 5315 ὡς
204 5259 274 5319 είς
311 5260 559 5327 μέγεθος
605 5262 780 5311 ἐκεῖνο
821 5263 914 5314 καὶ
958 5264 1156 5333 ἀρετῆς
1217 5264 1346 5332 ὕψος
1404 5266 1676 5335 προέλθοι,

125 5346 196 5395 21".
221 5347 287 5409 ὼς
308 5349 551 5411 πολλοὺς
580 5350 688 5399 τῶν
742 5351 954 5404 οἰκείων
984 5355 1159 5405 πόνων
1195 5355 1437 5422 μιμητὰς
1508 5356 1679 5423 ἀπερ-

123 5434 324 5501 τάτοιτο,
381 5440 482 5491 καὶ
538 5437 665 5507 Θεῴ
716 5440 1087 5507 προσενέγκω.
1141 5442 1325 5494 Ταῦτα
1382 5444 1477 5513 μὲν
1513 5442 1603 5498 οὖν
1650 5449 1678 5498 6

1792 3464 2136 3501 communem
2179 3449 2367 3501 salutis
2424 3456 2793 3517 mystagogum
2847 3447 3073 3509 accedit,
3104 3454 3265 3514 atque
3294 3445 3361 3497 ad

1790 3540 2099 3593 columnam
2132 3542 2354 3616 propius
2387 3540 2673 3602 accedens,
2697 3538 3012 3606 priusquam
3044 3552 3109 3591 ex
3141 3552 3235 3591 ore
3266 3535 3365 3589 ali-

1788 3646 1948 3699 quam
1977 3633 2251 3685 emitteret
2291 3647 2501 3697 vocem,
2537 3632 2607 3685 ita
2639 3631 2709 3685 ab
2739 3630 3057 3686 admirando
3089 3630 3360 3699 Symeone

1789 3725 2142 3790 Compellatur
2176 3741 2190 3780 :
2230 3725 2372 3779 Bene
2394 3724 2613 3787 venisti,
2670 3724 2747 3777 vir
2777 3723 2868 3777 Dei
2896 3722 3186 3777 Theodosi.
3222 3720 3361 3775 Tum

1791 3818 1993 3885 proprii
2053 3816 2289 3871 nominis
2337 3817 2756 3887 prmeognitione
2797 3816 3155 3885 stupefactus,
3214 3816 3361 3884 quod

1790 3923 1911 3959 cum
1938 3908 2178 3961 nondum
2211 3908 2264 3960 in
2294 3908 2394 3961 viri
2444 3909 2689 3961 notitiam
2724 3908 2985 3970 venisset,
3013 3907 3165 3976 quasi
3191 3906 3363 3961 mullo

1790 4002 2030 4063 tempore
2056 4011 2179 4049 cum
2212 3995 2304 4049 illo
2332 3997 2647 4059 habitasset,
2674 3997 2745 4049 ita
2770 3996 2989 4065 proprio
3015 3996 3235 4050 nomine
3264 4012 3360 4065 ap-

1790 4088 2079 4155 pellaretur
2113 4087 2332 4156 :ltaque
2363 4088 2537 4156 capite
2567 4098 2723 4141 terra:
2751 4088 2989 4150 admoto,
3026 4087 3358 4141 benedictio-

1788 4193 1910 4231 nem
1948 4178 2049 4231 sibi
2100 4178 2213 4230 dari
2247 4179 2561 4246 postulavit.
2620 4178 2793 4247 Cujus
2823 4178 3073 4247 petitioni
3096 4192 3205 4232 non
3239 4187 3357 4231 tan-

1790 4278 1901 4321 tum
1931 4267 2191 4321 satisfecit
2223 4268 2479 4336 Symeon,
2508 4268 2602 4321 sed
2635 4276 2689 4321 et
2721 4267 2788 4320 ad
2832 4282 2891 4321 se
2919 4282 3136 4321 sursum
3164 4279 3357 4319 ascen-

1786 4359 1914 4412 dere
1941 4359 2124 4425 jussit,
2160 4358 2226 4410 ad
2256 4359 2491 4412 ascetica
2517 4359 2816 4413 certamina
2866 4360 2933 4412 ad
2966 4373 3024 4411 se
3049 4358 3355 4411 venientem

1786 4447 2037 4500 excitavit
2070 4464 2081 4499 :
2118 4456 2191 4509 et,
2228 4447 2434 4511 Amice,
2465 4445 2973 4516 inquit,The0dosi,
3006 4460 3131 4499 cum
3163 4445 3360 4515 gaudio

1788 4539 1889 4591 iter
1918 4539 2129 4607 arripe;
2161 4554 2193 4591 a
2221 4538 2448 4592 Domino
2468 4553 2684 4609 gressus
2712 4540 2785 4591 tui
2817 4537 3143 4607 dirigentur.
3170 4535 3360 4606 Neque

1712 4666 1758 4722 υ
1790 4644 1914 4683 vero
1946 4629 2051 4684 huc
2085 4645 2257 4699 usque
2311 4631 2460 4685 stetit
2496 4644 2825 4693 sermonem,
2877 4630 2971 4684 sed
3001 4638 3054 4682 et
3074 4628 3255 4683 futura
3286 4631 3359 4683 ita

1782 4722 2050 4791 predixit,
2076 4734 2140 4777 ut
2159 4724 2303 4792 quod
2326 4723 2397 4777 ad
2430 4738 2677 4797 magnam
2721 4724 2977 4777 virtutem
2997 4731 3360 4791 perventurus

1781 4825 1943 4878 esset,
1992 4815 2299 4883 multosque
2347 4814 2591 4868 saeculari
2664 4813 2899 4867 vanitate
2947 4812 3236 4881 implicitos
3290 4813 3356 4867 ad

1783 4905 2135 4960 monasticam
2174 4909 2338 4962 vitam
2402 4906 2761 4971 inducturus;
2821 4905 3055 4973 denique
3083 4904 3227 4974 quod
3259 4904 3359 4958 h0-

1783 4996 1991 5053 minum
2032 4998 2178 5067 gregi
2242 4997 2649 5066 praeficiendus;
2680 4998 2823 5066 quod
2855 4997 2921 5050 ad
2956 4997 3208 5049 eximiam
3239 5010 3355 5049 ma-

1781 5090 2118 5159 gnitudinem
2163 5090 2486 5158 virtutisque
2539 5090 2909 5143 excelsitatem
2956 5099 3352 5158 perventurus;

1778 5182 1923 5248 quod
1952 5182 2137 5249 plures
2175 5196 2397 5235 suorum
2421 5181 2666 5234 laborum
2709 5180 3008 5234 imitatores
3037 5180 3353 5244 en‘ecturus,

1779 5279 1835 5324 et
1863 5271 1971 5325 Deo
1994 5272 2275 5325 oblaturus
2306 5282 2472 5325 esset.
2506 5268 2633 5324 Haec
2668 5270 2851 5323 omnia
2899 5270 3229 5325 admirabilis
3264 5270 3355 5325 ille

1781 5361 2012 5430 Symeon
2046 5362 2352 5416 Theodosio
2382 5362 2653 5432 praedixit,
2704 5376 2824 5430 quae
2852 5376 2981 5414 num
3014 5371 3199 5430 postea
3228 5376 3356 5416 eve-

1778 5454 1981 5516 nerint,
2017 5455 2106 5523 qui
2140 5456 2286 5508 illius
2319 5455 2611 5509 'lheodosii
2648 5454 2811 5507 vitam
2845 5452 3055 5523 legerit,
3088 5456 3241 5509 sciet.

121 5527 393 5629 ίςανμασιος
408 5529 653 5599 Συμεὼν
680 5529 758 5599 τῷ
785 5532 1003 5603 μεγάλῳ
1039 5536 1357 5605 προειρήκει
1391 5536 1687 5609 Θεοδοσίῳοι
1714 5542 1778 5594 τὰ
1816 5545 1871 5597 δὲ
1892 5549 1939 5598 ει
1965 5552 2051 5599 καὶ
2073 5548 2247 5617 χρὸνιρ
2280 5547 2500 5618 ὕστερον
2527 5547 2707 5617 ἐξέϐη,
2758 5549 2785 5599 6
2819 5546 2897 5616 τῷ
2970 5549 3178 5604 ἐκείνου
3244 5553 3353 5629 Βίῳ

120 5622 319 5691 ἐνπχὼν
340 5642 363 5676 ε
374 5625 575 5677 ῖσεται.

175 5716 268 5777 (55)
308 5716 472 5770 Multa
507 5732 807 5788 perpessus
837 5718 1242 5775 abadversariis
1268 5720 1662 5788 Theodoretus,

120 5795 213 5847 qua:
241 5800 604 5841 recvusentur
632 5807 659 5837 ιι
696 5786 941 5852 Baronio,
976 5798 1105 5844 tom.
1138 5789 1177 5843 V
1213 5799 1267 5844 el
1297 5790 1381 5845 VI.

178 5855 268 5923 βξ)
319 5872 367 5910 x1
422 5858 659 5913 Januar.
703 5860 862 5929 (infra
903 5857 1000 5911 col.
1027 5859 1149 5929 456)
1174 5863 1344 5916 sancti
1374 5861 1658 5920 Theodosii

1773 5726 2177 5781 Cmnobiarchie
2201 5728 2362 5781 vitam
2375 5728 2643 5791 dabimus,
2669 5731 2754 5782 ubi
2773 5729 2885 5783 haec
2902 5729 3017 5795 ipsa
3034 5741 3348 5795 narrantur,

1772 5798 1931 5877 dicun
1963 5812 2130 5866 urquc
2152 5799 2408 5854 accidisse
2432 5799 2533 5853 sub
2564 5800 2721 5853 linem
2756 5800 2877 5853 vita:
2897 5798 3146 5855 Marciani
3180 5804 3349 5881 itnpoo.

1768 5876 1978 5930 ratoris.
