4128 6488
655 443 763 506 379

1906 430 2188 490 MENSIS
2217 428 2678 489 JANUARIUS.

3823 416 3942 484 380

659 554 848 626 digitis
871 552 1213 625 applicabat;
1253 550 1411 606 facile
1449 551 1597 604 enim
1641 557 1832 602 venter
1879 549 1948 601 ob
1996 545 2240 600 alimenti
2273 584 2282 606 λ

2384 560 2443 604 ας
2474 542 2654 611 ἀφῆκε
2685 539 2782 610 τὴν
2826 538 3028 609 ψῆφον,
3083 537 3454 591 κατακύπτων
3498 534 3554 588 δὲ
3581 534 3643 587 τδ
3677 535 3941 603 μέτωπον

661 648 934 702 delectum
964 645 1184 700 dorsum
1213 642 1414 698 inﬂecti
1443 640 1790 698 permittebat
1821 638 1954 710 (40).

735 918 826 972 45.
869 917 1041 974 Porro
1064 935 1128 975 ex
1153 921 1240 974 illa
1276 930 1539 991 perpetua
1567 931 1622 977 et
1653 937 1815 991 supra
1851 930 2104 976 naturam
2145 921 2245 976 ad-

667 1011 899 1066 mirabili
934 1015 1167 1066 statione
1202 1014 1480 1076 eﬂ‘ectum,
1509 1023 1570 1068 ut
1600 1015 1652 1068 in
1680 1015 1852 1068 altero
1882 1015 2020 1083 pede
2055 1015 2246 1081 ingens

669 1105 826 1156 ulcus
854 1105 1215 1162 contraxerit.
1249 1121 1279 1158 e
1310 1121 1416 1173 quo
1446 1106 1676 1175 plurima
1715 1107 1896 1159 sanies
1949 1104 2244 1162 deﬂuebat.

674 1195 875 1249 Verum
925 1197 1057 1250 nihil
1112 1197 1304 1250 horum
1351 1198 1470 1266 ejus
1513 1198 1909 1266 philos'Jphiam
1956 1197 2246 1264 repressit;

673 1290 854 1341 omnia
892 1291 1038 1344 enim
1062 1306 1324 1360 generose
1357 1291 1598 1359 pertulit,
1633 1290 1847 1344 labores
1872 1290 2041 1343 animi
2066 1306 2252 1359 prom-

673 1378 942 1446 ptitmline
961 1379 1204 1433 vincens.
1232 1379 1393 1433 Ulcus
1411 1396 1538 1433 vero
1558 1380 1698 1434 istud
1721 1380 1935 1434 cuidam
1960 1381 2253 1450 aliquando

673 1471 965 1523 ostendere
995 1480 1216 1524 coactus
1237 1482 1341 1526 est.
1372 1475 1499 1526 Erat
1531 1475 1677 1526 enim
1718 1473 1798 1526 vir
1827 1473 2045 1541 quidam
2077 1474 2256 1542 digni-

674 1570 782 1614 tate
810 1563 1094 1625 diaconus.
1130 1565 1346 1617 Virtutis
1377 1564 1651 1618 studiosus
1677 1582 1690 1618 2
1717 1568 1762 1618 is
1790 1564 2078 1632 Symconis
2111 1565 2252 1618 fama

677 1653 910 1715 excitus,
949 1655 1098 1708 venit
1136 1655 1391 1708 Ravenna
1425 1654 1558 1720 (ιΗ),
1589 1665 1644 1709 et
1677 1657 1830 1708 collis
1867 1657 2011 1710 illius
2048 1658 2254 1711 veitice

683 1757 1006 1805 conscenso,
1052 1743 1144 1795 llic
1178 1741 1334 1803 mihi,
1371 1743 1467 1804 ait,
1503 1759 1599 1810 per
1635 1744 1808 1812 ipsam
1843 1745 2151 1809 veritatem,
2187 1761 2253 1797 an

681 1842 736 1884 tu
770 1833 930 1884 homo
961 1848 1044 1890 es.
1091 1849 1158 1886 an
1194 1850 1322 1887 vero
1354 1834 1453 1886 alia
1502 1835 1747 1902 qumdam
1789 1845 1982 1888 natura
2014 1836 2258 1902 corporis

2347 635 2436 687 ἀεὶ
2474 637 2588 696 τοῖς
2621 633 2731 687 τῶν
2781 631 2958 684 ποδῶν
2990 629 3276 694 δακτύλοις
3317 627 3641 700 προσήρειδε
3663 643 3677 656 ’
3709 627 3795 679 διὰ
3829 626 3946 690 γὰρ

2347 727 2444 798 τὴν
2472 727 2573 796 τῆς
2593 725 2800 797 τροφῆς
2845 724 3054 779 ἔνδειαν
3099 727 3134 795 ἠ
3187 724 3402 793 γαστὴρ
3459 721 3703 783 εὐπετῶς
3743 719 3947 772 ἐπικύ-

2351 817 2582 872 πτεσθαι
2605 817 2684 885 τῷ
2714 818 2869 886 νώτῳ
2899 819 3180 885 παρεῖχεν.

2426 917 2529 982 με’.
2571 911 2705 965 Ἀπὸ
2763 911 3012 981 μέντοιγε
3039 911 3139 980 τῆς
3172 909 3488 978 ὑπερφυοῦς
3547 907 3763 976 ἐκείνης
3807 905 3950 958 στά-

2354 1023 2492 1068 σεως
2549 1005 2761 1076 χρόνιον
2794 1004 2950 1066 ἕλκος
2981 1003 3194 1072 θατέρῳ
3230 1003 3354 1056 ποδὶ
3387 1001 3744 1069 ἐγγενόμενον
3791 999 3954 1051 πλεῖς

2359 1117 2483 1152 στον
2541 1100 2753 1153 ἐκεῖθεν
2814 1099 2987 1169 ἰχῶρα
3037 1097 3336 1166 ὲξέκρινεν.
3408 1097 3549 1149 Ἀλλ’
3593 1096 3742 1164 ὅμως
3791 1093 3954 1145 οὐδὲν

2355 1191 2560 1241 τούτων
2599 1188 2829 1260 ῆλεγχεν
2883 1185 3048 1240 αὐτοῦ
3107 1186 3206 1256 τὴν
3257 1184 3614 1254 φιλοσοφίαν·
3668 1183 3829 1251 ἔφερε
3891 1180 3952 1232 δὲ

2358 1282 2536 1334 πάντα
2567 1280 2854 1348 γενναίως,
2879 1283 2944 1349 τῇ
2977 1279 3260 1351 προθυμία
3286 1278 3396 1330 τῶν
3435 1277 3614 1329 πόνων
3665 1273 3956 1344 περιγινό-

2363 1391 2542 1445 μενος.
2579 1371 2754 1425 Τοῦτο
2778 1373 2835 1426 δὲ
2865 1373 2926 1424 τὸ
2969 1373 3126 1435 ’ἐλκος
3182 1373 3275 1424 καὶ
3321 1370 3597 1434 ὑποδεῖξαί
3653 1370 3756 1422 τινί
3811 1384 3953 1421 ποτε

2359 1465 2704 1536 ⁴ἢναγκάσθη.
2737 1465 2903 1535 Ἀνὴρ
2928 1465 3038 1534 γάρ
3084 1481 3168 1526 τις
3199 1464 3292 1516 τὸν
3320 1463 3529 1532 βαθμὸν
3560 1462 3824 1523 διάκονος,
3855 1461 3954 1511 τὸν

2363 1561 2564 1630 τρόπον
2618 1558 2931 1628 φιλὰρετος,
2961 1559 3026 1627 τῇ
3079 1557 3208 1626 περὶ
3262 1557 3355 1608 τὸν
3391 1555 3619 1624 Συμεὼν
3654 1555 3810 1622 φήμῃ
3851 1569 3953 1603 κε-

2363 1651 2680 1720 κινημένος,
2717 1648 2948 1717 ἀφίκετό
3005 1666 3138 1701 ποτε
3196 1647 3306 1700 ἀπὸ
3345 1648 3664 1716 Ῥαὸἐννης,
3709 1647 3800 1697 καὶ
3849 1645 3955 1710 τὴν

2363 1743 2608 1813 κορυφὴν
2648 1741 2864 1810 εκείνην
2917 1738 3274 1794 καταλαόώνο
3311 1739 3442 1791 Εἰπέ
3496 1755 3608 1808 μοι,
3651 1737 3778 1806 ἔφη,
3811 1736 3960 1805 πρὸς

2365 1839 2461 1906 τῆς
2517 1833 2798 1904 ἀληθείας,
2855 1833 3014 1895 αὐτὸς
3055 1828 3164 1902 ἆρά
3225 1849 3290 1899 γε
3343 1831 3630 1902 ἄνθρωπος
3671 1827 3801 1900 εἶ,ῆ
3852 1847 3939 1889 τις

681 1940 894 1992 evpcrs,
921 1935 975 1977 et
1007 1926 1298 1978 humanam
1333 1925 1558 1994 eiligiem
1589 1926 1870 1980 enitentita.
1906 1925 2058 1979 Hanc
2091 1928 2260 1980 inter-

2384 1928 2534 1998 ἑτέρα
2568 1927 2728 1993 φύσις
2779 1926 3096 1994 ἀσώματος,
3127 1924 3226 1994 τὴν
3261 1923 3612 1994 ἀνθρωπίνην
3666 1923 3966 1990 ὑποκρινο-

685 2016 1020 2082 rogationem
1072 2031 1192 2066 cum
1230 2025 1473 2067 astantes
1524 2016 1749 2068 moleste
1783 2016 2009 2081 ferrent,
2043 2017 2263 2071 divinus

686 2104 918 2174 Symeon
962 2107 1253 2159 tumultum
1292 2107 1522 2171 sedavit,
1560 2118 1613 2160 et
1652 2108 1716 2160 ad
1750 2108 1899 2161 illum
1946 2125 2263 2174 conversus,

688 2195 851 2257 Quid.
902 2196 1096 2264 inquit,
1148 2213 1234 2250 me
1287 2207 1342 2250 tu
1382 2199 1484 2251 hoc
1527 2198 1718 2267 rogas?
1758 2197 2041 2251 Subnectit
2088 2201 2264 2256 alter:

690 2288 847 2350 Quia.
883 2305 1238 2356 quoscunque
1279 2291 1345 2342 dc
1378 2301 1427 2343 te
1463 2291 1625 2343 audio
1651 2305 1955 2344 sermonem
1984 2291 2265 2356 facientes,

689 2395 791 2432 nec
813 2381 992 2434 cibum
1013 2397 1242 2445 sumere,
1270 2398 1368 2435 nec
1400 2398 1650 2436 somnum
1679 2398 1874 2450 capere
1897 2391 1946 2436 te
1969 2383 2266 2446 affirmant;

691 2481 981 2540 utrumque
1011 2487 1138 2525 vero
1170 2471 1374 2526 homini
1404 2472 1681 2541 proprium
1710 2490 1724 2529 ;
1751 2488 1928 2540 neque
1952 2475 2097 2526 enim
2120 2473 2268 2541 quis-

693 2563 834 2628 piam
869 2564 1005 2615 hanc
1049 2563 1256 2616 habens
1283 2573 1534 2616 naturam
1569 2566 1685 2616 sint:
1721 2579 1916 2616 somno
1951 2575 2043 2618 aut
2091 2567 2273 2620 nutri-

694 2666 877 2708 mento
911 2656 1063 2708 vivit.
1094 2657 1173 2709 Ad
1213 2656 1326 2709 lucc
1356 2658 1594 2726 Symeon
1628 2657 1801 2712 scalas
1827 2658 2095 2711 columine
2122 2658 2276 2712 adhi-

695 2747 807 2799 beri
848 2747 1023 2814 jubet,
1057 2756 1110 2801 et
1139 2749 1205 2801 ad
1250 2764 1308 2801 se
1344 2758 1406 2802 ut
1437 2750 1698 2802 ascendat
1747 2757 1932 2802 monet
1961 2770 1970 2802 :
1997 2767 2105 2818 quo
2149 2765 2274 2803 cum

696 2841 964 2906 pervenit,
993 2839 1166 2908 primo
1190 2840 1408 2908 quidem
1429 2857 1623 2894 manus
1645 2857 1973 2911 cognoscere
1999 2843 2276 2911 praecepit,

695 2931 892 2983 deinde
923 2931 1062 2984 intra
1097 2942 1300 2985 vestem
1331 2933 1612 3002 pclliceam
1643 2935 1754 3002 (4‘2)
1786 2949 2006 2986 manum
2032 2933 2278 3002 injicere,

699 3038 878 3091 neque
927 3024 1103 3076 solum
1159 3026 1327 3093 pedes
1376 3027 1599 3090 videre,
1651 3026 1744 3080 sed
1800 3036 1854 3080 et
1899 3026 2280 3097 gravissimum

700 3113 832 3165 illud
872 3114 1025 3167 ulcus
1065 3116 1327 3182 aSpicere.
1384 3115 1482 3168 Vix
1527 3119 1643 3170 visa
1691 3115 1891 3169 ulceris
1933 3116 2283 3170 scaturientis

703 3204 1097 3274 magnitudine,
1135 3221 1165 3259 e
1231 3207 1483 3260 columna
1520 3207 1824 3272 descendit,
1850 3217 1904 3260 et
1936 3207 2004 3260 ad
2027 3206 2279 3261 Theodo-

2376 2020 2510 2088 μένη
2537 2016 2823 2070 διάπλασιν
2845 2015 3356 2084 ;Δυσχεραινάντων
3383 2015 3440 2066 δὲ
3471 2015 3606 2083 πρὸς
3629 2014 3726 2083 τὴν
3744 2011 3962 2081 ἐρώτη-

2371 2127 2454 2163 σιν
2481 2110 2590 2162 τῶν
2623 2109 2932 2178 παρόντων,
2963 2107 3056 2160 τὸν
3092 2107 3324 2176 θόρυϐον
3372 2107 3556 2169 αὐτοῖς
3589 2107 3618 2157 ὀ
3657 2105 3800 2166 θεῖος
3850 2104 3968 2156 Συ-

2375 2204 2520 2273 μεὼν
2545 2202 2928 2263 καταστείλας,
2971 2202 3065 2254 καὶ
3104 2201 3240 2269 πρὸς
3269 2202 3475 2252 ἐκεῖνον
3504 2197 3863 2266 ἐπιστρέψας,
3898 2197 3969 2249 Τί

2373 2311 2530 2358 ποτε,
2566 2293 2721 2364 φησὶ,
2744 2292 2902 2344 τοῦτό
2923 2293 3165 2362 μεῆρους
3185 2290 3292 2343 Τοῦ
3311 2291 3366 2342 δὲ
3391 2291 3691 2359 εἰρηκότος,
3707 2291 3787 2340 ὅτι
3815 2289 3970 2340 Divo

2371 2405 2479 2439 των
2501 2385 2684 2438 ἀκούω
2723 2383 3086 2454 θρυλούντων,
3129 2383 3203 2445 ώς
3251 2382 3377 2434 οὔτε
3420 2382 3648 2446 ἐσθίεις,
3673 2380 3798 2432 οὒτε
3829 2381 3976 2433 καθ-

2374 2477 2547 2538 εύδεις
2578 2494 2590 2504 ·
2627 2477 2887 2548 ἑκάτερον
2915 2477 2971 2528 δὲ
2999 2473 3272 2544 ἀνθρώπῳ
3304 2476 3438 2527 ἴδιον
3460 2491 3473 2504 ο
3506 2476 3567 2526 ού
3591 2476 3700 2543 γὰρ
3758 2474 3822 2527 ἄν
3871 2490 3964 2538 τις

2375 2569 2579 2640 ταύτην
2612 2569 2751 2638 ἔχων
2780 2569 2878 2636 τὴν
2906 2551 3068 2635 φύσιν
3097 2567 3302 2634 τροφῆς
3333 2566 3458 2635 δίχα
3479 2566 3572 2618 καὶ
3605 2564 3774 2616 ὕπνου
3803 2564 3970 2634 βιῲη·

2380 2662 2698 2730 ἐπιτεθῆναι
2737 2663 3069 2731 προστάττει
3099 2659 3178 2728 τῷ
3210 2659 3348 2712 κίονι
3403 2658 3673 2727 κλίμακα,
3712 2658 3976 2710 κάκεῖνον

2380 2757 2453 2819 ὡς
2501 2757 2666 2810 αὑτὸν
2714 2755 3020 2824 ἀναϐῆναισ
3062 2755 3186 2806 ἐπεὶ
3232 2753 3288 2805 δὲ
3348 2753 3448 2823 ἤδη
3491 2753 3726 2815 ἀνέλθοι,
3775 2751 3979 2820 πρῶτα

2386 2849 2485 2920 μὲν
2515 2847 2862 2917 καταμαθεῖν
2908 2848 3008 2910 τὰς
3043 2850 3232 2918 χεῖρας
3271 2844 3638 2912 ὲπετρέπετο’
3677 2840 3794 2896 εἶτα
3836 2843 3979 2894 εῐτω

2381 2941 2475 2993 τού
2528 2940 2854 3010 δερματίνου
2911 2939 3262 3009 περιϐολαίου
3297 2939 3396 3007 τὴν
3449 2940 3604 3006 χεῖρα
3648 2936 3852 3005 βαλεῖν,
3881 2935 3982 2985 καὶ

2395 3037 2524 3088 ἰδεῖν
2561 3034 2636 3104 μὴ
2666 3035 2792 3094 τοὺς
2827 3033 2996 3090 πόδας
3035 3031 3216 3098 μόνον,
3249 3029 3385 3081 ἀλλὰ
3415 3032 3510 3079 καὶ
3547 3027 3605 3078 τὸ
3649 3023 3985 3095 χαλεπώταο

2385 3145 2477 3181 τον
2507 3127 2663 3188 ἕλκος
2716 3127 2911 3179 ἐκεῖνο.
2957 3123 3102 3176 Ἰδὼν
3142 3122 3199 3174 δὲ
3243 3121 3341 3191 τὴν
3371 3120 3464 3172 τοῦ
3502 3119 3695 3178 ἕλκους
3731 3116 3985 3184 ὑπερϐο-

2388 3216 2507 3284 λὴν,
2538 3217 2632 3269 τοῦ
2665 3215 2858 3268 στόλου
2885 3233 2944 3267 τε
2966 3211 3348 3282 κατεληλύθει,
3380 3211 3476 3263 καὶ
3506 3209 3643 3277 πρὸς
3669 3207 3726 3260 δν
3759 3208 3787 3258 ὁ
3817 3208 3987 3271 λόγος

704 3305 904 3358 retum,
929 3296 995 3349 de
1021 3311 1126 3362 quo
1155 3296 1306 3364 prius
1329 3312 1508 3350 sermo
1534 3297 1741 3362 incndit,
1776 3297 2073 3366 profectus,
2097 3297 2280 3350 omnia

2392 3264 2604 3376 φθίσας
2653 3306 2891 3371 ἐδήλωσε
2955 3264 3304 3374 Θεοδώρητον
3378 3301 3736 3370 ἀφικόμενος,
3795 3299 3988 3350 πάντα.

704 3396 963 3440 accurate
989 3391 1253 3442 narravit.
1289 3390 1418 3443 Inde
1444 3392 1496 3442 in
1529 3390 1755 3458 patriam
1792 3391 2085 3456 revertitur
2107 3405 2286 3459 przeco

705 3480 1099 3535 disertissimus
1173 3499 1391 3537 onmem
1443 3493 1697 3536 naturam
1747 3483 2128 3536 excedentium
2189 3484 2286 3537 viri

710 3572 874 3639 hujus
908 3575 1290 3632 certaminum.

778 3664 869 3718 46.
913 3664 1046 3718 Aliis
1099 3668 1243 3718 enim
1284 3670 1648 3723 certatoribus
1683 3670 1892 3724 dierum
1927 3672 2291 3727 circumvolu-

713 3755 890 3808 tioncs
922 3767 1072 3826 grata
1104 3758 1332 3826 quadam
1372 3761 1694 3815 remissione
1723 3762 1936 3817 Libones
1975 3765 2287 3834 excipiunt;

714 3846 843 3899 huic
878 3865 1006 3902 vero
1055 3851 1330 3905 continua:
1376 3853 1521 3906 illius
1562 3856 1900 3924 paenitentiae
1945 3856 2124 3925 quies.
2175 3868 2294 3912 erat

714 3936 962 3989 laborum
1001 3940 1251 3993 mutatio.
1285 3943 1378 3994 Sol
1416 3944 1526 4010 jam
1557 3947 1892 4000 occubuerat
1930 3949 2066 4016 (43),
2108 3950 2197 4002 ille
2227 3950 2295 4003 ad

716 4027 1114 4106 intelligihilem
1142 4031 1194 4085 et
1233 4033 1578 4089 inoccitluuln
1613 4037 1792 4092 Solem
1828 4055 2026 4092 manus
2055 4050 2168 4094 tum
2201 4057 2298 4094 ex-

716 4121 970 4181 tendens,
1007 4132 1193 4178 noctes
1223 4126 1462 4194 integras
1512 4130 1711 4187 stabat.
1761 4145 1940 4198 neque
1972 4148 2162 4186 somno
2201 4134 2299 4188 de-

718 4207 930 4272 linitus,
965 4227 1142 4280 neque
1185 4213 1398 4284 ignavia
1435 4217 1629 4281 victus,
1661 4219 1834 4272 donec
1867 4220 1954 4273 ille
1991 4222 2184 4274 iterum
2233 4222 2298 4274 ad

720 4302 946 4356 orientis
969 4305 1302 4360 horizontem
1329 4319 1714 4372 reverteretur,
1747 4323 1802 4366 et
1829 4314 2006 4368 noctis
2031 4315 2300 4369 tristitiam

721 4394 827 4448 diei
862 4401 1181 4452 ammnitate
1207 4401 1546 4454 terminaret.
1572 4401 1664 4455 llis
1693 4403 1888 4457 deinde
1913 4407 2304 4460 certaminibus

723 4485 980 4538 exercitia
1009 4487 1132 4552 alia,
1161 4489 1279 4542 alia:
1308 4506 1524 4558 praxes,
1553 4492 1782 4545 aliarum
1815 4493 2049 4562 denique
2081 4511 2302 4565 precum

725 4577 872 4631 modi
908 4579 1078 4633 multo
1109 4579 1438 4636 diiliciliores
1467 4583 1854 4639 succedebant.

799 4856 889 4908 £7.
931 4855 1005 4908 lta
1039 4856 1124 4909 ille
1159 4856 1213 4910 iu
1243 4856 1408 4910 tantis
1438 4857 1728 4920 molestiis,
1760 4868 1907 4913 tanta
1937 4876 2116 4914 rerum
2170 4877 2308 4929 prae-

729 4950 875 5003 clare
913 4959 1186 5019 gestarum
1224 4949 1402 5016 mole,
1426 4959 1576 5004 tanta
1629 4953 2017 5006 miraculorqu
2061 4939 2310 5007 multitu-

729 5043 876 5098 dine.
913 5043 1128 5096 virtutis
1153 5043 1390 5098 culmine
1419 5059 1666 5108 ascenso.
1688 5045 1875 5100 multis
1904 5045 2094 5114 spatiis
2121 5061 2312 5099 omnes

733 5136 990 5190 mortales
1026 5136 1185 5206 longe
1223 5151 1633 5208 supergressus,
1679 5138 1751 5192 ita
1781 5147 1898 5192 erat
1941 5139 2110 5192 animi
2147 5154 2313 5193 sensu

807 5314 918 5380 (10')
945 5311 1133 5366 Pau‘lo
1159 5312 1317 5366 aliter
1336 5311 1735 5367 Theodoretus:
1763 5331 1780 5363 ι
1802 5313 1938 5366 Nam
1964 5329 2086 5368 eum
2119 5321 2312 5367 venter

735 5383 908 5439 semel
932 5384 983 5436 in
1018 5383 1353 5437 hebdomada
1379 5383 1697 5436 alimentum
1722 5384 1970 5451 accipiat.
2004 5385 2163 5451 idque
2191 5384 2308 5436 exi-

738 5471 926 5522 guum,
951 5463 1212 5521 quantum
1241 5461 1324 5506 est
1345 5454 1653 5507 divinorum
1690 5464 2156 5507 sacramentorum
2189 5469 2310 5522 par-

743 5525 1006 5589 ticipatio,
1027 5524 1700 5577 dorsoconcedit'utfacile
1727 5523 2052 5577 inﬂectalur.
2091 5543 2108 5573 ι
2157 5523 2310 5577 Unde

740 5594 1036 5658 colligitur,
1065 5609 1188 5647 eum
1219 5593 1449 5662 singulis
1476 5595 1830 5647 hebdomadis
1859 5594 2075 5647 solitum
2107 5593 2312 5646 Christi

743 5680 945 5732 corpus
977 5665 1272 5732 percipere.
1303 5664 1437 5717 Nam
1470 5665 1510 5717 si
1542 5665 1608 5717 de
1635 5664 1741 5717 alio
1770 5664 1890 5716 cibo
1917 5673 2101 5732 ageret
2135 5662 2316 5717 Theo-

743 5736 994 5797 ἀοι-ειυς,
1025 5733 1358 5805 secumipse
1405 5747 1686 5805 pugnaret.
1727 5734 1819 5801 qui
1850 5743 1976 5787 ante
2012 5735 2315 5801 scripserit,

745 5820 872 5859 cum
919 5804 1334 5872 quadragesimo
1380 5804 1552 5858 solum
1603 5805 1692 5858 die
1729 5805 1850 5856 ciho
1894 5805 2039 5858 relici
2085 5819 2316 5855 Ctms‘tte-

750 5877 916 5930 νὶεηρ.
963 5876 1182 5930 Narseus
1228 5886 1374 5930 certe
1423 5876 1523 5929 sibi
1573 5875 1914 5940 contradirit,
1959 5874 2085 5928 dum
2144 5876 2318 5942 primo

2331 4626 2384 4684 D

2388 3402 2661 3468 διηγεῖται
2713 3401 2810 3452 σὺν
2853 3398 3129 3468 ἀκριϐείᾳ.
3176 3394 3416 3448 Ἐκείθέν
3462 3410 3520 3444 τε
3579 3391 3712 3461 πρὸς
3741 3389 3841 3458 τὴν
3870 3406 3988 3440 πα-

2388 3493 2544 3562 τρίόα
2583 3493 2865 3554 ἐπάνεισι,
2911 3488 3092 3559 κῆρυξ
3143 3487 3252 3541 τῶν
3277 3483 3574 3555 ὑπερφυῶν
3625 3482 3720 3535 τοῦ
3783 3480 3988 3549 ἀνδρὸς

2389 3579 2568 3633 ἄθλων
2595 3578 3002 3647 λαμπρότατος.

2470 3669 2589 3740 μετ’.
2625 3671 2751 3732 Τοὶος
2795 3670 2894 3738 μὲν
2926 3668 3108 3730 ἄλλοις
3135 3667 3246 3721 τῶν
3276 3666 3460 3720 καλῶν
3493 3665 3823 3732 ἀγωνισταῖς
3879 3679 3995 3714 περ

2400 3761 2561 3833 ρίοδοί
2617 3779 2759 3823 τινες
2825 3761 3049 3830 ἡμερῶν
3111 3761 3207 3813 καὶ
3263 3757 3599 3826 προθεσμίαι
3650 3754 3866 3806 ἀνέσεσι
3902 3753 3997 3804 δε-

2399 3854 2637 3918 ξιοῦνται
2681 3856 2804 3915 τοὺς
2839 3854 3069 3914 πόνουςο
3105 3851 3183 3920 τῷ
3212 3851 3268 3903 δὲ
3312 3851 3414 3917 τῆς
3470 3847 3727 3916 συνεχοῦς
3765 3847 3993 3913 ἐκείνης

2398 3945 2692 4016 καρτερίας
2726 3945 3033 4005 ἀνάπαυσις
3068 3939 3135 4011 ἢν
3166 3945 3198 4010 ὴ
3235 3941 3371 4008 πρὸς
3423 3941 3644 4006 ἑτέρους
3677 3937 3782 3988 τῶν
3809 3937 4000 3987 πόνων

2405 4037 2695 4107 μεταϐολή.
2749 4036 2906 4088 Ἐδυε
2973 4036 3069 4105 μὲν
3131 4034 3238 4102 γὰρ
3289 4033 3316 4084 ὁ
3357 4032 3529 4102 ἥλιος,
3564 4035 3589 4083 ὁ
3620 4031 3674 4083 δὲ
3708 4031 3842 4100 πρὸς
3898 4030 4002 4082 τὸν

2403 4127 2592 4194 νοητὸν
2621 4127 2714 4178 καὶ
2746 4126 2936 4178 ἄδυτον
2977 4124 3166 4176 ’Ἥλιον
3195 4123 3294 4185 τὰς
3325 4125 3515 4191 χεῖρας
3549 4121 3753 4190 ἀνέχων
3782 4120 4002 4172 παννύ-

2404 4238 2520 4289 χιον
2551 4219 2771 4288 ἕστηκε,
2803 4217 2926 4271 οὔτε
2968 4217 3122 4286 ὕπνῳ
3169 4216 3520 4284 θελγόμενος,
3558 4215 3681 4266 οὗτε
3733 4213 3877 4281 δκ-ιῳ
3909 4232 4002 4263 νι-

2403 4310 2667 4379 κώμενος,
2699 4310 2806 4371 ἕως
2839 4310 2904 4362 ἂν
2933 4302 3088 4370 οὗτος
3124 4311 3202 4370 εἰς
3242 4308 3330 4360 τὸν
3376 4305 3510 4376 ἑῷον
3543 4305 3696 4366 αὖθις
3731 4305 4002 4371 ὁρίζοντα

2405 4403 2632 4469 γένοιτο,
2672 4401 2766 4455 καὶ
2791 4399 2850 4452 τὸ
2888 4399 2986 4467 τῆς
3031 4400 3224 4462 νυκτὸς
3257 4397 3582 4468 σκυθρωπὸν
3611 4396 3689 4465 τῷ
3722 4398 3819 4463 τῆς
3847 4397 4004 4462 ήμέ-

2410 4511 2503 4562 ρας
2531 4491 2802 4544 διαλύσειε
2849 4491 3182 4562 μειδιάματι.
3246 4485 3377 4542 Εἶτα
3411 4490 3502 4542 τὸν
3565 4490 3753 4555 ἀγῶνα
3800 4486 4006 4538 τοῦτον

2407 4586 2592 4656 ἕτεραι
2644 4586 2803 4637 πάλιν
2861 4586 3145 4653 ἀσκήσεις,
3191 4583 3283 4634 καὶ
3334 4582 3558 4652 πράξεις
3611 4581 3816 4650 ἕτεραι,
3903 4583 4011 4632 καὶ

2417 4675 2734 4747 προσευχῶν
2791 4676 2963 4730 ἄλλων
3015 4676 3205 4744 τρόποι
3262 4672 3441 4741 πολλῴ
3502 4671 3789 4741 βαρύτεροι
3824 4670 4010 4724 διεδέ-

2416 4785 2590 4838 χοντο.

2493 4861 2598 4930 μζ⁸.
2649 4859 2806 4912 Οὕτω
2856 4861 3036 4912 τοίνυν
3077 4860 3171 4910 καὶ
3224 4861 3280 4909 ὲν
3335 4855 3610 4917 τοσούτοις
3674 4855 3854 4916 πόνοις
3905 4856 4014 4908 καὶ

2418 4952 2856 5023 κατορθωμάτων
2895 4951 3046 5020 ὄγκῳ
3073 4953 3166 5003 καὶ
3203 4949 3398 5020 πλήθει
3433 4947 3732 5016 θαυμάτων
3755 4948 3854 5015 τὴν
3893 4947 4015 4998 τῶν

2418 5045 2628 5118 ἀρετῶν
2674 5045 2921 5115 κορυφὴν
2979 5041 3504 5113 ὑπεραναόεϐηκὼς,
3558 5041 3654 5092 καὶ
3711 5036 3892 5105 πολλῴ
3927 5038 4017 5105 τῷ

2425 5140 2573 5209 μέσῳ
2625 5138 2836 5200 πάντας
2865 5133 3191 5206 ἀνθρώπους
3227 5131 3604 5205 παρενεγκὼν,
3635 5130 3809 5192 οὕτως
3839 5125 3911 5200 ἦν
3947 5131 4018 5182 τὸ

2419 5311 2639 5367 nonnisi
2670 5309 3088 5380 quadragesimo
3125 5308 3234 5372 die,
3263 5317 3450 5377 postea
3476 5305 3659 5380 semel
3693 5304 3745 5356 in
3792 5303 4016 5380 hebdo-

2421 5384 2579 5436 mada
2625 5374 2806 5434 cibum
2854 5374 3070 5433 sumere
3111 5374 3330 5431 solitum
3381 5377 3593 5431 scribit.
3648 5377 3794 5427 It‘cm
3843 5374 4020 5428 habet

2423 5455 2735 5521 Alphonsus
2772 5450 3020 5518 Villegas.

2478 5514 2587 5589 ('41)
2631 5514 3008 5575 Theodoreius
3036 5517 3277 5584 Herveti,
3313 5517 3377 5570 ab
3405 5516 3694 5577 Arabena;
3728 5514 3932 5584 Longi,
3980 5535 4016 5568 ιι

2410 5592 2694 5645 Ii/iamene.

2486 5664 2596 5729 (Η)
2639 5661 2872 5732 Υίιιεςοε
2895 5668 2952 5716 et
2986 5660 3183 5714 Ribad.
3213 5658 3504 5732 cilicinam.

2489 5724 2600 5800 (ιδ)
2643 5724 3021 5787 Τὴεόιὶονοιης
3050 5733 3165 5786 hrcc
3184 5746 3303 5784 eum
3334 5729 3490 5782 festis
3518 5727 3759 5781 factitare
3781 5724 4019 5780 solitum

2421 5805 2626 5857 strihit.
