4128 6488
127 394 211 457 397

1406 397 1585 457 VlTA
1618 396 1676 455 S.
1717 395 2056 458 LUCIANI.

3258 408 3373 474 398

127 510 309 561 ratione
332 507 681 562 interfectum
713 522 851 563 esse.
877 508 1038 575 Nam,
1065 519 1122 563 ut
1151 510 1315 564 etiam
1348 508 1601 565 Petavius
1624 522 1678 566 et
1712 526 1759 585 Α
1788 512 1904 565 haec
1953 511 2167 579 adjecta
2218 516 2366 574 δυηι»
2396 518 2450 565 ει
2490 510 2708 580 quidem
2752 511 2832 579 (ιΙι
2883 511 3117 585 Viden")
3153 510 3369 578 ίιθιίηυο

127 600 362 655 Batonius
414 600 678 666 fatentur,
732 601 1010 657 Maximini
1064 602 1217 672 jussu
1269 606 1501 659 conlirta
1559 616 1687 658 Sttltl

127 694 351 761 probrosa
392 694 475 745 i:la
510 694 664 747 Pilati
689 697 820 748 Acta
863 713 875 748 :
910 706 966 748 at
996 699 1085 766 qui
1118 713 1176 752 ea
1214 697 1488 763 refutavit,
1522 712 1577 752 ιιι
1608 700 1688 753 itt-

128 785 189 837 fra
214 800 270 838 ex
297 784 512 839 tiamne
548 788 815 852 dicemus,
852 786 909 842 S.
948 789 1253 855 Lucianus;
1286 806 1415 861 ergo
1435 806 1538 844 non
1569 802 1689 845 erat

128 885 441 928 antenovatn
479 877 622 929 illam
666 880 914 932 obortam
959 897 986 933 a
1032 880 1324 935 Maximino
1349 885 1686 952 perseeutio-

128 981 222 1017 neiu
246 966 486 1020 sublatus
531 984 560 1021 e
608 971 805 1023 medio.
845 970 899 1023 Id
925 986 1305 1041 argumentum
1341 977 1430 1043 qui
1457 975 1683 1029 Convelli

126 1058 284 1125 possit,
341 1072 449 1109 non
513 1057 720 1124 video;
762 1061 866 1113 nisi
928 1060 1067 1117 forte
1120 1064 1349 1130 cuipiam
1400 1068 1583 1119 veniat
1631 1067 1683 1117 in

128 1162 347 1212 tuentem,
382 1152 496 1203 haec
544 1166 572 1202 a
614 1151 833 1206 Hul'lino
895 1170 1018 1209 esse
1076 1159 1347 1219 conlicta,
1390 1159 1502 1212 sive
1550 1176 1682 1228 sup-

127 1241 289 1307 posita.
323 1243 435 1307 Qua
484 1245 695 1297 ratione
745 1247 1009 1314 quidlibet
1053 1249 1234 1319 negari
1277 1251 1493 1318 poterit.
1522 1250 1681 1305 Nice-

126 1336 297 1399 phorus
321 1350 539 1402 quoque
584 1334 731 1390 Hist.
764 1334 965 1392 Eccles.
1000 1340 1091 1393 lih.
1124 1356 1217 1402 vn,
1254 1356 1302 1395 c.
1336 1342 1428 1405 27,
1480 1344 1683 1398 diserte

129 1428 214 1475 Ire:
235 1427 325 1478 sub
356 1426 652 1481 Maximino
680 1440 831 1497 gesta
865 1431 1057 1495 tradit;
1098 1431 1225 1485 licet
1251 1448 1371 1499 cap.
1408 1432 1495 1498 16,
1521 1433 1681 1488 Euse-

129 1514 246 1565 L-ium
282 1529 526 1579 secutus,
563 1536 685 1572 cum
725 1522 962 1575 illustres
987 1532 1256 1593 martyres
1278 1524 1595 1577 Diocletiani
1628 1536 1681 1579 et

129 1605 406 1661 Maximiani
434 1614 815 1675 persecutione
839 1615 1048 1667 occisos
1072 1626 1317 1670 recenset
1356 1615 1677 1685 Lueiantnn,

127 1719 306 1771 quoque
334 1707 397 1758 iis
425 1708 818 1761 adnumerarit.

181 1794 256 1846 il.
284 1796 350 1846 At
377 1798 443 1850 de
480 1797 563 1849 his
597 1800 749 1851 satis.
790 1800 968 1869 Agunt
996 1802 1060 1853 de
1091 1801 1148 1854 S.
1182 1801 1443 1866 aniano,
1485 1813 1679 1871 prmter

1798 600 1896 654 llic
1928 615 2091 669 porro
2126 602 2371 669 quisquis
2403 602 2618 655 demum
2652 604 2745 666 sit,
2778 605 2848 656 ita
2885 606 3075 660 scribit
3106 602 3197 662 lib.
3233 624 3271 665 tt
3316 613 3369 667 in

1793 691 1893 746 Joh
1935 694 2077 745 circa
2132 694 2364 746 medium
2403 712 2416 746 :
2453 712 2473 745 ι
2512 694 2584 747 lta
2613 708 3024 753 consummatus
3056 709 3140 756 est
3184 702 3374 759 beatus

1793 794 1957 852 atque
2020 784 2291 851 gloriosus
2331 786 2633 848 anianus,
2676 788 2886 843 luridus
2922 792 3287 855 vita,lucidus
3320 804 3373 849 ιιι

1794 877 1914 939 title,
1951 877 2161 929 lucidus
2202 877 2364 930 etiam
2399 881 2700 933 tolerantia:
2745 883 3235 940 consummatione.
3290 886 3373 942 0b

1792 968 1892 1021 hoc
1925 970 2066 1021 enim
2104 968 2376 1021 LurianUs
2429 972 2843 1039 cognominatus
2868 986 2970 1038 est,
3002 984 3257 1045 tanquam
3289 969 3374 1030 lu-

1791 1062 1964 1125 cidus,
2024 1073 2117 1113 aut
2176 1061 2397 1130 proprio
2456 1061 2655 1115 lumine
2708 1063 2810 1117 sibi
2847 1064 3079 1135 fulgens,
3113 1078 3207 1120 aut
3247 1064 3371 1126 aliis

1790 1154 1993 1211 lucens.
2032 1156 2127 1210 llic
2163 1172 2396 1226 namque
2430 1157 2623 1212 beatus
2656 1159 2939 1216 duodecim
2971 1163 3164 1219 diebus
3206 1183 3370 1237 supra

1790 1257 1956 1302 testas
1987 1250 2213 1318 pollinas
2244 1262 2525 1313 extensus,
2566 1254 2722 1306 tertia
2766 1254 2975 1308 decima
3013 1258 3098 1312 die
3126 1268 3211 1315 est
3237 1262 3370 1314 eon-

1787 1351 2107 1395 summatus.
2180 1360 2197 1391 ι
2267 1343 2404 1407 Quid
2469 1345 2578 1397 sint
2637 1355 2788 1400 testte
2838 1348 3075 1416 pollinae,
3138 1367 3224 1405 me
3291 1352 3372 1407 la-

1786 1440 1882 1485 tet.
1937 1433 2200 1487 Batonius
2267 1434 2425 1487 habet
2459 1444 2626 1493 testas
2657 1441 2877 1506 multas,
2923 1443 3088 1497 veluti
3122 1444 3370 1515 ὄστρακα

1787 1524 1958 1577 πολλὰ
1983 1528 2246 1595 scriptum
2279 1539 2420 1583 esset
2453 1533 2520 1583 ab
2550 1543 2795 1588 auctore.
2843 1534 2985 1601 Quid
3030 1538 3074 1592 si
3103 1548 3366 1597 testatum

1785 1618 2013 1685 pollincs
2070 1622 2513 1691 interpretemur,
2550 1626 2665 1680 sive
2698 1634 2871 1684 testas
2929 1630 3145 1700 pollinis
3196 1636 3368 1691 instar

1784 1713 2143 1766 comminutas
2176 1714 2199 1767 ?

1861 1805 1948 1858 ιε,
2007 1803 2315 1862 S.Luciani
2371 1810 2422 1864 in
2476 1811 2706 1869 Galliam
2763 1804 3058 1876 translatas
3089 1835 3211 1878 esse
3238 1812 3371 1878 reii-

127 1883 298 1937 citatos
330 1884 693 1954 citattdosque
741 1888 793 1941 in
852 1888 1029 1954 Notis,
1083 1890 1404 1947 Vincentius
1459 1892 1675 1949 Belvac.
1714 1920 1753 1974 Β
1784 1897 1964 1966 quias,
2020 1907 2251 1954 testatur
2314 1902 2366 1956 in
2413 1903 2762 1978 Martyrolog.
2812 1909 3092 1969 Gallicano
3119 1916 3369 1971 Andreas

127 1974 200 2027 iill.
228 1992 337 2037 xm.
368 1992 489 2044 cap.
525 1979 592 2032 t3
616 1990 669 2033 et
713 1980 776 2034 14
818 1999 833 2044 ;
865 1981 1058 2037 Petrus
1092 1986 1158 2038 de
1189 1985 1683 2058 Natal.,corrigen-

128 2068 205 2117 ilus
228 2077 419 2132 tamen,
451 2068 579 2122 dum
607 2072 709 2124 sub
739 2072 1063 2126 Maximiano
1088 2091 1304 2143 passum
1333 2078 1683 2132 scribit-tem-

129 2172 231 2224 pore
266 2160 493 2214 Autberi
526 2177 676 2229 papa-
716 2163 798 2233 (S.
864 2167 1140 2223 Antherns
1199 2172 1298 2221 sub
1337 2168 1481 2225 Julio
1510 2170 1683 2224 Maxi-

129 2250 245 2301 mino
270 2266 355 2303 an.
394 2252 503 2306 326
548 2256 762 2309 occisus
806 2268 919 2319 est,
956 2269 1012 2310 ut
1053 2260 1086 2313 3
1120 2258 1241 2313 Jan.
1276 2263 1531 2331 diximus)
1563 2279 1577 2326 ;
1618 2263 1675 2317 S.

127 2334 361 2395 Lucianus
388 2346 492 2398 sub
512 2344 729 2402 Galerio
759 2349 1049 2405 Maximino
1072 2370 1159 2405 an.
1195 2354 1322 2414 3l2.
1346 2372 1466 2407 cum
1493 2354 1677 2410 Roma:

128 2433 310 2487 sederet
342 2434 399 2491 S.
476 2438 826 2505 Melchiades,
865 2445 931 2497 de
960 2462 1066 2513 quo
1102 2446 1168 2499 10
1200 2447 1452 2500 Decemb.
1485 2446 1676 2503 Memi-

128 2525 189 2577 nit
232 2526 450 2583 Luciani
510 2532 784 2587 Marianos
843 2534 1108 2592 Vielorius
1140 2540 1364 2595 scltoliis
1400 2542 1451 2595 itt
1514 2544 1672 2612 epist.

129 2616 206 2671 107
254 2617 306 2673 S.
365 2620 706 2693 Hieronymi,
742 2625 1027 2682 Cornelius
1059 2628 1304 2699 Grasius,
1370 2645 1500 2689 tom.
1533 2634 1572 2698 Ι,
1611 2636 1677 2691 de

130 2708 237 2761 \‘itis
260 2708 354 2765 SS.
385 2715 529 2766 Acta
570 2714 685 2779 ejus
735 2716 948 2785 Belgice
986 2722 1156 2775 edidit
1191 2722 1503 2777 lleribertus
1565 2725 1677 2780 lio-

131 2802 329 2855 twcitlus
371 2815 601 2868 noster;
636 2806 821 2860 llaiit’e
857 2810 1135 2877 aliquanto
1158 2817 1426 2881 copiosius
1456 2815 1675 2872 Gabriel

128 2889 361 2961 l’éamma;
420 2897 631 2951 Gallice
674 2900 913 2955 Renatus
952 2903 1275 2961 Benedictus
1296 2923 1553 2978 perquam
1585 2927 1674 2966 ac-

126 2996 298 3038 curate.
328 2987 458 3055 Ejus
494 2992 732 3059 denique
787 2995 1033 3049 meminit
1080 3009 1272 3052 auctor
1325 2999 1672 3057 Coaunenta-

129 3076 297 3129 riorum
327 3082 378 3132 in
408 3081 553 3145 Job,
611 3100 731 3152 qua:
783 3084 1001 3157 Origeni
1032 3091 1371 3160 tribuuntur;
1425 3096 1549 3151 licet
1588 3099 1672 3153 vel

128 3164 225 3221 inde
266 3183 445 3237 pateat
506 3174 655 3228 illius
701 3192 806 3231 non
855 3194 997 3243 esse,
1030 3182 1227 3249 quippe
1256 3184 1349 3252 qui
1407 3187 1496 3239 diu
1544 3199 1671 3243 ante

1790 1990 2121 2060 Saussayus,
2159 1992 2233 2045 ita
2280 1995 2574 2051 scribens:
2619 2017 2638 2050 ι
2680 1998 2890 2057 Natalis
2931 2004 3109 2060 sancti
3137 2004 3366 2061 Luciani

1787 2084 2107 2137 Antiocheui
2164 2088 2465 2157 presbyteri
2514 2099 2569 2144 et
2598 2094 2883 2164 martyris.
2913 2096 3188 2163 doctrina,
3245 2099 3359 2155 elot-

1785 2175 2004 2244 quentia
2040 2185 2094 2229 et
2146 2181 2433 2235 sanctitate
2461 2180 2772 2252 clarissimi,
2806 2186 3247 2257 quiNicomedite
3263 2192 3365 2248 sub

1784 2266 2079 2322 Maximino
2103 2268 2324 2325 Caesare
2368 2275 2435 2327 ob
2464 2275 2670 2331 Christi
2710 2279 3115 2337 confessionem
3147 2298 3361 2354 passus.

1780 2370 1834 2415 et
1863 2361 1914 2414 in
1955 2372 2187 2430 quatuor
2215 2373 2400 2432 partes
2440 2366 2709 2424 dissectus
2742 2380 2826 2425 est
2859 2390 2873 2425 ε
2903 2373 3102 2443 quibus
3131 2366 3363 2445 singulis

1781 2453 2051 2522 lapidibus
2095 2457 2334 2527 alligatis
2360 2498 2375 2522 ,
2407 2468 2460 2514 et
2492 2461 2545 2513 in
2574 2476 2724 2517 mare
2773 2463 3063 2535 demersis,
3100 2461 3364 2537 postridie

1782 2546 1835 2599 in
1871 2546 2183 2619 llelenopoli
2213 2550 2479 2622 Bithynia:
2514 2554 2781 2624 integrum
2833 2573 3030 2628 corpus
3073 2576 3199 2616 cum
3234 2564 3363 2632 ipsis

1781 2638 2050 2707 lapidibus
2101 2642 2377 2696 inventum
2420 2654 2531 2710 est,
2594 2647 2938 2719 lideliumque
2985 2666 3197 2708 summa
3239 2672 3361 2711 cum

1778 2733 2130 2787 veneratione
2176 2736 2467 2805 sepultum.
2507 2741 2575 2792 At
2602 2740 2850 2798 decursis
2878 2745 3085 2815 aliquot
3108 2748 3231 2804 inde
3254 2765 3362 2805 sa:-

1777 2823 1915 2878 culis
1951 2825 1999 2877 id
2040 2840 2104 2878 ex
2127 2824 2351 2880 Oriente
2379 2842 2690 2899 susceptum
2716 2832 2945 2889 Carolus
2972 2835 3202 2907 Magnus
3228 2843 3363 2897 Are-

1776 2915 1942 2968 latum
1968 2916 2180 2980 detulit,
2206 2919 2579 2990 aedilicataque
2620 2925 2671 2977 in
2713 2926 2831 2995 ejus
2849 2929 3111 2983 honorem
3129 2931 3361 2989 ecclesia

1777 3006 1887 3060 illic
1950 3008 2251 3066 honoriﬁce
2294 3015 2597 3069 recondidit
2651 3033 2750 3087 per
2817 3017 3115 3090 Turpinuu.
3172 3026 3362 3080 archi-

1775 3104 2087 3173 episcopum
2141 3104 2462 3164 Remensem
2523 3131 2537 3167 :
2571 3128 2676 3181 qua
2706 3131 2768 3170 ex
2806 3133 2865 3171 re
2927 3119 3130 3175 Arelati
3165 3120 3359 3177 festiva

1776 3194 1938 3248 hodie
1977 3198 2112 3253 tanti
2174 3204 2429 3273 martyris
2462 3219 2528 3259 ex
2562 3208 2709 3264 avito
2742 3224 2897 3267 more
2925 3212 3124 3270 colitur
3153 3231 3361 3273 mento-

131 3252 389 3317 Luciauum
423 3267 669 3322 obierit:
723 3280 819 3324 aut
875 3285 1023 3329 certe
1049 3289 1079 3329 a
1140 3276 1361 3332 librario
1413 3282 1668 3350 quapiam
1699 3283 1742 3340 ο
1782 3288 1881 3342 ria.
1924 3308 1943 3341 ι

1114 3633 1360 3721 ΒΙοΣ
1440 3640 1633 3723 ΚΑΙ
1709 3646 2349 3739 ΜΑΡΤΥΡΙΟΝ
2908 3598 2911 3601 ἡ

176 3817 454 3935 ΤΟΥ
513 3822 985 3944 ΑΓΙΟΥ
1076 3834 2238 3965 ΙΕΡΟΜΑΡΤΥΡΟΣ
2325 3848 3270 3978 ΛΟΥΚΙΑΝΟΥ.

1287 4210 1479 4287 νιΤΑ
1524 4228 1630 4289 ET
1672 4226 2163 4296 MARTYRIUM

665 4396 1458 4497 SACBOSANCTI
1538 4411 2152 4509 MARTYRIS
2222 4423 2769 4519 LUCIANI.

666 4665 853 4731 (Grues
878 4670 1231 4735 descripsimus
1250 4685 1312 4724 ex
1335 4687 1428 4725 ms.
1453 4674 1625 4727 codice
1646 4675 1945 4732 Coisliniano
1964 4695 2014 4734 ιι.
2042 4684 2152 4748 ΗΒ,
2171 4686 2343 4738 seculi
2384 4703 2434 4741 ι.
2467 4689 2605 4741 Em.
2628 4692 2805 4755 Pan.)

1671 4866 1736 4878 ..-

1564 4997 1794 5057 CAPUT
1821 4996 1861 5058 l.

1177 5126 1236 5182 ις.
1267 5128 1494 5185 Luciani
1521 5135 1714 5201 patria,
1741 5138 1979 5203 virtutes,
2011 5140 2255 5193 eruditio.

175 5248 229 5303 α’.
262 5252 555 5319 Σαμόσατα
586 5252 746 5317 πόλις
783 5255 884 5325 τῆς
928 5258 1129 5330 Συρίας
1172 5262 1343 5328 ἐστὶν,
1380 5265 1668 5337 Εὐφράτης

1847 5267 2128 5326 Samosata
2159 5273 2337 5342 (t)est
2362 5274 2555 5331 civitas
2597 5274 2790 5349 Syriae,
2833 5297 2996 5350 quam
3026 5286 3341 5353 praeterﬂuit

119 5344 165 5409 τῇ
188 5344 319 5397 πόλει
347 5348 660 5417 παραρρεῖ,
690 5352 887 5417 πατρὶς
906 5352 939 5420 ἡ
966 5351 1119 5416 πόλις
1142 5355 1460 5409 Λουκιανοῦ.
1493 5352 1663 5423 Οὗτος

121 5432 199 5483 risv
230 5432 283 5490 εὖ
304 5440 616 5505 γεγονότων
672 5440 833 5509 ἀνὴρ,
869 5442 942 5504 ὡς
969 5444 997 5495 ὁ
1031 5447 1158 5515 περὶ
1194 5447 1362 5501 αὐτοῦ
1394 5450 1550 5518 λόγος
1576 5453 1656 5505 δι-

120 5522 251 5588 δὰξει.
272 5530 308 5581 Γ
310 5534 605 5602 εννήτορες
644 5530 963 5599 Χριστιανοὶ
984 5535 1061 5605 τῷ
1087 5537 1240 5607 ἀνδρί
1265 5557 1278 5569 ·
1313 5543 1514 5613 σπουδὴ
1546 5546 1658 5607 τοῖς

121 5620 390 5691 γεννήτορσι
426 5622 747 5678 Λουκιανὸν
773 5624 838 5677 ἐκ
874 5625 1103 5698 πρώτης
1148 5630 1335 5699 τριχὸς
1369 5635 1436 5703 τῇ
1468 5633 1651 5688 θεοσε-

182 5771 241 5836 (ιι
293 5776 582 5835 Samosata
614 5781 687 5834 ad
720 5783 964 5838 dextram
1025 5788 1195 5859 ripam
1241 5789 1552 5859 Euphratis,
1582 5793 1669 5848 ubi

127 5832 191 5894 hic
211 5832 351 5913 ponte
382 5832 603 5921 lapideo
618 5832 626 5833 ί
643 5832 865 5908 strati;
882 5832 1038 5923 ὲῖὸιξ
1058 5832 1658 5932 ἰῖἶξυιῖἰὲέὲἔιὶέἐῇἐὲἓ

1773 5362 2097 5431 Euphrates.
2133 5365 2208 5419 Ea
2262 5368 2452 5422 civitas
2488 5368 2588 5424 fuit
2611 5374 2782 5438 patria
2818 5373 3063 5444 Luciani,
3118 5379 3207 5436 ubi
3239 5380 3343 5437 fuit

1771 5454 1998 5511 honesto
2020 5455 2138 5511 loco
2162 5467 2341 5523 natus,
2372 5472 2430 5514 ut
2460 5461 2571 5517 haec
2603 5465 2818 5518 docebit
2847 5483 2987 5536 quae,
3023 5472 3089 5526 de
3127 5488 3194 5527 eo
3228 5484 3334 5529 tra-

1767 5547 1957 5613 ctabit,
1987 5550 2178 5604 oratio.
2212 5548 2473 5609 Parentes
2516 5556 2632 5621 ejus
2658 5566 2814 5613 erant
2864 5558 3181 5619 Christiani.
3219 5564 3339 5622 Ma—

1763 5654 1927 5708 gnum
1965 5650 2143 5695 autem
2177 5645 2415 5700 studium
2448 5647 2549 5701 l'uit
2576 5650 2912 5718 parentibus,
2949 5665 3005 5707 ut
3034 5653 3333 5713 Lucianum

1779 5795 2075 5889 provincia.
2112 5798 2469 5889 Mepologittm
2508 5803 2672 5862 habet
2722 5819 2789 5864 ex
2838 5806 3124 5869 Antiochia
3162 5811 3339 5889 Syria

1768 5877 1947 5923 ortum
1981 5868 2149 5927 fuisse
2176 5872 2235 5928 ὃ.
2266 5868 2586 5931 Lucianutu.
