4128 6488
735 394 840 455 399
1934 392 2215 453 MENSIS
2265 391 2399 450 JAN
2419 391 2730 454 llARiL’S.
3902 393 4002 455 400

736 510 804 561 ab
833 507 1051 562 ineunte
1078 511 1236 558 aetate
1291 501 1344 555 in
1385 501 1648 571 religione
1679 513 1732 556 et
1754 517 1879 572 erga
1910 501 2077 556 Deum
2117 501 2281 571 pietat

2384 500 2541 570 _6:£;
2590 500 2988 571 ρυϐμίζεσοαιθ
3031 499 3124 551 καὶ
3175 500 3603 570 τελευτήσαντες
3656 504 3822 570 deum
3880 511 3999 557 νέοι

739 601 1098 654 instituerent.
1159 594 1331 650 Ambo
1372 610 1500 649 vero
1545 610 1572 649 e
1631 596 1763 650 vivis
1795 595 2145 654 excedentes.
2189 611 2281 650 cur

2419 594 2581 646 αὑτὸν
2630 592 3055 646 καταλείπουσιν
3107 593 3227 654 ἔτος
3275 611 3374 646 που
3428 595 3732 647 δωδέκατον
3779 599 4002 662 ἄγοντα.

739 694 1046 760 relinquunt
1093 704 1317 757 puerum
1357 688 1640 744 duodecim
1682 703 1853 743 annos
1882 699 2092 742 natum.
2129 687 2178 740 is
2212 703 2279 740 an

2429 685 2486 737 '0
2517 684 2574 736 δὲ
2606 685 2778 754 μόνην
2808 684 2998 755 ὥσπερ
3047 685 3394 754 παράκλησιν
3432 689 3523 737 ἐπὶ
3557 690 3623 757 τῇ
3655 687 3763 739 τῶν
3799 690 3997 752 γο.ἐυν

735 797 861 840 tem.
895 783 997 835 hac
1050 781 1163 835 sola
1209 780 1373 834 veluti
1405 778 1777 834 consolatione
1818 780 2059 842 inventa,
2089 790 2281 849 prome

2416 777 2657 846 ἀποϐολῇ
2719 779 2812 830 τὸν
2865 779 2998 830 Θεὸν
3053 776 3326 848 εὑρηκὼς,
3360 779 3446 841 εῖς
3479 795 3601 830 τινα
3655 779 3798 832 Θεῖςν
3833 798 3996 831 κατα-

710 874 992 940 jaclnram
1026 883 1312 941 parentum
1365 870 1607 940 c0nfngit
1637 871 1704 925 ad
1759 871 1998 926 divinum
2037 871 2281 940 quoddan

2415 870 2610 940 φεύγει
2645 872 2794 938 ναὸν,
2833 874 3010 925 πάντα
3040 875 3149 935 τοίς
3177 873 3496 940 πενομένοις
3519 874 3609 924 τὸν
3636 872 3864 925 πλοῦτον
3887 875 3996 925 δα-

2415 965 2766 1034 νειμάμενος,
2797 966 2891 1019 καὶ
2927 965 3080 1035 παρὰ
3115 963 3214 1035 τὴν
3242 965 3466 1034 πρώτην
3488 966 3709 1036 ἠλικίαν
3741 967 3995 1036 μακαρίῳ

731 970 1011 1038 templum,
1068 970 1323 1022 omnibus
1356 969 1468 1023 suis
1492 967 1696 1023 divitiis
1721 968 2026 1024 distributis
2056 971 2310 1040 pauperi-

730 1063 847 1125 bus,
875 1071 928 1115 et
964 1062 1015 1115 in
1049 1061 1222 1130 printa
1268 1070 1426 1117 actate
1458 1078 1580 1115 cum
1614 1060 1869 1128 Macario,
1901 1064 1992 1132 qui
2029 1061 2310 1118 habitabat

721 1156 982 1210 Edessam
1011 1154 1110 1223 (2),
1131 1163 1185 1208 et
1224 1169 1406 1209 sacros
1435 1154 1623 1209 Libros
1662 1156 2138 1223 interpretabatur,
2180 1173 2306 1211 con-

724 1261 942 1316 gressus
978 1255 1033 1299 et
1072 1256 1342 1312 versatus,
1377 1245 1640 1315 quidquid
1665 1257 1783 1301 erat
1815 1251 1869 1301 in
1896 1248 1975 1302 eis
2001 1248 2305 1317 pulcherri-

724 1357 893 1403 mum,
938 1354 1108 1409 pauco
1143 1349 1382 1406 tempore
1410 1338 1647 1408 collegit.

790 1433 845 1486 2.
873 1433 1075 1486 Etcum
1103 1431 1340 1499 primum
1360 1430 1915 1501 quidemaceessisset
1932 1433 1998 1488 ad
2029 1435 2303 1490 lavacrum

721 1525 1172 1595 regenerationis,
1202 1539 1299 1593 per
1332 1539 1526 1594 aquam
1559 1535 1611 1578 et
1645 1526 1895 1593 spiritum
1930 1538 2302 1597 regeneratus,

718 1616 1009 1672 declinavit
1043 1616 1110 1670 ad
1142 1615 1304 1669 vitam
1346 1617 1702 1668 monasticam
1737 1615 1814 1686 (3)
1858 1634 1870 1670 :
1932 1617 2127 1671 deinde
2180 1634 2300 1672 cum

717 1712 763 1765 ei
802 1711 972 1763 visum
1021 1719 1185 1772 esset,
1235 1723 1264 1761 a
1301 1708 1426 1761 vino
1453 1717 1507 1762 et
1554 1708 1913 1763 obsoniorum
1947 1726 2042 1765 esu
2079 1712 2300 1766 omnino

718 1803 1016 1864 abstinere,
1060 1801 1244 1854 statim
1305 1810 1557 1869 tanquam
1588 1815 1656 1855 ex
1691 1804 2005 1856 carceribus
2034 1805 2298 1873 depugna-

2413 1056 2519 1110 τινὶ
2553 1060 2651 1129 τὴν
2691 1058 2920 1112 Ἔδεσαν
2969 1059 3231 1122 οἰκοῦντι,
3269 1060 3363 1113 καὶ
3409 1060 3506 1124 τὰς
3563 1061 3715 1132 ἱερὰς
3762 1063 3991 1131 διερμη-

2413 1146 2621 1198 νεύοντι
2658 1146 2875 1215 βίϐλους
2915 1148 3071 1218 ἀνδρὶ
3113 1150 3534 1218 συγγενόμενος,
3585 1153 3692 1202 πᾶν
3719 1152 3745 1203 ζ
3769 1167 3814 1200 τι
3862 1152 3989 1203 κάλ.

2411 1239 2591 1291 λιστον
2642 1243 2698 1292 ἐν
2754 1239 2979 1303 ταύταις
3039 1242 3284 1312 ὑπῆρχεν
3324 1243 3382 1293 ἐν
3449 1243 3616 1311 ὀλίγῳ
3655 1245 3834 1312 χράνῳ
3871 1261 3988 1294 τιν’,-

2411 1333 2581 1401 ἐλεξε.

2482 1429 2545 1498 β’.
2589 1430 2696 1484 Καὶ
2732 1431 2924 1502 πρῶτα
2954 1430 3054 1502 μὲν
3082 1433 3158 1501 τῷ
3187 1434 3286 1502 τῆς
3324 1432 3747 1501 παλιγγενεσίας
3779 1433 3987 1503 λ”υτῴ

2407 1523 2743 1595 προσελθὼν,
2783 1525 2852 1578 δι’
2875 1523 3069 1588 ὕδατός
3100 1543 3157 1578 τε
3207 1529 3304 1578 καὶ
3338 1527 3652 1594 πνεύματος
3699 1529 3989 1595 ἀναγενιιηο

2405 1615 2540 1680 θεῖς,
2574 1619 2708 1690 πρὸς
2731 1621 2824 1671 τὸν
2855 1620 3144 1688 μοναδικὸν
3185 1620 3447 1672 ἀπέκλινε
3486 1619 3598 1689 βίον
3629 1637 3640 1647 υ
3668 1619 3860 1671 ἔπειτα
3901 1620 3984 1672 διζ-

2406 1709 2500 1774 ξαν
2540 1709 2690 1780 αὐτῷ
2718 1710 2812 1762 τοῦ
2836 1713 2981 1764 οἰνου
3010 1728 3066 1762 τε
3115 1721 3211 1763 καὶ
3245 1711 3339 1780 τῆς
3388 1711 3694 1780 ὀψοφαγία-ς
3727 1714 3806 1772 εἰς
3832 1712 3984 1771 τέλος

2402 1802 2727 1872 ἀπέχεσθαι,
2761 1804 2925 1867 εὐθὺς
2957 1804 3147 1874 ὥσπερ
3193 1805 3256 1856 ἐκ
3291 1805 3514 1874 πρώτης
3548 1805 3818 1875 γραμμῆς
3849 1806 3984 1874 πρὶς

717 1898 808 1949 bat
865 1897 1122 1948 adversus
1165 1909 1354 1949 omnes
1422 1895 1602 1948 carnis
1656 1896 1980 1964 voluptates.
2047 1897 2281 1966 Seipsuu

2404 1895 2590 1964 ἡδονὰς
2619 1897 2796 1959 πασας
2829 1897 2924 1959 τὰς
2950 1897 3051 1965 τῆς
3083 1898 3285 1968 capri;
3323 1899 3640 1968 ἀπεμάχετο
3661 1915 3672 1926 ·
3708 1899 3985 1968 νηστείαις

715 2001 893 2043 autem
928 1989 1165 2043 formans
1191 1986 1431 2057 jejuniis,
1468 2000 1526 2040 se
1555 1985 1622 2039 ad
1657 1987 1796 2041 hanc
1831 1987 2040 2042 tirman:
2095 1998 2149 2043 et
2178 2001 2290 2042 sta-

715 2083 876 2136 bilem
905 2083 1127 2135 deduxit
1153 2081 1625 2145 consuetudinem,
1667 2091 1724 2134 ut
1772 2097 1910 2135 nona
1946 2083 2076 2135 hora
2128 2083 2295 2138 semel

717 2179 768 2228 in
811 2175 900 2228 die
948 2176 1280 2228 comederct.
1341 2173 1511 2224 Erant
1546 2182 1725 2226 autem
1775 2173 1823 2226 ei
1881 2175 2042 2227 etiam
2075 2177 2295 2244 quidam

714 2271 848 2321 certi
878 2267 1086 2321 dierum
1139 2265 1398 2327 ambitus,
1451 2268 1503 2317 in
1561 2264 1756 2328 quibus
1789 2275 1898 2320 tota
1952 2267 2293 2323 hebdomada

714 2361 1063 2428 permanebat
1121 2358 1356 2427 jejunus.
1413 2357 1716 2411 Plurimum
1776 2371 1958 2414 autem
2014 2363 2136 2416 vita:
2185 2378 2296 2417 sua:

713 2463 926 2518 tempus
965 2449 1313 2518 impendebat
1345 2449 1598 2513 precibus
1630 2459 1684 2501 et
1725 2449 2000 2519 Iacrymis.
2055 2452 2098 2503 Α
2138 2466 2292 2505 scur-

713 2546 914 2599 rilitate
943 2553 997 2596 et
1022 2543 1134 2596 risu
1168 2550 1376 2595 tantum
1401 2540 1611 2604 aberat,
1639 2554 1903 2610 quantum
1925 2544 2200 2610 judicabat
2228 2560 2290 2599 ea

709 2651 831 2692 esse
864 2648 987 2688 vere
1027 2631 1276 2688 ridicula.
1327 2630 1532 2686 Contra
1575 2641 1754 2685 autem
1789 2647 1883 2686 cos
1916 2636 2007 2702 qui
2038 2633 2292 2702 lugebant

711 2725 967 2782 studebat
997 2724 1224 2787 imitari,
1281 2732 1331 2778 ct
1373 2723 1721 2777 existimabat
1751 2739 1872 2778 esse
1899 2727 2089 2794 dignos
2121 2728 2291 2782 beati-

712 2816 1007 2872 tudinibus.
1067 2815 1355 2869 Silentium
1406 2825 1587 2868 autem
1635 2816 1936 2884 amplexus,
1974 2826 2028 2870 et
2059 2819 2290 2874 assidua:

708 2912 925 2964 deditus
956 2907 1317 2973 meditationi,
1353 2907 1636 2961 videbatur
1658 2922 1872 2977 semper
1894 2909 2291 2978 cogitabundus

706 3012 760 3056 et
825 3002 1046 3056 tristitia
1115 3001 1305 3070 plenus
1354 2999 1419 3054 iis
1475 3001 1563 3070 qni
1631 3001 1696 3054 ad
1753 3016 1876 3055 eum
1937 3003 2286 3069 accedebant,

706 3094 920 3149 etiamsi
949 3093 1141 3162 spiritu
1180 3093 1230 3145 in
1266 3107 1323 3146 se
1351 3103 1613 3162 perpetuo
1643 3093 1940 3148 exsultaret
1987 3105 2039 3150 et
2071 3097 2286 3151 lauare—

2401 1986 2455 2038 δὲ
2488 1986 2675 2039 τυπῶν
2707 1988 2902 2040 ἑαυτὸν
2944 1990 3023 2052 εἰς
3057 1988 3213 2051 ἔθους
3265 1989 3441 2058 ἤγαγε
3498 1990 3659 2059 πῆξιν
3695 1991 3838 2042 κατὰ
3888 1989 3984 2058 τὴν

2401 2080 2630 2148 ὲννάτην
2657 2078 2806 2150 ὥραν
2841 2079 2988 2147 ἅπαξ
3039 2082 3140 2152 τῆς
3193 2083 3410 2154 ἡμέρας
3450 2083 3768 2148 σιτίζεσθαι.
3803 2081 3982 2135 Ἦοαιι

2397 2171 2452 2224 δὲ
2478 2173 2568 2224 καί
2604 2189 2747 2236 τινες
2777 2173 2925 2242 αὖτῷ
2973 2177 3202 2246 ἡμερῶν
3254 2178 3518 2247 περίοδοι,
3550 2179 3610 2228 ὲν
3643 2172 3730 2240 αἷς
3765 2177 3860 2230 καὶ
3888 2176 3981 2243 ὅλη

2398 2264 2584 2316 τοῦτον
2619 2261 2822 2336 εἶχενή
2854 2267 3110 2336 ἐσδομάς-
3170 2268 3275 2321 Τόν
3326 2286 3390 2337 γε
3446 2270 3553 2340 μὴν
3604 2270 3826 2322 πλείονα
3885 2269 3983 2338 τῆς

2399 2355 2544 2425 ζωῆς
2580 2359 2774 2428 χρόνον
2809 2363 3141 2430 προσευχαῖς
3189 2363 3279 2413 καὶ
3329 2360 3594 2430 δάκρυσιν
3623 2361 3818 2429 ἔνεμεν
3840 2376 3856 2388 ⁶
3891 2361 3982 2412 εὖ·

2396 2448 2694 2512 τραπε).ίας
2730 2449 2829 2518 μὲν
2883 2445 2978 2502 οὖν
3027 2451 3286 2504 τοσοῦτον
3345 2453 3538 2519 ἀπεῖχε
3584 2452 3678 2504 καὶ
3717 2451 3981 2519 γέλωτος,

2393 2539 2503 2607 ὅσῳ
2528 2538 2701 2592 ταῦτα
2735 2540 2827 2594 καὶ
2855 2541 3111 2608 γελώτων
3157 2543 3375 2612 ἀληθῶς
3409 2544 3622 2614 ἔκρινεν
3667 2544 3813 2608 ἄξια.
3845 2544 3983 2594 Τοὺ-

2395 2629 2610 2683 ναντίον
2636 2631 2694 2683 δὲ
2723 2634 2850 2693 τοὺς
2876 2632 3205 2696 πενθοῦντας
3233 2637 3324 2686 καὶ
3365 2634 3562 2704 ζηλοῦν
3595 2634 3850 2698 ἔσπευδε,
3882 2636 3981 2686 καὶ

2397 2723 2766 2793 μακαρισμῶν
2793 2723 2975 2787 ἀξίους
3023 2725 3243 2794 ἡγεῖτοο
3273 2727 3368 2794 τὴν
3399 2727 3455 2778 δὲ
3486 2727 3696 2798 σιωπὴν
3729 2727 3981 2790 ἀσπαζό-

2396 2829 2578 2880 μενος,
2611 2813 2704 2865 καὶ
2742 2816 2809 2883 τῇ
2844 2818 3063 2885 συνεχεῖ
3084 2816 3282 2886 μελέτῃ
3311 2818 3702 2887 προσκείμενος
3727 2817 3820 2870 ἐπὶ
3854 2834 3981 2870 συν-

2391 2903 2541 2966 νοίας
2557 2904 2738 2974 ὡρᾶτο
2757 2907 2861 2969 ἀεὶ,
2885 2908 2977 2959 καὶ
3001 2908 3302 2979 κατηφείας
3322 2910 3536 2980 πλήρης
3559 2913 3669 2972 τοῖς
3692 2910 3980 2979 παραϐάλο

2390 2993 2596 3056 λουσιν,
2619 2995 2667 3046 εί
2693 2997 2786 3047 καὶ
2814 2996 2889 3066 τῷ
2915 2998 3186 3068 πνεύματι
3205 2999 3292 3052 διὰ
3311 2999 3511 3062 παντὸς
3534 3001 3591 3053 ἐν
3616 3001 3791 3069 ἐαυτῷ
3808 3004 3979 3067 iga).-

2390 3085 2542 3137 λιᾶτο
2576 3086 2671 3138 καὶ
2697 3085 2940 3158 ἔχαιρεν.
2965 3090 3024 3141 Εἰ
3047 3091 3103 3142 δέ
3123 3107 3253 3143 ποτε
3280 3093 3372 3143 καὶ
3405 3092 3555 3162 ῥῆμα
3595 3091 3798 3156 δόξειεν
3823 3093 3976 3161 αὐτῷ

712 3201 813 3242 tur.
861 3186 918 3242 Si
973 3187 1192 3256 quando
1247 3196 1428 3240 autem
1482 3187 1705 3240 verbum
1759 3189 1809 3242 ei
1853 3202 1918 3243 ex
1965 3204 2061 3244 ore
2112 3191 2281 3245 visunt

2393 3177 2656 3246 προέσθαι
2687 3181 2781 3233 τοῦ
2813 3183 3105 3248 στόματος,
3150 3183 3206 3234 αί
3249 3181 3390 3234 θεῖαι
3417 3183 3629 3252 Γραφαὶ
3666 3186 3727 3235 τὸ
3772 3183 3973 3236 λαλςέ-

705 3290 851 3336 esset
872 3280 1142 3342 emittere,
1172 3279 1370 3333 divinae
1417 3277 1714 3347 Scriptura:
1758 3292 1917 3335 erant
1947 3283 1998 3335 id
2021 3286 2162 3352 quod
2200 3284 2282 3337 lo-

708 3376 997 3444 quebatur.
1025 3371 1232 3425 Tantus
1262 3372 1405 3425 enim
1433 3387 1620 3426 earum
1665 3373 1883 3426 divinus
1914 3389 2068 3427 amor
2107 3375 2281 3445 ipsum

705 3473 946 3534 ceperat,
995 3474 1054 3518 ut
1083 3465 1168 3517 vix
1200 3477 1447 3518 somnum
1483 3464 1640 3519 vellet
1668 3479 1863 3534 capere
1886 3475 2112 3534 propter
2152 3482 2283 3521 con-

707 3560 915 3613 tinuam
971 3571 1158 3610 earum
1222 3555 1651 3610 meditationem.
1697 3556 1755 3611 Si
1824 3559 2039 3626 quando
2098 3569 2280 3614 autem

702 3665 900 3719 corpus
928 3649 1145 3704 volebat
1194 3649 1462 3702 modicum
1507 3649 1869 3717 requiescere,
1917 3665 2023 3704 non
2077 3651 2281 3721 absque

703 3745 910 3797 intcnsa
936 3741 1203 3803 oratione,
1223 3754 1322 3793 nec
1340 3739 1456 3793 sine
1479 3739 1665 3794 calidis
1684 3741 1943 3810 lacrymis
1964 3751 2020 3794 et
2043 3756 2278 3809 genuum

701 3836 932 3889 ﬂexione
959 3845 1210 3888 somnum
1251 3832 1520 3885 sumebat.
1567 3828 1672 3885 Sed
1703 3831 1818 3886 haec
1868 3831 2109 3900 quidem,
2151 3832 2277 3886 dum

702 3924 962 3995 puerilem
1022 3924 1195 3977 adhuc
1260 3930 1448 3992 ageret
1509 3931 1747 3984 aetatem.
1807 3937 1836 3974 a
1883 3931 2077 3977 sancto
2133 3933 2278 3978 recte

699 4025 849 4086 gesta
883 4031 942 4070 su
956 4024 1029 4068 nt.
2279 4012 2285 4017 “

769 4109 823 4161 5.
859 4105 1149 4175 Postquam
1179 4112 1358 4158 autem
1391 4103 1457 4157 ab
1499 4118 1559 4158 ea
1587 4104 1698 4170 jam
1742 4105 1996 4166 excessit,
2027 4113 2083 4156 et
2111 4106 2277 4173 coepit

698 4210 818 4250 esse
850 4195 1445 4257 adolescens,carnem
1491 4195 1711 4263 quidem
1754 4194 1952 4248 nullatn
1993 4210 2114 4248 cum
2161 4197 2271 4262 spi-

698 4291 804 4342 iilu
837 4291 1129 4357 agitantem
1169 4287 1492 4341 seditionem
1542 4287 1774 4340 reddidit
1807 4301 1901 4353 per
1933 4289 2108 4340 sancti
2143 4286 2273 4355 Spi--

696 4383 835 4436 ritus
864 4381 1263 4450 operationem;
1295 4379 1616 4448 quibusdam
1668 4390 1846 4432 autem
1881 4394 2000 4448 quae
2045 4391 2174 4432 sunt
2203 4379 2270 4432 ad

695 4490 849 4530 esum
873 4472 1027 4526 valde
1055 4472 1236 4534 exilia,
1263 4486 1462 4540 corpus
1487 4471 1784 4531 reﬁciebat.
1814 4475 1949 4525 adeo
1982 4483 2039 4524 ut
2070 4472 2266 4526 multos

2392 3283 2554 3336 μενον
2581 3265 2650 3340 ἦν
2675 3287 2688 3300 ·
2714 3271 3100 3340 τοσοῦτοςγὰρ
3127 3273 3276 3342 αὑτῷ
3312 3272 3454 3335 θεῖος
3477 3273 3682 3325 τούτων
3706 3275 3845 3343 ἔρως
3882 3280 3902 3326 ε
3925 3298 3973 3325 δ-

2386 3358 2647 3427 έσκηψεν,
2681 3361 2755 3422 ὡς
2785 3360 2924 3430 μηδὲ
2954 3361 3124 3413 ὕπνου
3157 3362 3342 3430 σχεδὸν
3379 3362 3582 3416 ἐθέλειν
3606 3367 3670 3431 τῇ
3694 3366 3820 3434 περὶ
3844 3365 3976 3418 ταὺ-

2383 3464 2478 3511 τας
2513 3449 2755 3520 διηνεκεῖ
2798 3452 2998 3523 μελέτῃ
3049 3453 3519 3523 μεταλαμϐάνειν·
3572 3455 3624 3507 εἴ
3661 3471 3787 3508 ποτε
3823 3457 3880 3511 δὲ
3910 3458 3974 3509 τὸ

2384 3542 2542 3612 σῶμα
2575 3546 2643 3597 τὰ
2686 3547 2884 3616 μέτρια
2934 3546 3332 3600 διαναπαύσειν
3380 3547 3660 3615 ᾑϐουλετο,
3689 3550 3789 3602 οὐκ
3833 3554 3970 3604 ἄνευ

2382 3641 2692 3708 προσευχῆς
2727 3639 3003 3702 ὲκτενοῦς,
3055 3640 3179 3692 οὐδὲ
3235 3639 3364 3692 ἄνευ
3423 3640 3640 3710 Θερμῷν
3683 3641 3968 3712 δακρύων,

2383 3732 2477 3782 καὶ
2516 3731 2763 3798 γονάτων
2799 3731 3033 3794 κλίσεως
3065 3730 3234 3783 ὕπνου
3275 3735 3546 3801 μετεῖχεν.
3590 3733 3749 3787 Ἀλλὰ
3787 3735 3971 3790 ταῦτα.

2384 3822 2484 3888 μὲν
2519 3822 2745 3892 πρώτην
2775 3825 2868 3877 καὶ
2929 3824 3188 3896 παιδικὴν
3239 3825 3424 3892 ἄγοντι
3472 3827 3571 3897 τὴν
3628 3827 3845 3898 ἡλικίαν
3883 3829 3967 3898 τῷ

2381 3913 2523 3983 ἁγίῳ
2548 3914 2897 3984 κατώρθωτο.

2445 4127 2479 4176 γ
2504 4148 2520 4164 .
2570 4110 2723 4162 Ἐπεὶ
2751 4111 2807 4163 δὲ
2837 4112 2938 4181 ἤδη
2974 4111 3178 4182 ταύτην
3228 4131 3286 4165 τε
3324 4113 3590 4184 ὑπερέϐη,
3626 4118 3716 4170 καὶ
3758 4118 3840 4179 είς
3875 4136 3966 4170 νε-

2375 4201 2629 4262 ανίσκους
2651 4199 2828 4252 τελεῖν
2851 4201 3078 4270 ἡρξατο,
3119 4203 3485 4255 ἀστασίαστον
3518 4204 3615 4271 μὲν
3637 4206 3734 4272 τὴν
3768 4204 3963 4273 σάρκα

2372 4292 2448 4361 τῷ
2489 4292 2757 4361 πνεύματι
2784 4295 2847 4362 τῇ
2886 4295 3135 4365 ἐνεργείᾳ
3165 4295 3257 4347 τοῦ
3290 4296 3446 4363 ἁγίου
3468 4296 3784 4364 Πνεύματος
3808 4315 3962 4367 τιαρ-

2373 4386 2501 4452 εστή
2515 4399 2673 4435 σατο·
2700 4383 2812 4436 τισὶ
2844 4383 2902 4436 δὲ
2933 4385 3040 4437 τῶν
3092 4389 3172 4449 εὶς
3214 4387 3419 4456 βρῶσιν
3447 4386 3657 4440 λεπτῶν
3692 4389 3752 4440 τὸ
3787 4391 3962 4458 σῶμα

2374 4475 2617 4544 συνίστη,
2652 4475 2727 4536 ὡς
2749 4476 2834 4542 ἐφ’
2867 4475 3079 4539 ἱκαναῖς
3109 4478 3342 4547 ἡμέραις
3367 4480 3515 4547 ἄρτῳ
3551 4481 3699 4547 μένῳ
3746 4481 3962 4550 κεχρῆ·

695 4568 811 4621 dies
846 4564 964 4619 solo
1007 4577 1144 4633 pane
1173 4571 1506 4624 vesceretur,
1537 4573 1591 4614 et
1620 4577 1688 4615 ne
1729 4576 1866 4630 pane
1905 4563 2120 4631 quidem
2153 4563 2268 4631 plu-

2384 4567 2521 4628 σθαι,
2556 4569 2648 4621 καὶ
2708 4567 2844 4636 μηδὲ
2893 4568 3044 4638 ἄρτῳ
3079 4571 3199 4630 ταῖς
3231 4570 3494 4634 πλείοσιν,
3535 4571 3673 4625 ἀλλά
3715 4589 3824 4624 τινι
3856 4577 3961 4625 καὶ

691 4659 865 4718 ribus,
933 4656 1026 4709 sed
1075 4655 1141 4708 iis
1190 4667 1310 4722 qua}
1353 4667 1419 4706 eo
1476 4662 1631 4724 erant
1669 4653 1736 4706 ad
1792 4652 2043 4706 alendum
2098 4653 2269 4720 magis

691 4747 875 4803 exilia.
935 4747 1087 4814 Aqua
1145 4753 1322 4798 autem
1377 4755 1495 4797 erat
1555 4743 1604 4797 ei
1662 4753 1818 4811 potus
1887 4742 2262 4796 suavissimus.

690 4841 1094 4906 Nonnunquam
1136 4848 1314 4890 autem
1345 4835 1650 4889 abstinebat
1672 4837 1836 4888 etiam
1870 4834 1937 4887 ab
1959 4849 2060 4887 usu
2102 4834 2261 4903 ignis.

759 4934 814 4986 4.
849 4930 1093 4995 Cumque
1119 4927 1196 4980 sic
1227 4926 1559 4995 pervenisset
1591 4925 1657 4977 ad
1701 4939 1917 4978 omnem
1972 4926 2262 4978 humanam

688 5024 968 5084 virtutem,
1003 5020 1105 5074 fuit
1128 5019 1236 5073 cito
1267 5018 1601 5072 clarissimus
1628 5018 1868 5070 omnium
1921 5016 2004 5069 sui
2054 5027 2262 5084 tempo-

689 5120 785 5170 ris.
818 5116 1067 5182 Seipsum
1097 5126 1224 5179 ergo
1275 5109 1439 5163 tradit
1475 5109 1728 5162 Ecclesia:
1777 5107 2168 5174 Antiocheam;
2207 5119 2261 5161 et

687 5225 808 5264 cum
861 5204 1216 5275 proceSsisset
1265 5203 1331 5256 ad
1369 5201 1751 5263 sacerdotium,
1804 5201 2086 5254 constituit
2153 5200 2260 5254 illic

688 5300 984 5354 maximum
1031 5296 1213 5350 ludum
1272 5294 1593 5348 litterarium
1643 5291 1742 5364 (4),
1800 5293 1866 5347 iis
1914 5293 2006 5362 qui
2058 5291 2256 5361 ubique

757 5465 832 5534 (9)
865 5462 1065 5516 Edessa
1100 5460 1227 5514 urbs
1251 5457 1672 5526 Mesopotamiae,
1705 5457 1848 5511 haud
1903 5457 2089 5526 procul
2151 5457 2248 5511 Sa-

688 5546 926 5589 IDOSallS.

753 5607 830 5671 (5)
870 5605 941 5655 De
981 5600 1284 5665 monachis,
1331 5600 1545 5668 rituque
1593 5599 1713 5652 illos
1763 5598 2121 5671 consecrandi
2150 5613 2248 5671 _a_n-

682 5667 847 5745 tiquis
878 5675 978 5725 illis
1012 5667 1712 5745 temporibus,priusquam
1758 5667 2002 5745 eminebia
2038 5667 2250 5745 publice

680 5736 1156 5803 emistitucrcntnr,
1193 5741 1399 5793 consuli
1453 5736 1676 5808 posset,
1727 5754 1777 5792 ρ.
1837 5742 1869 5792 6
1922 5736 2251 5791 Hieran/tia:

679 5817 1043 5868 ecclesias-mm
1065 5813 1120 5862 S.
1165 5809 1422 5878 Dionysii,
1449 5822 1499 5864 et
1527 5810 1856 5863 Balthasaris
1887 5808 2248 5878 Con-deriino-

677 5886 780 5945 sui
808 5888 861 5943 in
899 5885 1031 5945 illud
1063 5877 1511 5947 Animatlvei'sio;
1547 5882 1749 5937 notatio
1785 5881 1908 5934 item
1941 5879 2085 5934 Petri
2115 5877 2245 5932 llal-

2369 4657 2560 4710 τούτου
2594 4659 2732 4726 πρὸς
2765 4660 2976 4728 τροφὴν
3006 4658 3336 4730 λεπτοτέρῳ.
3368 4661 3552 4730 ’Υόωρ
3576 4661 3629 4713 δὲ
3664 4662 3811 4729 αὖτῷ
3855 4679 3962 4714 πο-

2367 4749 2459 4801 τὸν
2487 4749 2704 4818 ἣδιστον
2727 4765 2739 4778 ’
2759 4751 2879 4802 ἐστι
2907 4751 2962 4803 δὲ
2985 4751 3075 4804 ὅτε
3108 4755 3201 4805 καὶ
3236 4751 3335 4820 τῆς
3359 4753 3452 4804 τοῦ
3487 4754 3657 4822 πυρὸς
3686 4755 3962 4822 ἀπείχετο

2368 4841 2639 4909 χρήσεως.

2433 4931 2495 4984 δ’.
2535 4931 2644 4982 Καὶ
2671 4930 2844 4994 οὕτως
2897 4933 2976 4994 εἰς
3003 4933 3151 4984 ἆπαν
3196 4932 3292 5000 τῆς
3328 4933 3448 4983 κατ’
3472 4931 3756 5000 ἄνθρωπον
3815 4939 3958 5002 ἁρε-

2363 5020 2462 5088 τῆς
2505 5022 2836 5091 ἀφικόμενος
2885 5023 2993 5075 τῶν
3055 5025 3137 5090 ἐφ’
3182 5023 3375 5075 ἑαυτοῦ
3426 5026 3659 5094 τάχιστα
3721 5025 3959 5078 πάντων

2363 5112 2604 5181 ὑπῆρξεν
2636 5115 3089 5182 ὀνομαστότατοςο
3121 5113 3198 5182 Τῇ
3237 5113 3328 5165 θῦν
3378 5115 3696 5182 Ἀντιῦχέων
3742 5117 3867 5166 ἐκκί
3883 5133 3958 5185 τε-

2363 5204 2452 5271 σία
2475 5202 2658 5272 φέρων
2684 5203 2876 5254 ἑαυτὸν
2898 5200 3134 5264 δίδωσιν,
3156 5203 3250 5254 καὶ
3269 5205 3347 5264 είς
3375 5205 3415 5254 is
3428 5204 3670 5274 ρωτυνην
3698 5203 3954 5271 προϐας,

2358 5294 2730 5348 διδασκαλεῖον
2768 5294 3025 5364 μέγιστον
3059 5296 3176 5348 ἐκεῖ
3202 5285 3592 5364 συνεστήσατο,
3625 5295 3732 5348 τῶν
3761 5299 3956 5349 ἁπαν-

2353 5459 2459 5512 Ioix
2494 5459 2662 5514 nostri
2695 5459 2748 5511 in
2782 5472 2902 5527 cap.
2937 5457 2966 5509 7
2995 5455 3128 5512 Vita:
3176 5455 3416 5522 ejusdem
3445 5453 3503 5509 S.
3542 5453 3784 5525 Dionysii
3817 5471 3848 5509 a
3879 5472 3954 5514 se

2350 5531 2775 5668 ωῢῗὸριιοιαε
2815 5595 2965 5661 olim,
3007 5596 3334 5668 praesertim
3363 5609 3530 5668 sacrae
3555 5594 3952 5660 catecheseos,

2352 5684 2380 5722 a
2433 5665 2765 5722 Christianis
2823 5667 3136 5721 doctoribus
3193 5667 3390 5733 aperiri
3444 5665 3654 5725 solitas,
3717 5679 3954 5720 conStat

2349 5754 2415 5793 ex
2474 5738 2726 5799 Eusebio,
2769 5737 3022 5799 Baronio,
3085 5737 3248 5793 Petro
3282 5733 3493 5790 Halloix
3550 5749 3586 5790 t.
3627 5735 3668 5788 ll
3701 5733 3776 5786 De
3814 5737 3954 5791 visis

2348 5811 2689 5871 scriptorum.
2724 5808 2776 5860 in
2827 5807 3106 5876 Pantano,
3165 5817 3219 5862 et
3275 5807 3364 5862 hic
3419 5822 3565 5863 num.
3606 5806 3657 5867 ί,
3709 5804 3952 5861 Macarii

2350 5878 2610 5935 Edesseui
2651 5880 2915 5948 exemplo.
