4128 6488
680 457 784 519 L07

1874 464 2161 525 MENSIS
2196 464 2667 529 JANUARIUS.

3835 454 3958 519 £08

683 574 1021 628 sertttoniltlls
1075 589 1258 627 eorum
1301 576 1513 631 animos
1536 579 1887 645 correxisset,
1920 589 1972 635 et
1996 592 2257 650 quantum
2287 638 2288 642 η

2395 582 2527 641 οἵοις
2554 581 2735 634 αὐτῶν
2760 577 3079 646 ἀνορθώσας
3106 577 3203 639 τάς
3226 576 3471 645 γνώμας,
3495 574 3587 628 καὶ
3610 576 3721 641 ὅσῳ
3742 572 3802 623 τὸ
3828 590 3957 625 κιν-

682 670 755 720 sit
806 667 1257 733 transgressionis
1300 669 1600 736 periculum
1641 672 1989 732 ostendisset,
2037 684 2090 727 et
2115 674 2255 739 quod

687 774 844 813 nemo
899 774 1107 822 eorum,
1172 760 1260 825 qui
1313 776 1466 815 suam
1522 762 1819 829 prodiderit
1875 765 1925 817 in
1979 763 2256 817 Cltristum

687 851 1109 914 confessionem,
1136 851 1357 920 eﬂ'ugiet
1400 853 1668 907 ﬂammam
1707 857 1984 923 gelienum,
2010 871 2127 924 qua:
2152 871 2258 910 non

685 952 860 1010 potest
900 944 1214 1013 exstingui;
1248 946 1391 999 ducti
1440 946 1779 1013 paenitentia,
1834 949 1901 1001 ab
1957 963 2020 1002 eo
2056 949 2258 1003 reducti

685 1046 810 1088 sunt
844 1036 897 1088 in
931 1036 1248 1091 Ecclesiam.

762 1129 849 1181 10.
908 1130 981 1182 Ex
1034 1128 1098 1182 iis
1141 1140 1340 1192 autem,
1401 1131 1491 1198 qui
1533 1131 1597 1183 ad
1651 1130 1949 1185 Lucianum
2004 1143 2265 1187 venerant

692 1222 1078 1285 Nicomediam,
1101 1233 1217 1276 erat
1238 1226 1401 1277 etiam
1430 1225 1697 1277 Antonius
1716 1227 1850 1292 (i0),
1875 1227 2261 1296 discipulorum

693 1329 912 1367 suorum
945 1316 1332 1369 dilectissimus
1376 1334 1387 1368 :
1424 1332 1552 1384 quo,
1605 1328 1887 1387 pOStquam
1938 1322 2104 1381 venit,
2135 1336 2265 1376 usus

692 1418 773 1459 est
812 1407 1063 1461 ministro
1088 1409 1153 1460 ad
1179 1408 1492 1463 scribendas
1518 1409 1793 1477 epistolas,
1822 1422 1880 1463 ut
1907 1412 2020 1479 ipse
2052 1416 2270 1482 quoque

695 1500 935 1554 ostendit
961 1500 1229 1553 anianus
1265 1501 1317 1553 in
1350 1518 1452 1554 una
1486 1503 1736 1571 epistola.
1767 1504 1842 1556 Ex
1876 1505 1940 1557 iis
1968 1515 2148 1558 autem
2177 1506 2268 1572 qui

699 1594 943 1651 aberant.
982 1602 1137 1646 erant
1168 1595 1382 1662 quidem
1442 1595 1622 1665 plures
1671 1596 1797 1659 viri,
1857 1613 1921 1651 ex
1956 1598 2270 1651 mulieribus

700 1697 877 1739 autem
912 1686 1175 1741 Eustolia.
1210 1696 1261 1739 et
1294 1686 1585 1751 Dorotltea,
1617 1698 1669 1742 el.
1705 1688 1925 1743 Severa.
1956 1690 2119 1742 Aiunt
2176 1708 2273 1743 att-

702 1789 809 1831 tem
841 1776 1111 1843 Pt-lagiam
1139 1778 1249 1847 (ll)
1285 1795 1497 1848 quoque
1532 1782 1695 1833 fuisse
1726 1795 1792 1834 ex
1825 1782 1941 1849 ejus
1972 1783 2273 1851 discipulis,

704 1886 827 1938 quae
872 1871 1173 1923 Antiochia:
1197 1870 1370 1937 Syrize
1388 1872 1551 1925 vixit:
1577 1888 1697 1941 quzc
1717 1875 1880 1927 etiam
1909 1873 2105 1927 dicitur
2133 1876 2275 1937 seip-

2360 676 2591 737 δυνῶδες
2618 674 2717 742 τῆς
2763 672 3129 741 παραϐάσεως
3168 669 3474 732 ὑποδείξας,
3532 668 3627 721 καὶ
3657 667 3733 726 ὡς
3766 664 3955 724 οὐδεὶς

2362 768 2460 837 τὴν
2487 768 2567 827 εἰς
2592 765 2829 835 Χριστὸν
2857 762 3153 832 ὁμολογίαν
3189 762 3565 832 καταπροδοὺς
3588 758 3954 822 διαδράσεται

2360 860 2460 930 τὴν
2486 860 2751 913 ἄσϐεστον
2797 858 2971 924 φλόγα
3002 859 3097 922 τῆς
3124 858 3349 923 γεέννης
3377 858 3566 914 εἰπὼν,
3599 848 3957 922 μεταγνῶναί

2364 970 2423 1005 τε
2448 951 2983 1021 παρεσκεύασεν,καὶ
3004 952 3081 1011 εἰς
3111 949 3209 1017 τὴν
3246 947 3576 1017 Ἐκκλησίαν
3593 945 3958 1012 ἐπανήγαγεν

2366 1042 2545 1107 αὖθις.

2441 1139 2487 1190 ι’.
2524 1140 2644 1190 Τῶν
2674 1139 2725 1190 δὲ
2759 1139 2837 1200 εἰς
2870 1138 2968 1202 τὴν
3002 1134 3375 1202 Νικομήδειαν
3422 1130 3501 1198 τῷ
3530 1126 3819 1193 Λουκιανῷ
3851 1128 3959 1176 επ-

2380 1229 2739 1299 εληλυθὸτων,
2772 1231 2863 1282 καὶ
2894 1230 3211 1287 Ἀντωνῖνος
3244 1223 3312 1295 ἦν
3346 1224 3453 1276 τῶν
3481 1222 3649 1275 αὑτοῦ
3681 1218 3953 1288 μαθητῶν

2370 1327 2397 1376 ὁ
2420 1325 2858 1392 ἀγαπητότατος,
2892 1325 2985 1371 καὶ
3038 1320 3272 1386 διακόνῳ
3302 1335 3361 1384 γε
3396 1315 3572 1383 τούτῳ
3606 1313 3793 1381 ἐπειδὴ
3838 1313 3955 1376 ἀψ-

2377 1417 2521 1468 ίκετο
2551 1414 2685 1483 πρὸς
2724 1414 2823 1483 τὴν
2854 1413 2962 1465 τῶν
2984 1410 3288 1464 ἐπιστολῶν
3313 1411 3583 1478 ἐχρήσατο
3614 1423 3853 1475 γρατην.
3879 1403 3962 1461 ὡς

2374 1509 2468 1559 καὶ
2498 1505 2660 1568 αὐτὸς
2684 1508 2711 1556 ὁ
2744 1504 3041 1563 Λουκιανὸς
3088 1505 3147 1553 έν
3196 1502 3295 1570 μιᾷ
3321 1499 3578 1567 ἐπιστολῇ
3600 1497 3760 1548 τοῦτο
3795 1495 3962 1562 δεδη-

2374 1599 2549 1649 λωκεν
2572 1616 2583 1626 ·
2613 1598 2721 1648 τῶν
2752 1598 2807 1648 δὲ
2844 1596 3095 1647 ἀπόντων
3126 1593 3337 1662 ἀνδρῶν
3388 1592 3485 1659 μὲν
3525 1590 3743 1649 πλείους
3789 1587 3963 1649 ἐτύγ-

2376 1694 2866 1761 χανον,γυναῖκων
2900 1689 2955 1741 δὲ
3014 1688 3304 1747 Εᾶστόλια,
3363 1686 3454 1737 καί
3513 1682 3791 1749 Δωροθέα,
3858 1678 3964 1730 καὶ

2378 1786 2680 1852 Σευουήρα.
2708 1784 2843 1851 Φησὶ
2875 1782 2927 1833 δὲ
2965 1782 3054 1832 καὶ
3096 1778 3378 1845 Πελαγίαν
3419 1777 3528 1828 τῶν
3583 1772 3748 1827 αὑτοῦ
3798 1772 3966 1838 γενέ-

2382 1873 2506 1925 σθαι
2550 1870 2892 1939 μαθητριῶν,
2916 1869 3014 1939 τὴν
3048 1872 3104 1919 ὲν
3148 1867 3449 1937 Ἀντιοχείᾳ
3481 1865 3577 1934 τῆς
3595 1864 3795 1932 Συρίας
3821 1861 3966 1929 πρὸς

703 1980 816 2015 sam
834 1979 863 2015 e
896 1972 1039 2017 teeto
1070 1964 1333 2017 altissimo
1358 1965 1637 2033 dejecisse,
1659 1981 1779 2019 cum
1805 1968 2164 2021 accessissent
2188 1969 2276 2034 qui

2395 1962 2615 2033 Ἀμανῷ
2751 1964 2866 2028 ὄρει
2902 1961 3181 2028 β;ὡσασαν
3205 1977 3217 1989 ·
3247 1960 3369 2027 ἥτις
3393 1959 3615 2025 λέγεται
3633 1956 3728 2009 καὶ
3755 1951 3967 2021 ἑαυτὴν

707 2072 825 2107 eam
849 2068 1007 2109 erant
1031 2057 1497 2123 compreliensuri,
1537 2059 1731 2112 timens
1761 2073 1826 2112 ne
1858 2059 2277 2111 abominandum

710 2150 837 2215 quid
878 2164 972 2215 per
1019 2150 1126 2203 vim
1161 2151 1455 2203 sustineret
1511 2152 1648 2217 (erat
1703 2153 1847 2205 enim
1885 2153 2076 2221 virgo),
2128 2164 2279 2207 eteo

712 2244 869 2293 modo
900 2256 1020 2294 esse
1068 2253 1336 2295 mortuam
1386 2260 1400 2296 :
1455 2259 1614 2310 quam
1669 2246 1828 2297 etiam
1874 2245 1925 2297 in
1964 2248 2279 2299 hodiernum

711 2347 879 2397 usque
911 2333 1051 2383 diem
1092 2333 1361 2386 honorant
1421 2345 1673 2402 tanquam
1709 2347 2022 2405 martyrem,
2049 2338 2139 2406 qui
2163 2348 2285 2392 sunt

711 2434 954 2475 amantes
980 2434 1298 2493 martyrum.

784 2516 872 2568 ll.
903 2515 1069 2569 Porro
1101 2529 1277 2569 autem
1306 2532 1426 2570 cum
1452 2518 1517 2571 de
1546 2517 1783 2574 Luciano
1813 2537 1838 2571 a
1874 2521 2056 2576 multis
2076 2522 2286 2576 audiret

711 2606 1093 2675 Maximianus,
1122 2619 1326 2662 tantam
1358 2611 1410 2662 in
1442 2625 1563 2673 ejus
1592 2610 1728 2665 facie
1759 2614 1993 2667 insidere
2025 2629 2283 2669 reveren-

715 2701 867 2761 tiam,
891 2710 951 2752 ut
980 2701 1022 2753 si
1058 2716 1179 2753 eum
1208 2699 1380 2752 solum
1400 2700 1650 2758 vidisset.
1674 2702 1875 2754 veniret
1903 2703 1955 2755 in
1987 2703 2282 2769 periculum

718 2806 786 2843 ne
820 2791 972 2845 ﬁeret
994 2790 1373 2857 Christianus;
1403 2803 1686 2860 postquam
1722 2793 1886 2861 jussit
1917 2804 1973 2845 ut
2002 2794 2087 2847 ille
2117 2797 2287 2848 addu-

718 2892 956 2945 ceretur,
1017 2883 1215 2937 timens
1257 2897 1323 2936 ne
1358 2883 1459 2937 sibi
1514 2883 1618 2937 tale
1662 2884 1787 2951 quid
1835 2884 2135 2948 accederet,
2172 2885 2290 2940 velo

718 2975 1001 3041 interjecto
1032 2985 1245 3044 separat
1269 2977 1540 3031 sermonis
1566 2976 2027 3046 congressionem,
2052 2986 2108 3032 et
2128 2979 2288 3032 verba

714 3067 904 3133 procul
953 3072 1020 3121 ad
1050 3082 1169 3120 eum
1203 3068 1503 3129 emittebat,
1539 3070 1857 3123 intermedio
1898 3082 2053 3125 utens
2082 3086 2291 3125 sermo-

720 3162 804 3212 nis
863 3160 1133 3213 ministro.
1187 3160 1253 3213 Et
1283 3161 1515 3229 primum
1577 3162 1792 3227 quidem
1851 3162 2205 3231 pollicebatur
2234 3178 2293 3217 se

2384 2058 2590 2111 ἄνωθεν
2616 2055 2724 2108 ἀπὸ
2754 2053 2982 2121 στέγους
3024 2052 3362 2119 ὑψηλοτάτου
3394 2050 3595 2119 βαλεῖν,
3620 2046 3967 2103 έπιττάντων

2386 2148 2522 2216 αύτῆ
2551 2147 2658 2197 τῶν
2704 2143 3146 2213 συλληψομένων,
3198 2143 3308 2194 δέει
3357 2142 3451 2193 τοῦ
3506 2142 3636 2211 μήτι
3674 2138 3809 2206 πρὸς
3844 2137 3970 2205 βία)

2387 2240 2682 2303 ὑπομεῖναι
2720 2236 2829 2288 τῶν
2891 2235 3186 2288 ἀπευκτῶν
3228 2234 3524 2304 (παρθένος
3581 2232 3691 2301 γάρ
3714 2226 3828 2299 ἦν),
3872 2227 3972 2280 καὶ

2387 2330 2575 2384 τοῦτον
2609 2332 2903 2383 ἀποθανεῖν
2932 2328 3024 2381 τὸν
3072 2329 3275 2397 τρόπον
3304 2346 3315 2355 ·
3347 2328 3413 2396 ἢν
3444 2327 3536 2380 καὶ
3565 2328 3644 2386 είς
3694 2322 3855 2387 δεῦρο
3882 2338 3972 2373 τισ-

2392 2423 2564 2491 μῶσιν
2589 2423 2663 2483 ὡς
2698 2422 2953 2491 μάρτυρα
2986 2419 3286 2490 γενομένην
3318 2421 3363 2469 οἱ
3397 2417 3823 2484 φιλομάρτυρες.

2461 2514 2549 2568 ια’.
2590 2516 2649 2566 ὐ
2677 2516 2858 2583 μέντοι
2903 2514 3201 2573 Λουκιανὸς
3238 2513 3311 2569 ὡς
3342 2512 3438 2579 τῆς
3465 2506 3837 2576 Νικομηδείας
3870 2505 3975 2556 ἑπ-

2392 2608 2491 2677 έὸη
2515 2609 2814 2677 φερόμενος
2841 2606 2994 2675 παρά
3016 2605 3224 2658 πολλῶν
3256 2606 3283 2656 ὁ
3324 2602 3669 2670 Μαξιμιανὸς
3692 2599 3974 2651 πυνθανό-

2397 2720 2580 2773 μενος,
2633 2700 2764 2753 ὤσει
2828 2700 2923 2754 καὶ
2977 2704 3135 2768 μόνον
3183 2699 3438 2751 θεάσαιτο
3478 2696 3569 2746 τὶν
3617 2694 3806 2760 ἄνδρα,
3864 2690 3976 2743 κᾶν

2393 2795 2757 2866 χριστιανίσαι
2787 2794 3147 2846 κινδυνεύσειε
3187 2810 3199 2821 ’
3228 2791 3498 2858 τοσαύτην
3528 2789 3635 2855 γὰρ
3666 2785 3799 2838 αἰδὼ
3833 2800 3976 2849 προ-

2396 2887 2666 2954 καθῆσθαι
2700 2887 2801 2955 τῆς
2831 2886 2927 2937 τοῦ
2954 2888 3143 2954 ἀνδρὸς
3174 2881 3409 2953 μορφῆς,
3438 2880 3619 2939 δείσας
3670 2879 3742 2945 μή
3776 2892 3827 2927 τι
3862 2876 3974 2925 πά-

2396 2981 2478 3033 θοι
2509 2977 2769 3039 τοιοῦτον,
2801 2980 3267 3047 παραπετάσματι
3328 2973 3477 3041 μέσῳ
3520 2968 3837 3036 διατειχέζει
3873 2967 3977 3034 τὴν

2396 3072 2636 3142 ὁμιλίαν,
2672 3072 2767 3125 καὶ
2807 3070 2871 3121 ὲκ
2909 3068 3120 3138 μακροῦ
3154 3070 3279 3128 τοις
3309 3065 3440 3134 πρὸς
3484 3062 3646 3116 αὑτὸν
3699 3060 3978 3126 διέπεμπε

2398 3167 2609 3234 λόγους,
2646 3166 2795 3234 μέσῳ
2817 3164 2894 3232 τῷ
2918 3162 3026 3213 τῶν
3053 3161 3227 3228 λόγων
3256 3158 3491 3226 διακόνῳ
3535 3155 3836 3225 χρώμενος.
3862 3151 3979 3203 Καὶ

722 3254 1143 3308 innumerabilia
1174 3255 1221 3308 ei
1256 3270 1379 3309 esse
1420 3254 1766 3324 largiturum,
1801 3265 1855 3308 et
1885 3270 2061 3309 rerum
2096 3271 2287 3325 geren-

2400 3261 2616 3331 πρῶτον
2638 3259 2735 3326 μὲν
2768 3258 3081 3327 ὑπισχνεῖτο
3122 3254 3294 3322 μυρία
3329 3252 3465 3318 δῆτα
3495 3246 3979 3314 φιλοτιμούμενος,

721 3345 911 3398 darum
947 3345 1257 3399 habiturum
1289 3359 1411 3398 eum
1443 3360 1564 3400 esse
1592 3347 2052 3410 consiliarium,et
2074 3345 2292 3401 Patrem

722 3436 1091 3503 imperatoria:
1118 3436 1419 3504 dignitatis.
1449 3446 1505 3490 et
1536 3438 1744 3490 socium
1776 3437 2156 3490 sollicitudinis
2178 3452 2299 3506 qua:

725 3544 823 3596 pro
857 3544 1065 3582 summa
1100 3544 1279 3582 rerum
1310 3531 1636 3599 suscipitur;
1668 3538 1723 3582 et
1762 3528 1911 3597 plura
1953 3528 2055 3581 alia
2113 3528 2301 3595 hujus-

727 3623 870 3676 tnodi
917 3640 929 3675 :
964 3638 1061 3691 pro
1094 3624 1288 3691 quibus
1322 3622 1572 3676 omnibus
1604 3638 1767 3675 unum
1797 3623 1968 3675 solum
2001 3622 2218 3676 dicebat
2244 3638 2301 3675 se

724 3724 930 3782 petere,
964 3729 1157 3783 nempe
1189 3723 1245 3766 ut
1271 3715 1372 3767 diis
1397 3715 1751 3768 sacriﬁcaret.
1784 3714 1916 3768 Cum
1949 3725 2130 3767 autem
2174 3714 2286 3778 ille,

730 3814 913 3866 audita
943 3814 1205 3867 donorum
1238 3813 1627 3880 magnitudine,
1665 3828 1782 3881 quae
1817 3816 1881 3866 de
1932 3813 2011 3866 eis
2041 3813 2300 3866 diceban-

728 3914 840 3969 tur,
872 3904 1025 3957 nihili
1061 3903 1299 3965 l'ecisset,
1351 3914 1403 3956 et
1436 3919 1500 3956 ne
1532 3904 1839 3957 universum
1883 3904 2102 3971 quidem
2146 3918 2302 3955 mun-

731 3997 858 4048 dum
887 4008 1009 4048 esse
1046 4008 1167 4047 cum
1198 3994 1398 4062 pietate
1432 3995 1481 4046 in
1521 3994 1683 4046 Deum
1716 3993 2100 4047 conferendum
2128 3993 2303 4047 dixis—

730 4096 849 4151 set,
883 4096 1013 4139 tunc
1058 4085 1167 4153 jam
1206 4094 1443 4137 mutatus
1490 4085 1805 4150 imperator,
1842 4086 2077 4137 minatus
2130 4095 2215 4136 est
2244 4098 2304 4136 se

734 4177 800 4227 ad
830 4175 1151 4243 supplicium
1193 4178 1238 4230 ei
1272 4192 1393 4230 esse
1443 4178 1856 4239 intentaturutu,
1890 4178 2149 4247 quidquid
2190 4179 2305 4231 lon-

734 4283 859 4335 gum
896 4278 1104 4336 tempus
1134 4268 1447 4333 invenisset,
1474 4279 1527 4321 et
1558 4270 1603 4322 si
1635 4271 1761 4338 quid
1790 4272 1903 4338 ipse
1938 4279 2123 4339 posset
2158 4271 2307 4325 inve-

734 4362 856 4413 nire
887 4376 1081 4413 novum
1113 4370 1167 4414 et
1213 4363 1537 4415 inauditum.
1568 4362 1660 4415 Illo
1692 4374 1870 4417 autem
1902 4365 2165 4418 adversus
2193 4365 2306 4418 lucc

735 4452 1040 4504 interritam
1082 4464 1383 4521 opponente
1435 4453 1739 4520 audaciam,
1797 4465 1850 4507 et
1878 4465 2064 4522 parato
2091 4456 2308 4524 prodire

734 4546 791 4597 in
823 4545 1015 4607 aciein,
1055 4545 1207 4598 valde
1251 4545 1558 4615 indignatus
1595 4548 1905 4613 imperator,
1935 4562 2057 4600 eum
2087 4548 2301 4615 quidem

2406 3352 2708 3422 σύμϐουλόν
2733 3368 2792 3403 τε
2811 3351 2919 3402 τῶν
2941 3348 3227 3419 πρακτέων
3246 3345 3408 3397 αὑτὸν
3432 3344 3597 3406 ἕξειν,
3632 3342 3727 3392 καὶ
3758 3338 3981 3403 πατέρα

2402 3446 2504 3512 τῆς
2543 3443 2828 3514 βασιλικῆς
2860 3442 3036 3507 ἀξίας.
3071 3440 3162 3492 καὶ
3208 3436 3464 3491 κοινωνὸν
3519 3437 3618 3502 τῆς
3672 3433 3811 3498 ὑπὲρ
3867 3429 3983 3480 τῶν

2403 3538 2541 3591 ὅλων
2572 3537 2873 3606 φροντίδος,
2917 3535 3010 3586 καὶ
3039 3533 3172 3587 ἄλλα
3213 3532 3383 3583 πλείω
3426 3528 3668 3587 τοιαῦτα,
3697 3521 3768 3578 ὧν
3798 3526 3984 3577 ἁπαν-

2404 3647 2513 3683 των
2545 3629 2746 3697 ἔφασκε
2778 3627 3087 3698 μονώτατον
3111 3625 3385 3678 ἀνταιτεῖν
3408 3625 3464 3673 τὸ
3493 3622 3651 3673 θύσαι
3672 3620 3783 3680 τοῖς
3806 3617 3980 3677 θεοῖς.

2421 3724 2576 3775 Ἐπεὶ
2604 3722 2659 3773 δὲ
2693 3723 2896 3782 ἐκεῖνος
2939 3718 3177 3777 ἀκούσας
3218 3720 3277 3767 τὸ
3315 3715 3421 3767 τῶν
3456 3712 3674 3771 δωρεῶν
3715 3708 3980 3778 μέγεθος,

2406 3817 2463 3867 ὲν
2496 3814 2686 3883 φαύλῳ
2724 3829 2782 3864 τε
2817 3813 2938 3871 τοὺς
2970 3811 3099 3878 περὶ
3136 3809 3336 3860 τούτων
3358 3805 3551 3870 λόγους
3575 3801 3861 3866 πεποίητο,
3883 3800 3984 3849 καὶ

2408 3906 2527 3960 οὐδὲ
2563 3906 2725 3957 αὑτὸν
2761 3903 2864 3972 ἔφη
2897 3904 2987 3955 τὸν
3012 3902 3227 3953 ἅπαντα
3260 3900 3460 3965 κόσμον
3490 3895 3744 3958 ἀντάξιεν
3770 3892 3868 3956 τῆς
3903 3892 3987 3948 εἰς

2406 3998 2498 4049 τὸν
2545 3997 2682 4048 Θεὸν
2740 3994 3025 4055 εὐσεϐείας
3068 3992 3339 4045 τίθεσθαι.
3377 3989 3498 4040 τότε
3538 3988 3601 4053 δὴ
3646 3983 3987 4053 μεταδαὶλο-

2412 4104 2572 4158 μενος
2606 4088 2633 4139 ὁ
2672 4084 2889 4154 κρατῶν
2929 4082 3135 4150 ἠπείλει
3167 4083 3272 4132 πᾶν
3306 4080 3331 4131 ὃ
3357 4096 3407 4129 τι
3441 4094 3498 4127 τε
3538 4080 3564 4127 ὁ
3605 4076 3816 4143 μακρὸς
3857 4074 3988 4139 χρό.

2410 4199 2496 4243 νος
2532 4178 2751 4245 ἐξεῦρεν
2787 4176 2921 4240 εἶδος
2954 4178 3031 4237 εἰς
3082 4178 3300 4228 κόλασιν
3337 4172 3556 4235 ἐπάξειν
3588 4170 3759 4239 αὐτῷ,
3795 4172 3889 4219 καί
3938 4166 3993 4217 εἴ

2407 4288 2571 4339 τιπερ
2599 4271 2761 4332 αὐτὸς
2790 4271 3044 4338 ἐφευρεῖν
3072 4265 3327 4333 δυνηθείη
3363 4263 3697 4329 καινότερον.
3740 4259 3985 4311 Ἐκείγου

2409 4366 2466 4419 δὲ
2500 4364 2595 4416 καὶ
2637 4362 2770 4430 πρὸς
2802 4362 2976 4413 ταῦτα
3024 4362 3085 4412 τὸ
3124 4360 3349 4428 θαρρεῖν
3383 4354 3823 4420 ἀκαταπλήκτως
3849 4367 3986 4415 προ-

2414 4457 2769 4527 ϐαλλομένου,
2794 4454 3039 4523 καὶπρὸς
3074 4448 3510 4518 ἀντιπαράταξιν
3535 4444 3986 4513 ἀπομαχομένου,

2425 4550 2968 4618 ὑπεραγανακτήσας
2994 4547 3018 4595 δ
3046 4544 3303 4613 βασιλεὺς
3336 4540 3541 4591 ἀνελεῖν
3573 4536 3851 4606 pavus-.2»,
3895 4534 3987 4584 δια

735 4636 903 4689 uoluit
939 4652 1097 4705 quam
1132 4638 1361 4704 primum
1394 4637 1580 4691 tollere
1604 4638 1668 4692 de
1697 4640 1900 4704 medio;
1924 4640 2288 4706 putabatenin

2414 4640 2622 4709 ταχέων
2657 4639 2753 4689 οὐκ
2788 4640 3050 4702 ἐγίνωσκε
3074 4634 3217 4685 δεῖν·
3247 4631 3561 4704 χαριεῖσθαι
3598 4645 3703 4696 γαρ
3734 4623 3989 4693 ἐνόμιζεν

735 4746 794 4782 se
845 4730 924 4781 sic
959 4729 1004 4781 ei
1038 4727 1490 4796 gratiﬁcaturum,
1519 4739 1574 4779 ut
1606 4728 1695 4795 qui
1722 4744 1841 4781 eum
1883 4730 2025 4783 illico
2049 4730 2304 4783 liberaret

736 4841 765 4877 a
793 4824 982 4885 malis;
1022 4824 1114 4875 sed
1145 4821 1307 4889 jussit
1341 4824 1391 4873 in
1425 4837 1697 4875 carcerein
1731 4823 2033 4891 conjectum
2068 4826 2301 4891 torqueri

734 4913 902 4966 variis
927 4914 1117 4965 modis.

2413 4732 2562 4799 αὐτῷ
2594 4731 2693 4800 τὴν
2725 4730 2929 4797 ἀθρόαν
2982 4729 3087 4779 τῶν
3130 4726 3383 4795 χαλεπῶν
3421 4722 3746 4789 ἀπαλλαγήν
3773 4738 3785 4749 ·
3814 4734 3989 4786 προσ-

2414 4824 2568 4886 έταξε
2613 4824 2669 4875 δὲ
2712 4823 2874 4874 αὑτὸν
2914 4821 2992 4880 είς
3045 4820 3141 4887 τὴν
3178 4817 3401 4885 εἱρκτὴν
3452 4812 3790 4883 ἐμϐληθέντα
3842 4810 3991 4859 κατα

2420 4916 2698 4975 ποικίιους
2722 4914 2783 4965 τὸ
2812 4912 2970 4981 σῶμα
3010 4907 3401 4981 στρεϐλοῦσθαι
3428 4908 3552 4968 τοὺς
3583 4905 3838 4975 τρόπους.

2192 5059 2416 5114 CAPUT
2442 5056 2522 5111 ιν·

2041 5174 2101 5224 lu
2133 5176 2407 5225 tormentis
2437 5174 2677 5223 moritur.

812 5297 899 5352 12.
934 5296 1065 5352 Cum
1098 5312 1219 5348 eum
1244 5310 1373 5361 ergo
1404 5295 1735 5363 accepissent
1759 5295 1812 5355 ii,
1848 5294 2039 5359 quibus
2072 5298 2169 5345 hoc
2199 5304 2317 5345 erat

741 5388 1091 5453 imperatum,
1122 5399 1243 5437 eum
1285 5382 1463 5435 multis
1502 5392 1554 5435 et
1587 5381 1750 5432 variis
1800 5382 2027 5433 nilei-ere
2060 5382 2314 5433 cruciati-

743 5479 866 5542 bus,
899 5478 1097 5547 quibus
1128 5485 1243 5529 erat
1303 5474 1516 5542 quidem
1566 5489 1781 5541 gravem
1816 5483 2135 5540 accepturus
2168 5475 2314 5527 dolo-

821 5662 931 5726 (lO)
967 5658 1061 5710 llir-
1111 5669 1213 5721 est,
1269 5661 1319 5709 ni
1379 5658 1554 5717 fallor,
1597 5673 1751 5724 quem
1789 5657 2009 5722 Nicepli.
2064 5655 2155 5707 lib.
2194 5670 2309 5717 vm,

747 5747 865 5798 cap.
908 5732 997 5791 3i,
1022 5740 1074 5781 et
1099 5730 1191 5781 lib.
1237 5746 1309 5786 ts.
1337 5728 1501 5786 c.17,
1538 5730 1824 5779 Antonium
1870 5738 2039 5785 vocat,
2089 5728 2268 5783 aitque
2293 5766 2307 5787 ,

684 5802 690 5807 ⁷
747 5801 905 5854 Tarsi
956 5802 1156 5853 (libera!
1206 5801 1515 5865 episcopum
1562 5800 1745 5859 luisse,
1780 5806 1831 5849 et
1878 5809 2159 5864 pOStquam
2188 5812 2308 5848 etim

747 5874 868 5925 aliis
925 5869 1142 5922 Luctatti
1194 5870 1492 5934 discipulis,
1545 5884 1679 5933 quos
1714 5877 1975 5929 recenset,
2034 5866 2311 5917 tormentis

754 5944 923 5995 victus
960 5941 1021 5992 ad
1059 5941 1347 6007 guittilitias
1392 5941 1800 6006 superstitiones
1827 5936 2146 5991 (lcﬂrxisSt‘l.
2178 5952 2311 6001 prae-

2495 5291 2582 5359 tS'.
2641 5287 3050 5356 Παραλαόόντες
3093 5290 3271 5339 τοίνυν
3316 5283 3479 5337 αὐτὸν
3535 5285 3583 5335 οί
3638 5282 3774 5351 πρὸς
3827 5281 3994 5334 τοῦτο

2413 5382 2738 5448 τεταγμένοι
2770 5380 3021 5442 ποικίλας
3060 5380 3264 5447 ἐπῆγον
3295 5377 3445 5446 αὐτῷ
3489 5378 3581 5430 καὶ
3607 5376 3990 5443 πολυτρόπους

2414 5476 2621 5537 αἰκίας,
2660 5468 2746 5536 αἷς
2773 5473 3126 5541 ἁλγυνεῖσθαι
3185 5471 3282 5542 μὲν
3334 5471 3579 5539 σφοδρῶς
3622 5470 3865 5537 ἔμελλεν,
3896 5474 3963 5520 αν

2425 5666 2640 5723 ceptore
2691 5672 2845 5724 opem
2912 5659 2975 5706 ad
3046 5656 3417 5728 paenitentiam
3479 5650 3991 5728 ΔΙὶςιῑιιιιιρ...ἰιετιτιιιι

2424 5720 2794 5787 renuntiasse;
2856 5720 3098 5795 quamvis
3154 5727 3429 5779 deindein
3465 5725 3574 5775 Arii
3641 5720 3991 5774 declinaverit

2421 5814 2657 5849 errores.

2494 5870 2598 5919 Illi
2636 5869 2837 5921 Colitur
2880 5868 2933 5921 S.
2965 5866 3171 5934 Pelagia
3199 5868 3229 5918 τ)
3257 5866 3421 5918 Junii.
