4128 6488
735 400 833 463 611

1932 401 2209 462 MENSIS
2254 402 2584 463 IANUARI
2603 403 2719 468 US.

3887 400 4006 466 412

737 524 1090 583 desiderium,
1118 520 1402 585 eﬂiciente,
1443 528 1501 574 ιιι
1548 521 1682 576 citra
1727 522 2171 590 tmpedimentum
2214 524 2311 577 lie-

2428 492 2798 591 προκειμένων
2824 518 3149 600 ἀκώλυτον⁸
3174 520 3383 583 πάντας
3423 519 3529 591 γὰρ
3561 521 3759 584 αὐτοὺς
3783 523 3811 574 δ
3844 523 4003 593 μάρο

736 625 858 671 rent
888 630 971 678 ea,
1005 628 1123 681 qua:
1148 622 1305 667 erant
1346 613 1643 683 proposita.
1679 610 1813 664 Nam
1843 626 1963 665 cum
2002 626 2191 666 omnes
2217 627 2311 667 eos

739 718 942 777 martyr
998 704 1217 759 fecisset
1268 706 1319 757 in
1360 704 1540 758 orliem
1596 703 1914 767 consistere,
1946 712 2003 757 ut
2058 704 2199 759 inter
2253 720 2312 761 se

739 801 966 853 invicem
998 797 1135 851 alter
1163 813 1328 865 prOpe
1361 798 1585 850 alterum
1614 806 1844 859 stantes,
1864 813 1984 850 eum
2019 807 2133 851 tuto
2160 814 2306 851 com-

736 888 1157 958 preltendereut,
1205 888 1366 955 jussit
1409 901 1505 939 suo
1540 888 1746 955 pectori
1784 886 1982 955 imponi
2016 886 2166 955 signa
2224 888 2306 941 di-

737 980 847 1033 vini
879 978 1152 1033 sacrificii.
1194 978 1488 1043 Postquam
1515 976 1629 1029 ltrec
1660 975 1935 1043 fecissem,
1961 975 2088 1029 etin
2115 978 2307 1031 caelum

738 1072 988 1140 protinus
1028 1068 1244 1122 sustulit
1277 1067 1548 1130 obtutum,
1580 1082 1700 1119 eum
1729 1066 1840 1135 jatn
1892 1068 1979 1120 vix
2009 1076 2188 1135 posset
2216 1083 2310 1123 cx-

726 1165 952 1225 4ullere,
989 1171 1042 1215 et
1092 1175 1282 1230 preces
1316 1161 1524 1227 peregit
1569 1169 1881 1213 consuetas.
1938 1160 2141 1214 Deinde
2187 1175 2308 1215 cum

740 1257 917 1307 divina
976 1253 1207 1322 plurima
1261 1262 1404 1305 esset
1431 1250 1647 1313 etl'atus,
1693 1260 1746 1305 et
1778 1265 1938 1305 sacro
1994 1252 2096 1304 ritu
2129 1254 2309 1306 omnia

741 1349 1039 1419 peregiSSet
1074 1345 1376 1415 proposita,
1427 1345 1540 1412 ipse
1570 1352 1625 1398 et
1673 1343 1771 1397 fuit
1813 1345 2086 1414 particeps
2120 1343 2313 1398 Sacra-

742 1453 1070 1503 tneutorum,
1127 1450 1182 1493 et
1241 1438 1538 1491 transmisit
1602 1438 1667 1490 ad
1695 1452 1788 1491 eos
1819 1438 1909 1506 qui
1968 1437 2213 1502 alit-rant,
2256 1448 2314 1492 ut

742 1539 854 1602 ipse
883 1546 1101 1601 quoque
1140 1531 1376 1584 ostendit
1405 1529 1456 1582 in
1484 1530 1669 1583 ultima
1713 1529 1778 1581 ad
1825 1545 1919 1583 eos
1967 1530 2223 1598 epistola.
2246 1531 2312 1584 Et

742 1630 883 1680 hunc
929 1627 1145 1694 quidem
1183 1624 1321 1678 diem
1360 1638 1484 1676 cunt
1537 1624 1617 1677 eis
1659 1623 1939 1692 transegit,
1996 1625 2135 1676 sicut
2196 1632 2314 1678 erat

740 1721 1029 1790 pollicitus.

814 1905 902 1961 15.
960 1903 1231 1959 Postridie
1282 1912 1460 1957 autem
1500 1919 1621 1956 cum
1669 1904 1944 1956 venissent
1993 1902 2209 1968 quidam
2243 1900 2311 1955 ab
2346 1878 2386 1933 Β

741 2000 1086 2067 imperatore,
1117 1997 1283 2050 visuri
1315 2012 1380 2048 an
1411 1996 1586 2048 adhuc
1614 1995 1815 2047 viveret
1837 1993 2148 2064 (videbatur
2165 1993 2309 2046 enim

738 2090 818 2141 eis
877 2088 1027 2141 valde
1084 2087 1409 2149 mirandum,
1454 2087 1596 2151 quod
1646 2085 1811 2138 vitam
1864 2085 2141 2151 hucusque
2185 2096 2312 2152 pro-

740 2177 1032 2244 duxisset),
1060 2188 1344 2245 postquam
1387 2190 1551 2243 prope
1607 2190 1663 2228 se
1712 2184 1916 2227 stantes
1984 2173 2194 2241 aspexit
2222 2187 2313 2225 eos

740 2270 829 2338 qui
860 2273 1211 2331 advenerant,
1241 2284 1359 2320 cum
1404 2284 1484 2330 se,
1517 2276 1775 2334 quantum
1808 2275 2018 2330 poterat
2041 2264 2313 2317 extendis-

741 2375 843 2426 set,
872 2374 925 2417 et
967 2372 1047 2416 ler
1073 2363 1318 2424 dixisset,
1350 2360 1478 2413 Sunt
1530 2360 1909 2425 Christianus;
1971 2358 2130 2413 simul
2190 2373 2313 2409 cum

744 2459 931 2509 ultuua
965 2471 1097 2510 voce
1128 2437 1309 2509 emisit
1335 2454 1607 2513 spiritum.

2413 629 2512 675 τυς
2544 611 2728 681 κύκλῳ
2772 612 3272 683 περιστησάμενος,
3308 612 3383 673 ὼς
3411 612 3476 664 ἂν
3507 612 3644 683 ὁμοῦ
3677 614 3865 666 τοῦτον
3900 616 4005 665 καὶ

2413 704 2542 775 παρ’
2565 704 2826 773 ἀλλήλους
2868 704 3091 766 στάντες
3130 703 3389 771 ἀσφαλῶς
3442 705 3833 773 περιλάϐωσιν,
3866 706 4004 759 txi-

2412 795 2533 848 λευε
2592 794 2670 865 τῷ
2712 795 2908 849 ἑαυτοῦ
2943 796 3131 866 στήθει
3176 797 3462 865 ἐπιφέρειν
3502 797 3569 850 τά
3604 798 3702 867 τῆς
3729 798 3881 861 θείας
3920 800 4005 851 ιε·-

2416 890 2678 959 ρουργίας
2712 888 2982 957 σύμδολα.
3028 890 3187 943 Ἐπεὶ
3216 877 3272 943 δέ
3316 891 3473 944 ταῦτ’
3503 891 3717 954 ἔθεσαν,
3771 893 3853 950 είς
3904 894 4005 946 οὑο

2414 981 2575 1051 ρανόν
2600 999 2659 1034 τε
2694 982 2900 1049 ἀνῆκεν
2926 981 3087 1044 εὐθὺς
3122 980 3420 1051 συμπεσὼν
3438 984 3539 1054 ῆδη
3568 983 3628 1035 τὸ
3652 982 3869 1053 βλέμμα
3898 986 4003 1037 καὶ

2416 1073 2568 1143 μόλις
2595 1075 2872 1127 ἀνατεῖναι
2904 1073 3223 1143 δυνάμενος,
3278 1077 3371 1127 καὶ
3406 1078 3504 1138 τάς
3540 1076 3791 1144 συνήθεις
3828 1077 4003 1147 εὐχὰς

2412 1167 2674 1229 ἐποιεῖτο,
2702 1162 2818 1218 εἶτα
2850 1167 2943 1219 καὶ
2977 1166 3207 1219 πλεῖστα
3228 1167 3571 1233 ἐπιθειάσας,
3606 1171 3697 1221 καὶ
3735 1172 3875 1221 κατὰ
3904 1172 4003 1223 τὶν

2416 1257 2559 1326 ἱερὸν
2613 1257 2814 1327 θεσμὸν
2856 1258 3073 1312 ἅπαντα
3108 1261 3175 1312 τά
3227 1261 3560 1330 προτεθέντα
3606 1260 3999 1331 τελεσάμενος,

2413 1348 2575 1412 αὐτός
2603 1366 2661 1401 τε
2696 1350 2925 1420 μετέσχε
2950 1351 3058 1403 τῶν
3092 1352 3427 1421 μυστηρίων,
3464 1352 3596 1415 τούς
3620 1370 3680 1405 τε
3715 1354 3999 1422 παρόντας

2411 1441 2522 1493 τῶν
2546 1443 2805 1515 μαθητῶν
2839 1444 3112 1515 ἐπέτρεψε
3146 1450 3459 1515 μετασχεῖν,
3500 1446 3594 1499 καὶ
3640 1449 3755 1505 τοῖς
3788 1446 4000 1500 ἀπυῦσι

2412 1533 2729 1602 διέπεμψεν,
2763 1536 2839 1598 ὡς
2874 1537 2967 1590 καὶ
2991 1538 3156 1599 αὐτὸς
3186 1541 3244 1591 ἐν
3285 1540 3351 1608 τῇ
3388 1539 3595 1610 ἐσχάτῃ
3627 1538 3763 1608 πρὸς
3794 1538 4001 1601 αὐτοὺς

2413 1626 2673 1695 ἐπιστολῇ
2734 1628 2910 1681 ταῦτα
2970 1630 3292 1698 δεδήλωκεν.
3355 1631 3462 1682 Καὶ
3528 1630 3731 1700 ταύτην
3775 1631 3874 1698 μὲν
3928 1631 4000 1697 δὴ

2412 1722 2511 1787 τὴν
2570 1722 2786 1791 ἡμέραν
2816 1723 3176 1793 συνδιήρκεσε
3208 1722 3419 1786 τούτοις
3444 1722 3633 1794 ὥσπερ
3661 1720 3728 1794 ἦν
3756 1724 4002 1793 ὑποσχό-

2421 1827 2597 1881 μενος.

2490 1904 2571 1956 ιε’.
2607 1905 2699 1966 El;
2723 1905 2779 1957 δὲ
2807 1905 2905 1973 τὴν
2930 1906 3225 1977 ὑστεραίαν
3251 1907 3514 1960 ἐλθόντων
3543 1907 3693 1976 παρά
3716 1906 3811 1959 τοῦ
3843 1907 3995 1977 βασι-

2418 1996 2554 2057 λέως
2587 1996 2749 2047 τινῶν
2795 1997 2903 2049 τῶν
2936 1998 3220 2065 ὀψομένων
3276 2000 3324 2050 εί
3356 1999 3436 2052 ἐτι
3488 2017 3550 2067 γε
3594 1999 3751 2068 διαζῇ
3787 1999 3999 2068 (θαῦμα

2417 2087 2528 2155 γάρ
2568 2089 2750 2151 αὐτοῖς
2779 2088 3016 2151 ἐξαίσιον
3052 2092 3085 2159 ἠ
3119 2092 3216 2160 τῆς
3245 2091 3391 2159 ζωῆς
3421 2092 3586 2144 αὐτοῦ
3615 2094 3775 2161 μέχρι
3799 2094 3999 2145 τούτου

2422 2180 2808 2249 παράσταστς),
2846 2182 3033 2251 ἐπειδὴ
3073 2183 3302 2250 πλησίον
3349 2184 3543 2236 ἑαυτοῦ
3572 2186 3801 2248 στάντας
3844 2185 4007 2237 ἐθεά-

2424 2288 2553 2323 σατο
2584 2273 2709 2333 τοὺς
2754 2274 3144 2341 ἀφικομένους,
3174 2274 3434 2343 ὁπηλίκον
3473 2276 3696 2328 ἐδύνατο
3729 2276 4005 2343 βιασάμεο

2423 2382 2509 2424 νος
2538 2362 2749 2427 ἑαυτὸν,
2782 2366 2875 2417 καὶ
2908 2367 3089 2436 τρίτον
3122 2367 3361 2419 ἀνειπὼν
3404 2368 3464 2418 τὸ
3496 2369 3823 2436 Χριστιανός
3859 2372 4003 2438 είμι,

2423 2457 2491 2524 τῇ
2524 2453 2808 2526 τελευταίᾳ
2840 2458 2990 2527 φωνῇ
3020 2458 3299 2527 συναφῆκε
3324 2458 3385 2510 τὸ
3418 2459 3657 2528 πνεῦμα.

2229 2633 2457 2688 CAPUT
2492 2633 2553 2689 V.

1869 2759 2000 2827 Ejus
2041 2756 2335 2819 sepultura.
2368 2752 2712 2822 llelcnopolt's
2738 2758 2944 2810 ciuitas.

817 2914 901 2967 16.
947 2911 1083 2965 Sunt
1116 2919 1293 2962 autent
1321 2908 1409 2976 qui
1446 2906 1648 2967 dicant,
1670 2919 1790 2957 eum
1820 2902 1993 2953 adhuc
2022 2900 2315 2966 spirantem

746 3006 1047 3076 projectum
1092 3002 1255 3055 fuisse
1301 3004 1350 3053 in
1386 2998 1709 3066 profundunt
1742 2996 1922 3047 maris.
1960 2990 2317 3044 Maximianus

745 3101 887 3153 enim
945 3096 1245 3150 admiratus
1283 3093 1397 3159 ejus
1438 3100 1748 3159 perpetuam
1809 3088 1873 3139 ad
1931 3088 2087 3138 linem
2149 3096 2319 3148 usque

747 3191 1127 3252 constantiam,
1161 3188 1326 3254 jussit
1352 3187 1415 3238 iis
1446 3184 1535 3251 qui
1570 3184 1621 3235 iu
1650 3180 1912 3250 ejusmodi
1952 3180 2110 3231 rebus
2152 3177 2321 3227 inser-

2496 2897 2590 2960 ις’.
2630 2899 2749 2950 Εἰσὶ
2783 2899 2840 2951 δέ
2885 2917 3028 2963 τινες
3084 2902 3134 2953 οἳ
3185 2900 3399 2970 λέγουσι
3468 2903 3628 2956 αὑτὸν
3674 2904 3752 2955 ἔτι
3800 2906 4011 2973 μᾶλλον

2422 2988 2661 3054 ἔμπνουν
2689 2992 3001 3060 ὑπάρχοντα
3026 2992 3102 3062 τῷ
3142 2995 3238 3062 τῆς
3270 2994 3543 3065 θαλάσσης
3575 2997 4009 3066 ἐναπρῤιφῆναι

2426 3081 2591 3150 βυθῷ.
2643 3083 2699 3134 Ὀ
2739 3084 2848 3152 γάρ
2894 3084 3233 3153 Μαξιμιανὸς
3276 3087 3414 3155 πρὸς
3462 3087 3558 3157 τὴν
3602 3088 3761 3157 μέχρι
3811 3090 4007 3153 τέλους

2423 3173 2672 3225 ἔνστασιν
2708 3174 2871 3227 αὑτοῦ
2919 3179 3013 3228 καὶ
3055 3177 3115 3229 τὸ
3152 3178 3432 3231 ἀνένδοτον
3478 3180 3772 3245 ἐκπλαγεὶς
3825 3198 4004 3249 προτ-

749 3283 923 3345 viunt,
946 3282 1119 3347 ipsnnt
1150 3280 1204 3332 itt
1240 3293 1387 3329 mare
1410 3276 1615 3343 jacere,
1657 3288 1775 3325 cum
1808 3286 2057 3339 magnum
2086 3267 2317 3337 lapidein

2428 3265 2582 3328 έταξε
2620 3269 2729 3327 τοῖς
2753 3267 2925 3319 ταῦτα
2952 3268 3289 3321 διακονοῦσιν
3314 3272 3394 3332 είς
3423 3270 3519 3339 τὴν
3540 3270 3811 3324 Θάλασσαν
3844 3274 4013 3325 αὑτδν

750 3374 1134 3442 appendissent
1176 3370 1395 3423 brachio
1448 3367 1565 3433 ejus
1596 3368 1843 3429 dextero,
1896 3374 1975 3423 ut,
2010 3362 2323 3414 submersus

752 3482 1013 3533 nusquam
1079 3472 1383 3533 appareret,
1427 3470 1480 3513 et
1523 3474 1717 3526 corpus
1764 3457 1882 3525 ejus
1932 3456 2131 3509 nullam
2170 3468 2322 3507 asse-

752 3568 1008 3626 queretur
1037 3556 1392 3624 sepulturam,
1458 3570 1555 3606 nec
1596 3553 1742 3621 justa
1800 3552 1846 3603 ei
1885 3549 2095 3603 ﬁerent.
2150 3548 2323 3613 Atque

753 3651 850 3703 fuit
878 3650 1093 3718 quidem
1130 3650 1181 3701 in
1223 3642 1485 3716 prolundo
1516 3644 1924 3714 quatuordeeim
1962 3642 2096 3701 dies,
2130 3654 2326 3707 nempe

754 3744 998 3805 totidem,
1032 3752 1161 3811 quot
1194 3742 1245 3793 in
1274 3752 1495 3793 carcere
1532 3740 1840 3792 decertarat
1865 3740 2123 3787 adversus
2147 3732 2327 3784 varias

753 3834 994 3899 corporis
1040 3831 1439 3900 perpessiones.
1497 3827 1911 3893 Quintodecimo
1972 3834 2151 3877 autem
2216 3822 2328 3875 del-

756 3925 952 3991 pltinus
978 3923 1029 3977 itt
1078 3924 1281 3976 siccum
1317 3935 1438 3973 eum
1478 3921 1581 3973 hoc
1612 3917 1772 3972 modo
1793 3916 1987 3971 extulit
2019 3936 2030 3968 :
2064 3929 2184 3968 cum
2215 3914 2329 3978 ejus

754 4014 1000 4080 discipuli
1037 4013 1180 4067 circa
1228 4012 1373 4080 ripas
1400 4020 1452 4064 et
1486 4009 1669 4063 littora
1710 4008 1847 4060 alius
1876 4006 2003 4059 alibi
2035 4019 2329 4059 versaren-

758 4115 865 4169 tur,
898 4114 954 4155 ut
984 4103 1247 4165 viderent,
1286 4102 1330 4155 si
1373 4117 1477 4169 quo
1510 4100 1670 4154 modo
1710 4108 1929 4167 possent
1962 4112 2081 4151 eum
2115 4112 2145 4149 ο
2194 4095 2327 4147 mari

756 4193 985 4259 ejectum
1036 4193 1298 4254 invenire,
1344 4200 1582 4260 tempore
1614 4200 1791 4243 autem
1846 4189 2070 4242 hiberno
2096 4188 2145 4240 itl
2177 4188 2329 4237 valde

758 4296 903 4338 esset
938 4286 1208 4337 turbatum
1238 4300 1251 4336 ;
1284 4284 1597 4337 diuturnum
1625 4292 1839 4348 tempus
1854 4278 2055 4341 etl‘ecit,
2095 4290 2151 4330 ut
2174 4277 2331 4345 plane

760 4379 1109 4447 desperarent
1145 4395 1202 4432 se
1239 4394 1393 4447 posse
1420 4378 1468 4431 id
1504 4377 1765 4430 invenire.

840 4664 919 4715 l7.
952 4661 1168 4715 Interim
1210 4674 1339 4712 vero
1390 4656 1709 4710 adveniente
1771 4651 2176 4721 quintodecimo
2220 4649 2329 4711 die,
2366 4663 2411 4721 ο

765 4766 971 4823 martyr
1010 4754 1061 4806 itt
1105 4750 1310 4806 somnis
1350 4760 1615 4818 apparens
1644 4744 1856 4798 cuidam
1888 4741 2160 4812 Glycerio,
2206 4755 2332 4807 ger-

768 4859 924 4897 mano
950 4858 1049 4895 suo
1076 4839 1355 4907 discipulo,
1385 4837 1473 4905 qui
1502 4846 1625 4888 tunc
1663 4832 1982 4887 versabatur
2033 4831 2083 4882 in
2118 4831 2337 4899 regione

767 4938 989 4990 adversa
1020 4933 1316 4987 continenti
1350 4928 1693 4989 Nicomedize,
1723 4927 1851 4979 dicit
1887 4926 1933 4978 ei
1962 4939 1976 4977 :
2013 4923 2056 4977 Ο
2082 4935 2156 4985 tu,
2212 4939 2331 4976 cunt

766 5025 998 5092 primum
1035 5037 1192 5075 mane
1212 5018 1537 5083 surrexeris,
1567 5018 1650 5070 alii
1678 5018 1727 5069 in
1761 5015 2094 5069 hunclocnm
2128 5014 2333 5082 (osten-

767 5118 900 5170 deus
922 5116 1105 5181 locum
1133 5113 1375 5179 littoris);
1422 5123 1469 5164 te
1524 5111 1687 5175 enim,
1738 5108 1929 5175 inquit,
1996 5106 2333 5169 conveniam,

769 5222 890 5260 eum
925 5206 1049 5258 illuc
1082 5204 1424 5259 veneris.llle
1456 5214 1655 5265 autem,
1684 5216 1803 5254 cum
1832 5200 2088 5266 primum,
2123 5212 2187 5251 ex
2222 5212 2337 5250 nta—

772 5316 874 5369 gna
908 5298 1173 5351 crtdentia
1226 5308 1277 5350 et
1318 5297 1675 5349 admiratione
1723 5308 1910 5348 eorum
1942 5308 2061 5362 qua!
2110 5300 2328 5345 ostensa

772 5390 1005 5451 fuerant,
1034 5406 1152 5443 cum
1206 5406 1430 5444 somnus
1476 5390 1791 5451 dimisisset,
1828 5399 1880 5443 et
1907 5388 2017 5455 jam
2068 5387 2183 5439 dies
2215 5386 2339 5438 illu-

773 5491 1034 5545 cesceret,
1068 5498 1312 5551 surgens,
1341 5492 1395 5536 et
1446 5482 1705 5552 quosdam
1739 5481 1895 5541 alios,
1925 5496 1988 5534 ex
2025 5480 2125 5547 piis
2158 5492 2340 5531 secum

773 5589 1080 5637 assumens,
1138 5591 1256 5627 cum
1304 5576 1385 5629 eis
1435 5575 1577 5627 venit
1614 5574 1664 5627 in
1717 5574 1914 5637 locum,
1959 5575 2048 5639 qui
2091 5572 2263 5625 fuerat
2298 5573 2344 5625 ei

773 5668 1121 5733 signzltcatus.
1157 5664 1213 5719 In
1243 5681 1306 5719 eo
1332 5677 1508 5722 autem
1539 5668 1725 5733 ingens
1752 5666 2032 5735 delphinus
2080 5666 2336 5719 ascende-

776 5762 913 5811 luttc
946 5759 1098 5819 mari,
1129 5758 1239 5826 jam
1272 5773 1337 5811 ex
1364 5774 1426 5811 eo
1457 5772 1737 5827 emergens
1771 5776 1783 5812 :
1815 5758 2050 5827 quicum
2081 5767 2221 5810 esset
2246 5772 2339 5811 er-

779 5859 963 5904 NLSU:
990 5863 1149 5917 super
1179 5864 1327 5919 aquae
1348 5849 1707 5919 superﬁciem,
1742 5847 1891 5905 Valde
1918 5847 2175 5917 spirabat,
2195 5856 2245 5901 ct
2277 5845 2339 5901 ad

2432 3357 2605 3425 ῥίψαι,
2642 3358 2787 3410 λίθον
2824 3346 3079 3428 μέγιστον
3106 3361 3197 3413 τοῦ
3230 3362 3404 3425 δεξιοῦ
3452 3363 3733 3432 βραχίονος
3776 3364 4013 3435 ἐξαρτη-

2430 3451 2717 3517 σαμένους,
2748 3451 2813 3501 ἵν’
2842 3452 3172 3521 ὑποϐρύχιος
3202 3454 3523 3529 ἀφανισθείη
3566 3458 3881 3522 γενόμενος,
3915 3458 4014 3507 καὶ

2432 3541 2703 3609 μηδεμιᾶς
2733 3544 2759 3593 ό
2791 3544 2983 3612 νεκρὸς
3008 3544 3171 3595 αὑτοῦ
3198 3548 3394 3612 ταφῆς,
3426 3546 3459 3614 ἦ
3485 3562 3624 3606 τινος
3655 3544 3819 3609 ἄλλης
3844 3546 4014 3613 θερα-

2430 3632 2586 3694 πείας
2639 3633 2889 3704 δυνηθείη
2964 3640 3164 3705 τυχεῖν.
3218 3632 3326 3688 ἾΙν
3385 3639 3482 3706 μὲν
3526 3636 3616 3689 οὖν
3650 3638 3810 3707 ἐντῷ
3858 3638 4016 3709 βυθῷ

2430 3728 2693 3795 τέσσαρες
2739 3730 2833 3781 καὶ
2880 3729 3112 3792 δεκατᾰς
3160 3730 3286 3792 ὅλας
3336 3733 3572 3801 ἡμέρας.
3607 3734 3663 3784 ὲν
3708 3734 3860 3793 ὅσαις
3904 3749 4016 3801 περ

2430 3816 2498 3890 ἦν
2522 3822 2615 3890 καὶ
2648 3825 2705 3873 ὲν
2739 3825 2803 3891 τῇ
2836 3825 3026 3893 εἱρκτῇ
3076 3825 3214 3891 πρὸς
3246 3826 3312 3876 τα
3364 3826 3583 3878 ποικίλα
3612 3824 3755 3894 πάθη
3786 3826 3878 3877 τοῦ
3912 3827 4018 3878 σῶς

2434 3928 2601 3979 ματος
2628 3912 3101 3982 διαγωνιζόμενος.
3129 3916 3207 3985 Τῇ
3246 3916 3301 3967 δὲ
3339 3916 3806 3984 πεντεκαιδεκάτῃ
3825 3916 4015 3983 δελφὶς

2432 4006 2592 4058 αὑτὸν
2618 4004 2933 4072 ἐξεκόμισεν
2984 4006 3076 4057 ἐπὶ
3108 4006 3167 4057 τὸ
3201 4005 3387 4073 ξηρὸν,
3415 4010 3603 4059 τοῦτον
3641 4006 3730 4058 τὸν
3771 4007 4014 4075 τρόπον’

2436 4098 2546 4149 τῶν
2577 4096 2835 4164 μαθητῶν
2881 4096 3046 4148 αὑτοῦ
3090 4099 3217 4165 περὶ
3251 4099 3350 4160 τάς
3379 4097 3549 4159 ἀκτάς
3577 4098 3669 4148 καὶ
3684 4100 3806 4157 τοὺς
3830 4099 4020 4163 αἰγια-

2432 4188 2555 4249 λοὺς
2586 4186 2760 4239 ἀλλων
2811 4186 2946 4255 ἄλλῃ
3011 4186 3419 4256 διατριϐόντων,
3474 4188 3529 4239 εἴ
3572 4204 3671 4239 που
3736 4188 4021 4255 δυνηθεῖεν

2434 4279 2595 4332 αὑτὸν
2655 4278 3066 4331 ἀποπτυσθέντα
3136 4279 3234 4347 τῆς
3286 4279 3564 4348 θαλάσσης
3623 4280 3907 4347 ἀνευρεῖν·
3960 4282 4021 4331 ὲν

2433 4373 2552 4443 ὥρα
2604 4372 2870 4441 χειμερίῳ
2930 4371 3176 4439 σφοδρῶς
3233 4373 3705 4441 ἑκταραττομένης
3757 4372 3953 4438 αὐτῆς,
3996 4376 4023 4424 ό

2435 4466 2623 4534 χρόνος
2648 4463 3109 4533 παρατεινόμενος
3134 4463 3447 4531 ἀπογνῶναι
3476 4464 3697 4525 τούτους
3733 4466 3830 4532 τὴν
3854 4466 4023 4517 (ivsti-

2439 4574 2589 4626 ρεσιν
2628 4572 2767 4625 παρε
2780 4555 3063 4619 σκεύαζεν.

2513 4651 2596 4714 ιζ’.
2646 4650 2733 4703 Ἐν
2758 4649 2930 4719 τούτῳ
2954 4650 3011 4702 δὲ
3047 4649 3139 4702 καὶ
3167 4649 3267 4719 τῆς
3291 4649 3781 4717 πεντεκαιδεκάτης
3803 4649 4024 4719 ἡμέρας

2439 4746 2829 4815 ἑφισταμένης,
2855 4746 2987 4815 δναρ
3017 4746 3302 4812 ἐπιφανεὶς
3328 4747 3355 4796 ὁ
3384 4746 3593 4813 μάρτυς
3625 4744 3702 4813 τῷ
3741 4744 4027 4815 Γλυκερίῳ

2440 4840 2547 4890 τινί
2574 4839 2680 4891 τῶν
2707 4838 2942 4905 γνησίων
2968 4836 3132 4890 αὐτοῦ
3156 4836 3442 4904 φοιτητῶν,
3472 4838 3562 4888 ἐπὶ
3590 4836 3687 4901 τῆς
3721 4836 4027 4905 ἀντιπέρας

2443 4930 2576 4998 πρὸς
2608 4929 2705 4999 τὴν
2738 4928 3106 4998 Νικομήδειαν
3157 4927 3386 4997 ἠπείρου
3419 4932 3723 4997 τηνικαυτα
3761 4927 3860 4996 τὴν
3901 4927 4028 4979 διας

2442 5020 2632 5090 τριϐὴν
2689 5021 3015 5099 ποιουμένῳ,
3060 5020 3197 5089 φησὶ
3257 5020 3392 5090 πρὸς
3456 5020 3641 5073 αὐτόν·
3703 5022 3936 5085 Αὐτίκα,
3980 5017 4030 5075 ὦ

2441 5107 2614 5177 οὗτος,
2648 5113 2815 5166 ἕωθεν
2849 5115 3087 5176 ἀναστὰς
3116 5116 3194 5176 είς
3235 5114 3354 5166 τόδε
3388 5114 3449 5165 τὸ
3473 5114 3673 5184 χωρίον
3705 5114 3859 5169 ἄπιθι
3900 5116 4029 5185 (τῆς

2436 5208 2615 5273 ἠϊόνος
2674 5204 2925 5273 δηλώσας
2978 5206 3069 5258 τὸν
3116 5207 3344 5273 τόπον)’
3400 5205 3726 5274 ἐντεύξομαι
3767 5209 3871 5275 γάρ
3914 5224 4026 5269 σοι,

2438 5300 2562 5367 ἔφη,
2607 5302 2723 5350 ἐκεῖ
2760 5298 3209 5369 παραγενομένῳ.
3249 5300 3305 5353 '0
3338 5300 3415 5361 δὲ,
3464 5298 3693 5367 τάχιστα
3754 5299 3920 5351 αὐτὸν
3957 5302 4030 5353 ἐκ

2442 5388 2532 5442 τοῦ
2584 5388 2702 5439 λίαν
2756 5387 3022 5458 ἐναργοῦς
3066 5390 3159 5441 καὶ
3213 5389 3514 5460 πληκτικοῦ
3544 5389 3653 5440 τῶν
3702 5388 4033 5457 δειχθέντων

2442 5482 2516 5543 ὡς
2558 5480 2723 5543 ὕπνος
2769 5482 2988 5549 ἀνῆκεν,
3040 5481 3224 5553 ἡμέρα
3274 5499 3332 5533 τε
3392 5482 3488 5552 ἤδη
3522 5481 3861 5549 ὑπηύγαζεν,
3891 5483 4034 5535 ἁνα-

2454 5572 2581 5632 στάς
2616 5570 2709 5624 καί
2741 5588 2891 5634 τινας,
2926 5572 3147 5640 ἑτέρους
3204 5570 3312 5625 τῶν
3359 5571 3689 5639 φιλευσεδῶν
3730 5587 4035 5641 συμπαρα-

2450 5664 2646 5729 λαϐὼν,
2684 5666 2762 5727 είς
2792 5665 2853 5717 τὸ
2889 5664 3123 5733 δηλωθὲν
3160 5666 3359 5735 χωρίον
3405 5665 3593 5733 ἐφοίτα
3654 5664 3768 5722 μετ’
3819 5665 4027 5718 αὐτῶν.

2463 5755 2548 5807 Ἐν
2576 5756 2749 5822 τούτῳ
2771 5756 2826 5808 δὲ
2856 5756 2949 5807 καὶ
2970 5754 3214 5825 δελφῖνος
3246 5754 3505 5824 μέγιστόν
3521 5773 3577 5807 ,τι
3606 5756 3796 5823 χρῆμα
3828 5757 3889 5807 ὲκ
3925 5755 4029 5819 τῆς

2454 5848 2720 5919 θαλάττης
2744 5848 2917 5917 ἀνῄει,
2948 5848 3069 5919 an:
3093 5848 3291 5915 ταύτης
3309 5848 3683 5918 maele»;
3713 5849 3806 5900 καλ
3838 5848 4029 5914 ἐπειδὴ
