4128 6488
162 472 258 533 495

1383 471 1555 531 VlTA
1590 469 1648 527 S.
1697 466 2136 534 POLYEUCTI.

3289 483 3393 546 (26

150 580 482 647 ἁπαγόμενα.
532 570 630 627 Ὧν
674 577 815 645 μάλα
861 577 988 645 ἡδὺν
1020 576 1114 629 καὶ
1148 575 1347 646 θερμὴν
1377 576 1466 627 τὸν
1501 576 1692 642 γέλωτι

1816 576 2294 631 vehementissime
2345 580 2570 632 risisset.
2620 581 2767 647 prius
2812 583 3031 652 quidem
3074 588 3291 645 simulat
3326 610 3384 647 sc

148 668 470 737 καταχύσεις,
516 667 776 737 πρότερον
814 669 908 735 μὲν
938 666 1120 730 αὐτοῖς
1154 668 1501 736 ὑποκρίνεται
1543 682 1707 736 προσ-

146 760 306 812 ελθεῖν
340 758 661 829 προθύμως,
720 754 839 812 εἶτα
880 759 1004 811 καθ’
1063 759 1121 811 ἒν
1160 761 1345 812 ἐκεῖνα
1391 758 1705 829 λαμϐάνων,

145 856 224 906 καὶ
253 854 333 915 εἰς
377 853 485 923 γῆν
534 848 691 914 αὖθις
727 851 1127 923 προσαράσσων
1174 851 1353 906 πάντα
1399 850 1535 921 ὁμοῦ
1586 868 1709 903 συν-

143 944 336 1017 έτριψε,
369 946 465 997 καὶ
488 946 567 1007 εις
595 944 798 1013 λεπτὴν
823 943 973 996 ἔθετο
1008 943 1177 1045 κόνιν.
1261 1035 1272 1045 .
1394 1037 1406 1045 ι
1484 1034 1509 1045 -

202 1038 274 1090 Θ’.
322 1038 515 1107 Τούτῳ
545 1032 638 1091 οὗν
659 1037 966 1107 γενομένων
998 1036 1026 1088 ὁ
1052 1035 1320 1107 κηδεστὴς
1348 1034 1512 1088 αὑτοῦ
1541 1051 1706 1105 προσ-

142 1130 295 1183 ελθὼν
322 1130 496 1199 Φῆλιξ
532 1126 619 1201 (ἦν
640 1129 750 1200 γάρ
779 1129 886 1183 ὑπὸ
916 1128 1025 1181 τῶν
1050 1128 1317 1198 βασιλέων
1343 1128 1445 1198 ήδη
1474 1126 1704 1197 διώκτης

144 1223 508 1295 κατασταθεὶς)
532 1226 624 1277 καὶ
644 1222 771 1275 ίδὼν
795 1222 831 1276 ἀ
857 1222 1190 1284 Πολύευκτος
1217 1221 1527 1293 εἴργασται,
1567 1221 1705 1275 πάνυ

143 1319 537 1382 ἀποδυσπετῶν,
560 1317 693 1371 tbi-:6!
719 1316 964 1381 ἄτεκνος,
982 1316 1156 1383 ἔλεγε,
1178 1316 1497 1371 καθίσταται
1513 1314 1703 1384 Φῆλιξ,

144 1410 269 1461 καὶὸ
294 1411 563 1481 πρότερον
594 1411 650 1461 ἐν
684 1410 845 1462 παισὶ
881 1408 1241 1479 περίϐλεπτος
1274 1406 1530 1476 ἐξαίφνης
1580 1409 1705 1459 ἀτε-

142 1504 273 1554 κνίαν
300 1502 421 1569 ἐγὼ
445 1502 710 1571 δυστυχῶ⁸
736 1501 909 1564 οὐδεὶς
930 1500 1400 1555 Πολύευκτονοῦτε
1425 1500 1561 1554 θεῶν
1583 1500 1706 1554 οῦτε

140 1594 427 1664 ἀνθρώπων
475 1593 696 1663 ἐλεῆσαι
725 1594 971 1657 δύναται,
1027 1593 1255 1647 τοιαῦτα
1310 1594 1702 1665 τετολμηκότι,

139 1687 217 1738 καὶ
288 1688 420 1750 τοὺς
481 1687 786 1757 ἡμετέρους
864 1687 1018 1750 θεοὺς
1089 1687 1477 1759 συντρίψαντα.
1563 1687 1705 1757 Πρὸς

139 1779 286 1831 ταῦτα
315 1778 372 1831 δὲ
423 1780 453 1832 ὁ
494 1779 637 1841 θεῖος
672 1779 1005 1843 Πολύευκτος
1034 1822 1047 1845 ,
1109 1779 1295 1849 ὥσπερ
1321 1780 1399 1850 τῷ
1432 1780 1706 1851 γενομένῳ

140 1869 319 1932 μᾶλλον
380 1868 835 1939 ἐπικαυχώμενος
884 1870 1157 1940 (τοσοῦτον
1207 1871 1315 1941 γὰρ
1354 1872 1548 1941 ἀπεῖχε
1609 1872 1703 1925 τοῦ

1818 677 2068 735 prompto
2100 678 2153 720 et
2188 670 2349 722 alacri
2401 670 2584 723 animo
2633 673 2696 724 ad
2742 690 2802 726 ca
2858 678 3136 737 accedere.
3187 683 3386 739 Deinde

1815 756 2026 810 illorum
2052 760 2260 828 singula
2283 761 2580 829 accipiens,
2612 779 2663 815 et
2684 776 2931 832 protinus
2958 769 3105 823 humi
3132 772 3383 839 allidcns,

1813 848 1973 903 simul
2016 851 2271 906 contrivit
2303 855 2507 919 omnia,
2555 865 2609 909 et
2640 858 2846 929 redegit
2882 862 2935 914 in
2976 863 3229 919 subtilem
3261 869 3385 938 pul-

1814 958 1992 996 \'Cl’(‘.lll
2005 984 2016 995 .

1885 1032 1974 1086 IX.
2022 1035 2117 1089 llis
2142 1052 2271 1107 ergo
2306 1038 2479 1106 factis,
2517 1057 2640 1098 cum
2679 1045 2799 1115 ejus
2826 1061 2980 1101 socer
3014 1054 3253 1111 venisset
3284 1056 3383 1113 Fe-

1811 1123 1906 1187 lix,
1939 1125 2112 1182 fuerat
2144 1131 2285 1183 enim
2317 1131 2426 1199 jam
2461 1137 2785 1193 constitutus
2815 1153 3131 1209 persecutor
3162 1147 3231 1201 ab
3272 1150 3374 1203 im-

1811 1218 2148 1283 peratoribus
2199 1242 2209 1273 :
2263 1232 2316 1276 et
2348 1223 2571 1279 vidisset
2620 1243 2739 1296 quae
2793 1230 2997 1288 fecerat
3026 1234 3375 1308 Polyeuctus,

1811 1307 2100 1363 admodum
2132 1328 2270 1380 aegre
2305 1315 2519 1372 ferens:
2562 1318 2699 1374 Heu!
2726 1322 2877 1389 dixit,
2912 1326 3059 1382 Felix
3096 1307 3180 1385 est
3202 1335 3382 1402 priva-

1811 1405 1896 1452 tus
1919 1399 2102 1455 liberis
2130 1419 2143 1455 :
2170 1410 2224 1456 et
2244 1405 2333 1471 qui
2357 1408 2507 1475 prius
2527 1424 2676 1465 eram
2697 1411 2946 1484 insignis,
2966 1430 3020 1471 et
3044 1423 3381 1491 suspiciebar

1814 1500 2036 1560 propter
2077 1494 2237 1558 filios,
2282 1510 2506 1567 repente
2539 1519 2626 1558 me
2651 1504 2835 1576 afﬂigit
2875 1506 3104 1565 filiorum
3134 1516 3337 1571 orbitas
3365 1521 3376 1571 !

1808 1579 2001 1638 Nullus
2025 1585 2251 1641 deorum
2283 1605 2383 1644 nec
2415 1592 2697 1650 hominum
2728 1608 2905 1667 potest
2944 1602 3189 1659 misereri
3220 1605 3378 1677 Poly-

1807 1676 1972 1740 eurti,
2015 1680 2110 1746 qui
2134 1680 2257 1733 talia
2291 1693 2375 1737 est
2406 1700 2588 1750 ausus,
2616 1697 2670 1742 et
2696 1701 2915 1747 nostros
2939 1695 3069 1749 deos
3098 1701 3375 1755 contrivit.

1805 1765 1884 1819 Ad
1910 1769 2025 1823 haec
2052 1770 2212 1825 divus
2228 1772 2568 1845 Polyeuctus,
2586 1795 2650 1835 eo
2671 1784 2816 1853 quod
2838 1785 3037 1843 factum
3058 1789 3255 1859 fuerat,
3284 1813 3376 1850 ve-

1807 1858 1903 1911 luti
1936 1862 2105 1932 magis
2135 1865 2396 1933 glorians,
2426 1877 2636 1927 tantum
2664 1877 2871 1944 aberat,
2906 1892 2966 1935 ut
2996 1884 3376 1943 reformidaret

138 1965 214 2014 καὶ
242 1963 573 2016 ὑποπτεύειν
620 1979 674 2014 τι
725 1962 1048 2035 φοϐεῖσθαι),
1087 1962 1201 2017 Νῦν
1246 1964 1346 2033 μὲν
1396 1963 1527 2031 ἐγὼ,
1578 1963 1692 2033 ἔφη,

1809 1947 2027 2016 aliquid,
2083 1961 2137 2005 et
2180 1956 2560 2015 extimesceret
2606 1981 2617 2016 :
2656 1964 2811 2022 Nune
2860 1972 3115 2039 quidem,
3177 1978 3371 2048 inquit.

136 2056 315 2108 τούτων
348 2057 798 2126 καταφρονήσας,
850 2057 943 2110 ἐπὶ
998 2057 1110 2110 τῶν
1157 2057 1337 2127 ἔργων
1382 2058 1531 2120 ὅπως
1563 2058 1704 2110 εἰσὶν

135 2149 358 2211 ἀσθενεῖς
392 2148 618 2217 ἧλεγξα.
663 2150 726 2201 ΕΞ
756 2150 813 2203 δὲ
847 2149 943 2203 καὶ
996 2148 1175 2217 ἕτεροί
1213 2152 1371 2215 εἰσιν,
1423 2149 1560 2204 ἀλλά
1611 2150 1705 2201 καὶ

137 2239 264 2289 αὑτοὶ
308 2239 785 2308 προσαχθυίγτωσαν
837 2240 917 2301 είς
946 2239 1007 2290 τὸ
1044 2238 1226 2306 μέσον
1279 2239 1401 2310 εῖσῃ
1460 2238 1570 2310 γὰρ
1620 2240 1703 2292 ἐν-

135 2330 298 2383 τεῦθεν
362 2333 518 2394 ὅπως
569 2331 702 2402 παρ’
756 2330 915 2401 ἡμῶν
967 2332 1077 2385 τῶν
1119 2332 1214 2387 τοῦ
1282 2332 1519 2404 Χριστοῦ
1578 2334 1701 2388 δού-

136 2425 221 2474 λων
279 2424 641 2477 διαπτύεσθαι
667 2424 844 2479 ταῦτα
891 2424 993 2478 δεῖ.
1045 2426 1156 2479 Καὶ
1202 2428 1230 2480 ὀ
1263 2427 1427 2498 Φῆλιξ
1488 2427 1696 2499 ἀνθρώ·

138 2534 244 2569 τινα
265 2520 361 2570 καὶ
387 2518 683 2589 περιπαθῆ
732 2518 869 2588 πρὸς
920 2518 1014 2572 τὸν
1048 2519 1203 2587 ἅγιον
1234 2520 1613 2590 διανοούμενός
1636 2538 1696 2574 τε

136 2610 209 2659 καὶ
243 2610 616 2678 φθεγγόμενος
640 2626 653 2639 °
709 2609 871 2663 Ἀλλὰ
913 2610 1159 2681 θέλησον,
1193 2612 1319 2682 ἔφη,
1369 2612 1474 2666 κᾶν
1505 2614 1696 2682 μικρόν

135 2717 175 2750 τι
202 2699 481 2768 ἐπιζίῆσαι,
513 2701 842 2766 Πολύευκτε,
873 2702 980 2765 ἕως
1002 2704 1098 2773 τὴν
1124 2704 1222 2773 σὴν
1244 2707 1473 2771 γυναῖκα
1502 2704 1693 2776 θεάσῃ.

136 2792 247 2845 Ποία
277 2793 354 2855 δὲ,
408 2789 569 2845 εἶπεν
605 2794 634 2845 ὁ
678 2794 855 2862 ἅγιος,
913 2796 1172 2862 γυναικὸς
1216 2796 1293 2848 ἔτι
1340 2796 1436 2849 καὶ
1486 2799 1695 2851 τέκνων

135 2886 297 2954 ἔμοιγε
350 2888 601 2956 φροντὶς,
631 2887 691 2949 ὃς
731 2886 943 2950 οὐδενὸς
971 2888 1078 2941 τῶν
1116 2888 1470 2959 ἀνθρωπίνων
1510 2892 1692 2945 οὐκέτι

134 2976 211 3029 νῦν
254 2978 686 3050 ἐπιστρέφομαι,
721 2980 850 3049 περὶ
875 2979 944 3032 τά
974 2979 1199 3049 ούράνιά
1229 2998 1288 3033 τε
1320 2983 1413 3034 καὶ
1441 2982 1691 3053 ἄφθαρτα

137 3070 252 3135 μόνα
277 3070 376 3140 τὴν
404 3070 654 3124 διάνοιαν
682 3070 857 3139 ἔχωνς
900 3071 965 3123 Ἠ
994 3070 1051 3123 δὲ
1083 3070 1150 3142 σὴ
1197 3071 1464 3143 θυγάτηρ,
1512 3078 1559 3127 εί
1594 3075 1689 3144 μὲν

134 3158 234 3226 ἐμοὶ
261 3160 477 3227 ἕψεται,
541 3161 791 3229 μακαρία
840 3164 941 3229 τῆς
988 3159 1214 3230 γνώμης
1263 3160 1413 3215 ἔσται
1462 3162 1687 3216 καὶτοῦ

136 3251 315 3304 σκοποῦ
348 3270 361 3284 υ
400 3255 451 3305 εί
483 3253 543 3306 δὲ
608 3254 702 3322 μὴ,
756 3252 892 3307 ἀλλά
924 3254 1019 3306 καὶ
1071 3254 1208 3324 αὐτὴ
1264 3255 1359 3307 σὺν
1388 3259 1499 3317 τοῖς
1533 3256 1686 3327 ὑμῶν

135 3342 253 3405 θεοῖς
282 3343 468 3406 κακῶς
493 3343 805 3397 ἀπολεῖται.

188 3456 236 3512 l'.
262 3462 489 3529 Δὰκρυα
512 3456 609 3513 ἐπὶ
639 3459 848 3522 τούτοις
869 3460 957 3513 τὸν
978 3462 1184 3531 Φήλικα
1219 3461 1409 3533 ἔχοντα
1436 3465 1683 3534 ἀπογνῶ-

131 3564 199 3600 ναι
220 3550 474 3613 καθάπαξ
505 3566 519 3578 ·
553 3548 677 3601 ὅθεν
700 3552 793 3602 καὶ
828 3549 987 3621 διπλῇ
1021 3551 1370 3620 τυφλώττων,
1401 3553 1463 3607 ἔκ
1492 3573 1553 3608 τε
1584 3557 1683 3625 τῆς

132 3642 471 3710 περιεχούσης
528 3641 695 3694 αὑτὸν
744 3641 999 3710 ἀθυμίας,
1059 3643 1123 3696 ἐκ
1172 3662 1231 3697 τε
1287 3653 1382 3715 τῆς
1431 3648 1557 3718 περὶ
1614 3650 1682 3701 τὰ

132 3734 296 3785 εἴδωλα
327 3736 559 3802 μανίας,
589 3733 714 3799 ἄξια
739 3734 991 3787 τοσούτου
1014 3736 1238 3798 σκότους
1267 3738 1360 3790 καὶ
1383 3741 1681 3809 παρανοίας

132 3824 399 3893 ἐφθέγγετο
457 3826 687 3897 ῥήματα
713 3841 726 3852 ·
755 3826 911 3894 Οῖμοι
947 3826 958 3877 !
1003 3826 1199 3893 λέγων,
1228 3828 1311 3880 ὃτι
1343 3829 1437 3881 καὶ
1464 3830 1543 3894 σὲ,
1578 3832 1682 3883 Πο-

132 3916 345 3979 λύευκτε,
382 3918 437 3969 αί
474 3915 575 3969 τοῦ
609 3915 845 3986 Χριστοῦ
889 3921 1110 3986 μαγεῖαι
1139 3920 1570 3989 ἐξηπατήκασιν.
1623 3923 1681 3977 ’0

132 4010 320 4077 μάρτυρ
377 4009 458 4073 δὲ,
526 4007 673 4078 μάλα
719 4009 954 4073 συνετῶς
1006 4011 1100 4065 καὶ
1145 4013 1441 4078 γενναίως·
1479 4016 1551 4067 Οὐ
1605 4017 1681 4085 μὰ

130 4102 230 4162 10);
261 4102 439 4170 ἱεροὺς
470 4100 587 4153 τῶν
623 4100 916 4173 μαρτύρων
957 4102 1193 4171 ἀγῶνας,
1241 4106 1301 4158 οὑ
1337 4106 1678 4177 διαρνοῦμαι,

128 4195 233 4263 ἔφη,
261 4195 317 4246 τὸ
347 4193 424 4263 μὴ
458 4192 561 4245 ὑπ’
600 4192 811 4243 ἐκείνου
850 4193 985 4261 πρὸς
1014 4195 1112 4264 τὴν
1146 4196 1441 4263 ἐπίγνωσιν
1476 4199 1677 4269 κληθῆ-

132 4301 196 4336 ναι
230 4285 322 4353 τῆς
356 4284 665 4355 ἀληθείας·
698 4283 859 4346 αὐτὸς
919 4285 1024 4355 γάρ
1074 4286 1221 4340 ἐστιν
1269 4288 1325 4351 ὃς
1366 4291 1482 4352 ταῖς
1526 4292 1679 4361 χερσὶ

129 4378 223 4438 ταῖς
252 4378 483 4438 οἰκείαις
521 4373 627 4444 τὴν
673 4376 813 4445 ἐμὴν
842 4374 1030 4440 θέλξας
1051 4377 1249 4447 ψυχὴν,
1288 4378 1395 4431 ἀπὸ
1422 4379 1513 4433 τοῦ
1550 4382 1677 4435 σκό-

127 4482 227 4529 τους
246 4471 319 4531 είς
340 4468 401 4521 τὺ
432 4466 581 4537 φῶς,
623 4467 716 4519 καὶ
744 4466 851 4518 ἀπὸ
881 4468 979 4537 τῆς
1017 4469 1227 4539 πλάνης
1258 4472 1392 4541 πρὸς
1420 4473 1518 4542 τὴν
1543 4474 1675 4545 ἀλή-

130 4558 257 4611 θειαν
284 4560 629 4629 ἐπηγάγετο,
666 4557 1001 4629 στρατιώτην
1031 4576 1089 4611 τε
1116 4561 1277 4613 αὐτοῦ
1323 4563 1413 4615 καὶ
1442 4560 1576 4617 εἷναί
1609 4583 1675 4635 με

130 4651 200 4701 καὶ
225 4650 592 4717 ὀνομάζεσθαι
615 4648 976 4718 κατηξίωσεν.
1004 4650 1092 4703 Ἐν
1114 4646 1155 4719 ᾦ
1171 4654 1227 4705 δε
1247 4651 1418 4706 ταῦτα
1439 4655 1674 4724 ἐλέγετο,

128 4834 199 4885 τὸν
230 4836 497 4905 μάρτυρα,
537 4832 605 4887 τὸ
642 4835 785 4903 ἱερὸν
812 4834 974 4888 αὑτοῦ
1000 4839 1170 4908 στόμα
1196 4838 1385 4892 ἔπαιον
1408 4858 1421 4873 ·
1456 4841 1673 4909 μισοῦν-

128 4938 197 4985 τες
221 4925 430 4994 ἀληθῶς
454 4928 516 4978 ἐν
556 4924 760 4988 πύλαις
788 4926 1095 4998 ἐλέγχοντα,
1129 4930 1360 4997 φαύλαις
1408 4950 1463 4984 τε
1490 4934 1677 4995 ἀκοαῖς

132 5016 257 5083 ίτχὺν
282 5018 545 5085 ἀληθείας
572 5018 895 5085 ὑπενεγκεῖν
925 5023 985 5074 ού
1013 5023 1317 5093 δυνάμενοι.
1360 5026 1679 5098 Πολυεύκτῳ

128 5107 170 5158 Et
192 5110 260 5179 τῷ
282 5111 518 5181 γενναίῳ
547 5111 662 5162 τῶν
700 5113 798 5180 μὲν
826 5112 1047 5183 πληγῶν
1093 5114 1298 5169 τούτων
1332 5116 1556 5187 ἔμελλεν
1590 5120 1677 5173 οὑ-

128 5198 279 5267 διμῶς
304 5218 318 5230 ’
351 5202 505 5273 ἐώρα
534 5202 652 5273 γὰρ
675 5202 783 5256 τῶν
808 5203 947 5274 ὑπὲρ
982 5206 1147 5259 αὐτοῦ
1174 5208 1417 5263 παθόντα
1446 5210 1676 5280 Χριστὸν

133 5287 320 5359 clauim;
347 5293 523 5347 αὑτοῦ
560 5294 994 5366 παριστάμενον,
1022 5296 1079 5350 ὃν
1107 5300 1312 5363 ἐκεῖνος
1355 5306 1676 5376 καταφυγὴν

133 5378 340 5449 θέμενος,
369 5384 502 5438 οὔτε
520 5386 678 5437 κακά
692 5380 805 5456 εἶχε
826 5388 961 5457 πρὸς
985 5390 1149 5443 αὑτὸν
1172 5393 1530 5463 ἐπερχόμενα,
1552 5396 1675 5449 οὔτε

136 5473 366 5545 μάστιγας
386 5477 530 5540 ὅλως
552 5476 641 5547 τῷ
660 5478 978 5548 σκηνώματι
1006 5482 1170 5535 αὑτοῦ
1188 5488 1673 5555 προσεγγιζούσας.

184 5567 271 5622 1Δ¹.
304 5572 367 5622 Αἱ
397 5572 537 5638 γοῦν
571 5569 787 5638 πληγαὶ
814 5566 994 5638 αὗται,
1040 5575 1290 5648 καθάπερ
1329 5580 1564 5650 εἴρηται,
1599 5582 1677 5652 τῷ

135 5652 417 5730 Πολυεύκτῳ
452 5660 696 5730 βραχεῖα
744 5664 982 5731 φροντὶς,
1021 5667 1154 5736 πρὸς
1190 5668 1353 5741 ἀλλην
1386 5671 1441 5723 δὲ
1492 5674 1677 5728 διεπά-

136 5741 223 5798 his
252 5751 336 5803 τοῦ
384 5750 643 5823 πονηροῦ
678 5753 890 5823 τέχνην.
935 5758 1300 5829 Παραστήσας
1330 5764 1440 5834 γὰρ
1472 5767 1673 5830 ἐκεῖνος

136 5834 249 5906 αύτῷ
271 5844 401 5909 μετά
420 5843 521 5926 106
545 5841 817 5910 κηδεστοῦ
846 5849 935 5897 καὶ
961 5848 1059 5916 τὴν
1090 5854 1323 5916 γυναῖκα
1339 5853 1674 5926 δακρύοντας

138 5928 205 5978 καὶ
226 5910 680 6007 παθαινομένους,
709 5936 967 6005 ἐπειρᾶτο
984 5910 1153 6013 ταύτῃ
1181 5948 1425 6020 καταγὸῃ
1449 5910 1507 6003 τε
1536 5951 1675 6008 ἀπα-

504 6033 793 6092 ΡιίΊιοι..
842 6036 959 6096 Gu.
999 6037 1217 6099 CXIV.

1809 2052 1907 2107 ego
1944 2054 2039 2095 eos
2084 2054 2461 2113 contemnens,
2522 2067 2581 2105 re
2629 2055 2742 2123 ipsa
2791 2063 3029 2126 ostendi,
3065 2080 3228 2133 quam
3266 2071 3375 2124 sint

1806 2128 2081 2186 imbecilli.
2132 2134 2286 2201 Quod
2332 2141 2376 2194 si
2414 2153 2539 2197 sunt
2574 2146 2669 2202 tibi
2702 2150 2809 2212 alii,
2854 2153 2891 2206 ii
2924 2128 3140 2226 quoque
3169 2160 3223 2213 in
3257 2176 3374 2215 me-

1804 2218 1953 2275 dium
1981 2224 2340 2282 adducantur.
2384 2229 2521 2288 Hinc
2546 2237 2690 2291 enim
2725 2240 2885 2307 scies,
2916 2249 3372 2312 quemadmodum

1804 2325 1906 2367 nos
1958 2313 2163 2371 Christi
2219 2334 2405 2377 servos
2454 2340 2515 2379 ea
2564 2342 2866 2399 conspuere
2906 2348 3173 2405 oporteat.
3227 2342 3375 2397 Felix

1803 2409 1985 2456 autem
2012 2419 2136 2459 cum
2166 2407 2402 2465 humana
2426 2423 2479 2467 et
2510 2418 2803 2474 miserabili
2827 2426 3058 2491 quadam
3087 2429 3375 2487 affectione

1798 2492 1865 2546 de
1918 2505 2108 2552 sancto
2157 2501 2406 2570 cogitans
2451 2514 2507 2559 et
2561 2507 2816 2577 loquens,
2850 2515 2905 2568 Si
2929 2518 3081 2583 velis,
3114 2521 3307 2590 inquit,
3340 2541 3374 2578 ο

1799 2580 2106 2653 Polyeucte,
2138 2588 2536 2662 aliquantisper
2565 2598 2773 2663 vivere.
2804 2603 2979 2661 donec
3011 2580 3158 2664 tuam
3187 2580 3371 2669 videas

1798 2688 2043 2730 uxorem.
2093 2678 2354 2745 Quaenam
2406 2697 2584 2743 autem
2631 2693 2841 2759 adhuc,
2908 2699 3085 2770 inquit
3127 2716 3369 2771 sanctus,

1797 2766 1985 2821 uxoris
2015 2771 2122 2824 mei
2153 2789 2281 2829 cura
2316 2785 2418 2841 est,
2448 2789 2504 2837 et
2541 2781 2798 2852 ﬁliorum,
2836 2790 2926 2858 qui
2958 2809 3023 2847 ex
3057 2795 3221 2851 rebus
3266 2799 3369 2853 hu—

1795 2858 1968 2913 manis
2000 2860 2138 2916 nihil
2169 2866 2395 2922 omnino
2436 2885 2590 2939 euro,
2630 2889 2753 2931 cum
2799 2880 2850 2932 in
2885 2883 3015 2939 solis
3058 2887 3369 2947 caelestibus

1798 2964 1951 3005 mens
1969 2963 2238 3025 versetur,
2264 2962 2397 3016 etiis
2416 2963 2471 3017 in
2495 2980 2614 3033 quae
2634 2983 2741 3023 non
2763 2972 2908 3025 cadit
2932 2975 3185 3032 interitus
3208 2980 3232 3033 τ
3252 2981 3365 3037 Tua

1789 3048 1967 3095 autem
2026 3044 2153 3111 filia,
2218 3048 2263 3103 si
2314 3066 2402 3106 me
2457 3056 2673 3124 quidem
2726 3076 3003 3132 sequatur,
3057 3069 3211 3126 beata
3260 3075 3366 3128 erit

1790 3143 2011 3201 propter
2035 3150 2197 3192 suum
2247 3142 2489 3198 animum
2520 3158 2575 3201 et
2621 3150 2927 3209 institutum
2973 3159 3104 3213 :sin
3154 3163 3359 3230 minus,

1789 3223 1903 3293 ipsa
1935 3243 2150 3299 quoque
2178 3248 2301 3289 cum
2335 3240 2533 3295 vestris
2562 3241 2665 3298 diis
2699 3247 2833 3300 mala
2873 3250 3010 3305 male
3032 3254 3252 3320 peribit.

1864 3399 1929 3454 Χ.
1999 3402 2125 3460 Post
2149 3406 2263 3465 haec
2291 3409 2441 3467 Felix
2472 3414 2831 3483 profundebat
2862 3423 3142 3495 lacrymas,
3181 3444 3236 3484 ut
3265 3433 3356 3501 qui

1791 3506 1942 3561 spem
1971 3510 2188 3553 omnem
2226 3502 2532 3572 abiecisset.
2552 3507 2667 3573 Qua
2697 3511 2763 3565 de
2797 3529 2852 3568 re
2876 3514 3162 3585 dupliciter
3185 3537 3359 3578 caecu-

1792 3585 1953 3652 ticns,
1985 3604 2184 3659 nempe
2218 3603 2274 3648 et
2299 3610 2367 3649 ex
2408 3599 2727 3668 a'gritudine
2750 3606 3079 3678 animi,qum
3106 3627 3230 3671 eum
3261 3629 3361 3671 ano

1790 3676 1968 3744 gebat,
2001 3689 2056 3734 et
2093 3696 2158 3735 ex
2211 3684 2439 3749 insania,
2485 3705 2589 3759 qua
2633 3693 2910 3751 laborabat
2954 3698 3009 3754 in
3047 3702 3358 3774 simulacra,

1791 3764 2114 3835 loquebatur
2143 3772 2305 3828 verba
2365 3776 2524 3848 digna
2583 3784 2747 3838 tantis
2792 3787 3063 3855 tenebris,
3100 3802 3156 3846 et
3213 3804 3357 3851 tanta

1789 3856 2061 3915 dementia
2093 3879 2107 3916 :
2149 3864 2245 3919 llei
2285 3868 2438 3935 mihi,
2469 3872 2676 3940 dicens,
2718 3886 2768 3931 te
2799 3894 3035 3950 quoque.
3070 3900 3101 3937 ο
3127 3884 3356 3958 Polyeu-

1788 3959 1896 4015 cte,
1929 3950 2131 4006 Christi
2180 3964 2325 4012 artes
2364 3958 2606 4019 fefellere
2654 3969 2914 4037 magicae?
2950 3972 3147 4046 Martyr
3174 3950 3356 4033 autem

1786 4040 2081 4096 admodum
2113 4047 2407 4113 prudenter
2453 4063 2508 4107 et
2553 4055 2785 4115 fortiter.
2842 4061 2980 4129 Non,
3038 4040 3131 4137 per
3181 4087 3356 4135 sacra,

1789 4128 1984 4198 inquit,
2055 4147 2347 4207 martyrum
2402 4147 2721 4213 certamina,
2795 4169 2903 4207 non
2956 4173 3114 4227 nego,
3158 4177 3243 4215 me
3288 4165 3357 4219 ab

1787 4220 1877 4275 illo
1928 4239 2050 4278 esse
2104 4239 2352 4286 vocatum
2394 4234 2457 4289 ad
2501 4242 2864 4308 cognitionem
2921 4252 3181 4307 veritatis.
3239 4257 3355 4325 Ipse

1787 4314 1929 4367 enim
1952 4326 2053 4381 est,
2072 4318 2378 4392 inquit,fqui
2402 4342 2524 4382 cum
2543 4333 2657 4387 suis
2675 4337 2922 4393 manibus
2942 4358 3116 4398 meam
3141 4346 3352 4402 demul-

1786 4406 1947 4461 sisset
1971 4410 2227 4476 animam,
2260 4429 2290 4467 a
2338 4419 2578 4474 tenebris
2615 4424 2683 4477 ad
2734 4427 2930 4494 lucem,
2963 4442 3018 4487 et
3067 4436 3133 4489 ab
3166 4452 3354 4494 errore

1784 4783 1952 4843 tyrem
1977 4782 2543 4853 comprehendissent,
2567 4805 2780 4847 sacrum
2808 4811 2868 4850 os
2888 4799 3007 4867 ejus
3040 4804 3346 4871 pulsabant,

1783 4881 1906 4921 vere
1934 4869 2055 4922 odio
2088 4871 2350 4928 habentes
2375 4876 2825 4947 confutationem,
2850 4902 2967 4955 qua:
2995 4869 3113 4945 erat
3136 4893 3198 4955 in
3218 4869 3349 4948 fori¥

1781 4956 1905 5021 bus,
1936 4964 1989 5010 et
2029 4960 2184 5013 malis
2207 4963 2432 5018 auribus
2461 4982 2571 5021 non
2605 4973 2849 5029 volentes
2877 4977 3023 5033 ferre
3067 4984 3174 5037 vim
3202 4988 3347 5040 veri-

1781 5047 1926 5102 tatis.
1966 5048 2232 5105 Prarclaro
2275 5064 2457 5109 autem
2488 5057 2775 5130 Polyequ
2815 5082 2892 5122 ea:
2929 5071 3146 5139 quidem
3179 5077 3348 5146 plaga:

1779 5137 1927 5192 nullo
1960 5141 2121 5194 modo
2164 5153 2321 5197 erant
2356 5160 2521 5202 curae.
2576 5148 2802 5209 Videbat
2858 5137 3001 5213 enim
3044 5137 3341 5231 Christum,

1778 5228 1869 5296 qui
1889 5243 1985 5297 pro
2010 5244 2076 5284 eo
2096 5243 2213 5287 erat
2240 5250 2452 5303 passus,
2478 5255 2645 5311 prope
2672 5246 2845 5313 ipsum
2863 5252 3137 5307 assistere.
3171 5256 3341 5321 Quem

1779 5336 1902 5375 cum
1932 5338 2088 5378 suum
2122 5327 2392 5395 posuisset
2424 5332 2711 5402 refugium,
2746 5355 2847 5394 nec
2878 5359 2975 5412 pro
2995 5347 3150 5402 malis
3180 5350 3344 5406 habe-

1779 5412 1869 5467 bat
1898 5428 1979 5475 ea,
2012 5429 2132 5482 qua:
2166 5416 2339 5485 ipsum
2384 5419 2713 5482 invadebant
2745 5446 2757 5483 :
2785 5446 2886 5487 nec
2914 5436 3196 5504 scuticam,
3220 5456 3339 5511 qua:

1779 5503 1899 5573 ejus
1930 5520 2126 5572 corpus
2152 5509 2387 5565 caadebal

1847 5593 1937 5649 XI.
2003 5595 2111 5649 Has
2140 5613 2268 5669 ergo
2297 5602 2501 5673 plagas,
2536 5618 2593 5662 ut
2633 5610 2837 5668 dictant
2878 5626 2980 5684 est,
3021 5637 3211 5690 parum
3243 5639 3339 5680 cu-

1779 5687 1931 5740 rabat
1954 5687 2276 5757 Polyeuctus
2304 5712 2317 5747 :
2346 5695 2651 5754 luctabatur
2675 5714 2857 5761 autem
2883 5687 3141 5769 adversus
3176 5718 3337 5772 aliam

1778 5778 1976 5833 diaboli
2007 5782 2225 5853 maligni
2257 5796 2455 5841 artem:
2477 5787 2606 5845 Nam
2637 5808 2759 5848 cum
2789 5797 2875 5852 ille
2908 5800 2975 5853 ad
3016 5818 3141 5857 eum
3172 5808 3341 5863 addu-

1780 5872 1946 5926 xisset
1979 5888 2228 5931 socerum
2258 5888 2312 5933 et
2360 5897 2583 5937 uxorem
2623 5886 2998 5958 lacrymantes,
3032 5907 3086 5951 et
3112 5900 3339 5953 misera-

1786 5962 1966 6020 biliter
2003 5967 2289 6039 ejulantes,
2343 5977 2417 6026 sic
2460 5978 2755 6034 conabatur
2797 5984 2915 6054 ejus
2956 5992 3186 6044 animant
3228 5996 3342 6048 su':

2960 6081 3023 6140 Ill
