4128 6488
745 426 843 485 427

1972 413 2250 473 MENSIS
2286 410 2720 472 J-\NUAIilUS

3893 421 3981 482 $17.8

758 533 992 603 lceipere
1019 530 1324 601 praestigiis,
1368 537 1421 580 et
1472 543 1570 596 pro
1625 527 1832 580 viribus
1860 524 2153 578 dissolvere
2182 522 2291 590 ejus

2409 523 2503 591 τᾷν
2532 523 2695 576 αὑτοῦ
2735 524 2829 595 τὴν
2869 524 3066 597 ψυχὴν,
3107 527 3224 593 καὶ,
3259 529 3354 599 ὅση
3396 530 3660 599 δύναμις,
3699 532 3789 583 τὸν
3841 534 3979 583 τός-ι

746 628 905 682 robur
934 635 987 677 et
1022 621 1400 675 constantiam.
1434 617 1481 671 Is
1519 627 1699 671 autem
1733 630 1839 669 non
1868 614 2122 683 ignorans
2151 612 2307 665 mali-

742 720 827 787 gni
849 716 1090 771 insidias.
1107 729 1228 767 cum
1248 712 1489 780 seipsum
1513 710 1665 762 valde
1682 707 1885 760 utiliter
1907 704 2306 765 conturbassel,

738 810 1042 873 animanue
1092 802 1465 857 fortitudinem
1502 810 1553 854 et
1586 800 1716 851 iram
1748 798 2062 853 excitasset,
2096 803 2151 847 et
2187 807 2308 861 quae

738 921 800 956 ex
836 900 1089 971 lacrymis
1116 899 1311 960 oritur,
1345 894 1675 948 effeminata:
1710 890 1956 945 mollitiei
1991 903 2111 941 eam
2138 900 2306 955 oppo-

736 997 955 1057 suisset,
989 993 1224 1065 graviter
1254 987 1543 1043 admodum
1576 995 1631 1038 et
1660 983 1872 1038 fortiter
1907 1000 1918 1032 :
1948 980 1990 1035 Ο
2020 979 2303 1039 scelerate,

739 1091 945 1160 inquit,
1002 1098 1058 1141 et
1092 1085 1438 1155 profanorum
1499 1090 1805 1150 mystagoge
1864 1074 2301 1133 simulacrorum,

726 1200 837 1236 την
876 1198 960 1235 me
1003 1179 1278 1233 insidiosis
1344 1175 1448 1229 tuis
1494 1182 1546 1227 et
1599 1171 1781 1225 uxoris
1823 1167 2071 1237 lacrymis
2120 1165 2306 1218 studes

737 1273 1005 1326 abducere
1045 1268 1074 1321 a
1125 1266 1469 1321 confessione
1524 1265 1576 1315 in
1622 1259 1940 1316 Christum?
1978 1260 2087 1311 Cur
2120 1267 2302 1309 autem

734 1363 898 1415 defles
942 1360 1313 1430 l‘olyeuctum,
1346 1371 1467 1410 cum
1508 1353 1742 1422 teipsum
1793 1349 1962 1404 multo
2008 1347 2178 1417 magis
2205 1347 2301 1401 de-

733 1457 861 1509 ﬂere
888 1464 944 1508 et
970 1455 1150 1521 Ingere
1187 1457 1454 1518 oporteat,
1501 1455 1788 1516 propterea
1822 1443 1966 1513 quod
1995 1458 2118 1497 eum
2146 1442 2299 1512 prin-

731 1545 963 1613 eipibus,
1009 1540 1099 1609 qui
1154 1548 1280 1592 sunt
1326 1537 1392 1591 ad
1436 1547 1669 1605 tempus,
1725 1533 2000 1598 servieris,
2059 1530 2167 1600 igni
2229 1530 2302 1583 sis

733 1648 936 1692 :eterno
972 1632 1305 1687 tradendus?
1339 1630 1402 1683 lit
1433 1629 1549 1682 ha'c
1576 1626 1793 1694 quidem
1826 1624 1961 1679 dixit
1987 1637 2175 1676 socero
2203 1620 2302 1673 Fe-

735 1732 839 1784 liei.
878 1729 1167 1797 Postquam
1217 1733 1396 1778 autem
1447 1721 1581 1774 vidit
1626 1733 1851 1773 uxorem
1901 1730 2116 1787 quoque
2146 1730 2296 1768 suam

734 1822 1008 1878 Paulinam
1045 1815 1425 1873 miserabiliter
1460 1815 1869 1883 laerymantem,
1911 1820 1966 1864 et
1996 1809 2296 1864 dicentem:

2413 612 2647 668 ἐκλύειν.
2700 617 2757 670 ’0
2781 617 2835 669 δὲ
2869 620 2942 688 μὴ
2971 620 3244 690 ἀγνοήσας
3268 621 3327 673 τὸ
3360 621 3454 673 τοῦ
3488 622 3724 693 πονηροῦ
3754 623 3979 691 ἔντερον,

2409 705 2740 775 διαταράξας
2790 710 2980 762 ἑαυτὸν
3026 712 3168 763 πάνυ
3220 712 3527 781 χρησίμως,
3563 714 3624 766 τὸ
3657 716 3902 779 γενναῖόν
3931 732 3977 766 τε

2410 798 2503 850 καὶ
2537 797 2812 867 θυμοειδὲς
2856 802 2953 871 τῆς
2978 802 3154 872 ψυχῆς
3180 804 3489 873 ἀνεγείρας,
3524 806 3616 857 καὶ
3654 806 3840 875 ὥσπερ
3875 810 3979 869 ταῖς

2407 891 2516 944 ἀπὸ
2546 892 2653 943 τῶν
2683 892 2935 963 δακρύων
2977 898 3289 965 γινομέναις
3350 897 3609 968 Οηλύτησο
3666 900 3759 952 καὶ
3810 900 3950 967 μαλα

2408 984 2554 1049 κίαις
2584 986 2911 1058 ἀντιστήσας
2942 990 3093 1059 αὑτῷ
3124 992 3242 1044 λίαν
3274 990 3550 1061 ὲμϐριθῶς
3581 992 3673 1044 καὶ
3703 994 3975 1059 γενναίως,

2410 1076 2545 1145 πρὸς
2574 1078 2672 1147 μὲν
2699 1078 2793 1131 τὸν
2828 1083 3093 1153 κηδεστήν
3120 1099 3133 1113 ·
3165 1081 3233 1137 Ὠ
3259 1086 3444 1154 μιαρὲ,
3468 1086 3595 1156 ἔφη,
3622 1087 3719 1139 καὶ
3744 1085 3977 1155 βεϐήλων

2408 1168 2641 1222 εἰδώλων
2686 1177 3032 1241 μυσταγωγὲ,
3065 1175 3116 1228 τί
3165 1194 3234 1243 με
3272 1178 3536 1246 δάκρυσιν
3586 1178 3836 1239 ὑπούλοις
3877 1182 3976 1239 toi,

2410 1264 2523 1325 σοῖς
2562 1281 2620 1316 τε
2651 1267 2746 1319 καὶ
2769 1267 2866 1337 τῆς
2891 1271 3149 1334 γυναικὸς
3187 1272 3496 1341 ἀποστῆσαι
3524 1277 3621 1342 τῆς
3644 1274 3723 1335 είς
3752 1275 3979 1342 Χριστῖιν

2406 1354 2697 1424 ὁμολογίας
2734 1358 3097 1427 σπουδάζεις;
3136 1362 3201 1415 Τί
3252 1365 3309 1417 δὲ
3362 1367 3456 1417 καὶ
3503 1365 3760 1432 δακρύεις
3818 1368 3975 1419 Πολὺ-

2407 1464 2598 1501 ευκτον
2622 1490 2637 1513 ,
2684 1452 2802 1505 δέον
2835 1452 3014 1523 πολλῷ
3044 1455 3244 1524 μᾶλλον
3276 1459 3504 1511 σεαυτὸν
3546 1460 3834 1530 ὀδύρεσθαι
3889 1460 3976 1511 καὶ

2407 1542 2646 1612 θρηνεῖν,
2674 1545 2793 1597 ἀνθ’
2833 1540 2909 1601 ῶν
2944 1547 3031 1601 διὰ
3062 1551 3415 1620 προσκαίρων
3458 1551 3735 1621 ἀρχόντων
3779 1552 3975 1618 αίωνίῳ

2406 1636 2540 1704 πυρὶ
2582 1635 2981 1706 παραδίδοσαις
3034 1641 3143 1694 Καὶ
3194 1641 3369 1695 ταῦτα
3421 1643 3520 1711 μὲν
3585 1643 3720 1711 πρὸς
3768 1645 3857 1695 τὴν
3888 1662 3975 1711 κη·

2402 1725 2599 1797 δεστὴν
2642 1727 2874 1796 Φήλικα.
2920 1729 3073 1783 Ἐπεὶ
3103 1730 3159 1785 δὲ
3190 1733 3283 1785 καὶ
3319 1732 3591 1786 Παυλίναν
3622 1734 3721 1801 τὴν
3748 1739 3972 1800 γυναῖκα

2402 1815 2550 1886 ἐώρα
2586 1820 2901 1890 περιπαθῶς
2932 1822 3293 1895 δακρύουσαν,
3347 1825 3441 1877 καὶ
3486 1826 3747 1893 λέγουσαν
3772 1845 3785 1856 ·
3839 1825 3905 1877 Ὠ
3929 1827 3973 1877 τί

731 1916 871 1982 Quid
923 1914 1014 1967 tibi
1072 1911 1289 1975 accidit,
1338 1924 1370 1963 o
1406 1906 1732 1977 Polyeuctc?
1773 1903 2057 1969 Quomodo
2114 1911 2291 1956 autem

2402 1910 2697 1975 πέπονθας,
2724 1913 3028 1967 Πολύευκτε
3058 1933 3073 1981 ;
3117 1916 3236 1979 πῶς
3259 1917 3315 1969 δὲ
3346 1917 3438 1969 καὶ
3468 1918 3653 1989 ἀπάτῃ
3694 1919 3972 1987 προήχθης

732 2007 918 2060 fraude
952 2020 1011 2059 es
1041 2003 1316 2063 inductus,
1350 2007 1411 2053 ut
1436 1995 1724 2051 duodecim
1754 1995 1885 2049 deos
1911 2002 2132 2048 nostros
2163 2008 2297 2047 con-

729 2096 1037 2168 fringeres?
1072 2095 1200 2149 Eam
1234 2091 1476 2147 suaviter
1500 2088 1735 2142 irridens
1758 2095 2012 2141 sanctus:
2043 2083 2099 2138 Si
2119 2086 2288 2147 solus,

731 2193 940 2261 inquit,
982 2205 1083 2260 ego
1121 2185 1403 2242 duodecim
1441 2183 1574 2237 deos
1619 2191 1742 2235 tuos
1792 2180 1895 2235 vici
1930 2189 1986 2235 et
2017 2178 2248 2232 contrivi
2279 2194 2291 2229 ι

727 2300 859 2339 ecce
914 2282 1138 2336 deorum
1191 2293 1251 2332 es
1307 2275 1533 2331 omnino
1576 2289 1765 2344 egena.
1817 2271 2091 2326 Adesdum
2144 2285 2292 2340 ergo,

730 2375 923 2444 inquit,
960 2371 1209 2432 Paulina,
1243 2378 1296 2422 et
1332 2366 1548 2428 faciam,
1576 2375 1634 2419 nt
1661 2380 1847 2417 verum
1880 2363 2049 2416 Deum
2092 2376 2295 2431 cogno-

728 2483 869 2526 scas,
898 2480 1060 2535 quem
1093 2465 1206 2532 ipsa
1258 2460 1418 2515 stude
1468 2459 1757 2528 diligenter
1812 2457 2062 2519 adorare,
2097 2461 2153 2508 et
2194 2453 2295 2506 hac

732 2558 881 2613 brevi
913 2558 1019 2611 vita
1056 2564 1316 2619 aeternam
1347 2559 1702 2605 commutare.
1736 2548 1870 2601 Cum
1903 2547 2018 2601 haec
2047 2545 2125 2601 sic
2147 2544 2293 2599 dice-

729 2660 935 2715 rentur,
976 2658 1030 2702 et
1064 2647 1219 2701 mulli
1276 2643 1522 2698 infideles
1572 2658 1669 2711 per
1713 2642 1885 2709 ipsum
1926 2638 1993 2693 ad
2042 2637 2206 2693 fidem
2238 2636 2291 2689 in

728 2744 1006 2798 Christum
1032 2747 1508 2800 converterentur,
1526 2743 1786 2789 etomnes
1814 2741 2192 2803 persecutores
2218 2730 2292 2782 si-

731 2836 840 2890 mul
876 2839 1358 2902 congregarentur,
1398 2836 1452 2882 et
1499 2827 1695 2897 partim
1735 2825 1953 2894 quidem
1986 2813 2290 2892 promissis,

730 2927 926 2998 partim
959 2940 1088 2979 vero
1113 2924 1275 2977 etiam
1308 2921 1473 2975 minis
1494 2927 1738 2974 sanctum
1763 2916 2046 2970 studerent
2072 2915 2125 2967 in
2156 2928 2291 2966 con-

733 3020 950 3073 trariam
995 3015 1281 3068 traducere
1335 3010 1685 3065 sententiam.
1732 3007 1986 3076 quoniam
2030 3005 2175 3058 nulla
2210 3005 2294 3057 via

727 3122 781 3162 et
830 3110 1039 3161 ratione
1090 3104 1141 3157 id
1186 3102 1322 3156 effici
1370 3110 1603 3171 poterat,
1636 3114 1736 3151 nec
1759 3098 1879 3165 ejus
1908 3096 1982 3150 rei
2037 3097 2141 3149 ulla
2178 3105 2294 3149 erat

728 3215 852 3266 spes
887 3198 1112 3264 reliqua,
1144 3193 1317 3246 fertur
1346 3194 1401 3245 in
1445 3205 1568 3245 eum
1595 3187 1885 3250 sententia,
1924 3194 1982 3239 ut
2012 3200 2143 3239 ense
2168 3196 2290 3238 sta—
2318 3238 2362 3299 C

728 3292 821 3343 tim
853 3297 1082 3341 mortem
1115 3284 1323 3337 subeat.

793 3404 910 3458 XII.
954 3402 1088 3456 Cum
1124 3409 1304 3453 autem
1345 3397 1393 3451 ei
1437 3396 1547 3465 jam
1587 3410 1672 3448 res
1707 3392 1903 3447 fuisset
1932 3400 2139 3461 aperta,
2174 3400 2291 3444 erat

726 3498 907 3552 videre
931 3495 1276 3564 Polyeuctum
1308 3488 1441 3544 nihil
1481 3496 1759 3550 moestum,
1789 3484 1924 3538 nihil
1952 3484 2123 3544 triste,
2155 3483 2289 3536 nihil

724 3590 967 3649 omnino,
1006 3583 1150 3654 quod
1178 3591 1324 3636 esset
1348 3578 1640 3633 effeminati
1679 3584 1732 3629 et
1765 3575 1941 3644 pusilli
1980 3572 2167 3633 animi,
2195 3582 2288 3625 aut

724 3681 1015 3741 dicentem,
1054 3685 1145 3727 aut
1177 3673 1283 3742 pati
1323 3687 1430 3741 pra:
1461 3685 1518 3723 se
1557 3668 1822 3721 ferentem
1853 3684 1865 3719 :
1899 3665 2041 3735 quod
2071 3665 2286 3733 quidem

725 3769 1009 3824 accidisset
1038 3766 1196 3819 alicui
1223 3763 1334 3825 alii,
1358 3760 1448 3830 qui
1480 3759 1547 3812 ab
1572 3759 1672 3812 hac
1691 3758 1929 3827 jucunda
1958 3758 2076 3810 luce
2100 3766 2153 3809 et
2180 3756 2286 3809 vita

723 3870 1086 3931 separarctur.
1118 3855 1231 3910 lmo
1253 3870 1381 3909 vero
1413 3866 1665 3920 tanquam
1701 3867 1762 3905 ex
1802 3851 2042 3905 tenebris
2072 3857 2125 3903 et
2150 3849 2285 3902 allii-

722 3957 903 4009 ctione
958 3952 1022 4005 ad
1057 3952 1279 4021 gloriam
1342 3948 1597 4001 transiret
1645 3954 1698 3997 et
1742 3944 1984 4005 delicias,
2033 3958 2282 4012 magnam

722 4044 1043 4100 ostendebat
1067 4042 1305 4095 laetitiam
1330 4048 1385 4092 et
1411 4038 1575 4090 animi
1599 4037 1958 4096 alacritatem,
1988 4035 2147 4103 utqui
2169 4035 2281 4103 jam

724 4136 830 4189 frui
866 4133 1128 4202 inciperet
1165 4145 1249 4193 ea,
1298 4143 1418 4198 qua:
1453 4135 1535 4182 est
1582 4126 1711 4189 illic,
1760 4125 2118 4179 beatitudine.
2150 4125 2284 4181 Nam

722 4229 788 4282 iis
828 4239 1064 4294 quoque,
1122 4223 1212 4291 qui
1253 4221 1497 4283 aderant,
1553 4218 1850 4271 allirmabat
1897 4232 1955 4270 se
1994 4217 2280 4286 quemdam

722 4317 1071 4371 accedentem
1098 4314 1277 4367 videre
1299 4312 1719 4371 adolescentem,
1739 4318 1793 4363 et
1814 4324 1996 4363 secum
2020 4310 2279 4378 eloquen-

725 4418 853 4469 tem,
900 4415 954 4460 et
1002 4404 1253 4460 omnibus
1302 4403 1476 4457 modis
1515 4401 1858 4464 ellieientem,
1897 4409 1955 4454 ut
1996 4401 2281 4455 oblivisce-

722 4512 874 4555 retur
897 4500 1138 4557 omuium
1171 4504 1534 4548 terrenorum.
1563 4490 1672 4545 Sed
1701 4491 1848 4560 quis,
1868 4506 1899 4545 ο
1921 4491 2101 4545 divine
2127 4490 2281 4561 Poly-

2397 2004 2521 2064 τοὺς
2568 2003 2777 2058 δώδεκα
2812 2008 2967 2076 ἡμῶν
3001 2011 3297 2077 συντρίψας
3326 2011 3483 2074 θεούς
3514 2028 3529 2076 ;
3576 2011 3703 2065 Ἰἰδὺ
3742 2012 3862 2063 λίαν
3889 2014 3975 2079 ἐγ-

2397 2098 2641 2164 γελάσας
2690 2099 2825 2171 αὑτῇ
2860 2102 2887 2153 ό
2931 2100 3087 2169 ἆγιος
3120 2118 3134 2134 ·
3187 2103 3248 2155 Εἰ
3315 2106 3495 2174 μόνος,
3534 2104 3666 2172 ἐγὼ,
3696 2104 3823 2173 ἔφη,
3852 2108 3972 2165 τοὺς

2394 2188 2603 2244 δώδεκά
2644 2208 2738 2244 σου
2789 2191 2943 2256 θεοὺς
3000 2195 3302 2263 νενίκηκα,
3356 2196 3450 2249 καὶ
3508 2197 3822 2266 συνέτριψα,
3866 2196 3972 2247 ἰδοὺ

2397 2280 2536 2334 θεῶν
2570 2284 2789 2348 πάντως
2827 2287 3059 2354 γέγονας
3092 2288 3280 2359 ἐνδεής
3306 2306 3319 2318 ·
3356 2288 3515 2360 δεῦρο
3548 2285 3640 2343 οὖν
3679 2307 3788 2359 μοι,
3829 2290 3971 2343 ﬂau-

2394 2372 2535 2440 λίνα,
2572 2376 2665 2429 καὶ
2697 2384 2952 2447 γνωρίσω
2984 2395 3067 2432 σοι
3093 2380 3227 2433 Θεὸν
3248 2380 3445 2450 ἀληθῆ,
3474 2381 3532 2433 δν
3568 2382 3705 2451 αὑτὴ
3738 2399 3973 2451 προσκυ-

2394 2464 2579 2534 νῆσαι,
2611 2468 2704 2519 καὶ
2733 2467 2833 2537 τῆς
2867 2466 3127 2539 βραχείας
3151 2470 3355 2538 ταύτης
3405 2468 3551 2539 ζωῆς
3600 2470 3698 2539 τὴν
3750 2470 3973 2521 αἰωνίαν

2394 2558 2729 2625 ἀλλάξασθαι
2761 2561 3083 2615 σπούδασον.
3118 2562 3341 2616 Τούτων
3372 2563 3515 2615 οὑτω
3543 2562 3852 2631 λεγομένων
3880 2562 3973 2613 καὶ

2394 2652 2605 2704 πολλῶν
2637 2652 2884 2707 ἀπίστων
2938 2654 3004 2706 δι’
3059 2654 3224 2707 αὑτοῦ
3283 2654 3419 2725 πρὸς
3466 2654 3565 2723 τὴν
3618 2656 3695 2716 είς
3739 2654 3975 2723 Χριστὶιν

2395 2744 2579 2797 πίστιν
2616 2744 3088 2815 μεταϐαλλόντων,
3116 2748 3337 2800 πάντων
3359 2765 3415 2798 τε
3439 2745 3573 2815 ὁμοῦ
3611 2746 3719 2798 τῶν
3753 2748 3975 2799 διωκονσ

2393 2853 2502 2890 των
2527 2837 2960 2907 ἀθροιζομένων,
2985 2841 3078 2893 καὶ
3108 2838 3264 2893 τοῦτο
3299 2842 3395 2911 μὲν
3426 2839 3774 2908 ὑποσχέσεσι,
3815 2840 3974 2891 τοῦτο

2393 2927 2561 2982 δὲκαὶ
2593 2931 2843 2993 ἀπειλαῖς
2868 2934 3196 3002 μεταπεῖσαι
3218 2932 3309 2986 τὸν
3341 2933 3494 2999 ἆγιον
3519 2931 3932 2994 σπουδαζόντων
3957 2971 3972 2993 ,

2395 3022 2516 3073 ἐπεὶ
2545 3023 2750 3093 ἄπορον
2781 3018 2870 3094 ἦν,
2924 3027 3019 3077 καὶ
3064 3026 3365 3097 ἀμήχανον,
3413 3026 3505 3079 καὶ
3550 3026 3775 3094 οὐδεμία
3836 3027 3971 3094 πρὸς

2394 3111 2551 3164 τοῦτο
2597 3114 2753 3177 ἐλπὶς
2796 3116 3142 3175 ὑπελείπετο,
3193 3116 3391 3169 δίδοται
3442 3115 3571 3183 γοῦν
3634 3116 3752 3168 κατ’
3807 3115 3972 3166 αὑτοῦ

2396 3206 2768 3276 ὴάπόφασις,
2817 3208 2908 3262 τὸν
2962 3209 3049 3262 διὰ
3106 3209 3292 3279 ξίφους
3345 3209 3505 3273 εὐθὺς
3569 3209 3795 3263 θάνατον
3846 3210 3977 3261 ὑπο-

2400 3314 2610 3365 στηναι.

2472 3390 2573 3444 ΙΒ’.
2603 3392 2777 3461 Δήλου
2803 3393 2859 3445 δὲ
2885 3393 3033 3463 αὐτῷ
3058 3394 3156 3463 ἤδη
3190 3393 3281 3447 τοῦ
3307 3394 3630 3464 πράγματος
3653 3395 3970 3461 γενομένου,

2397 3483 2528 3553 όρᾷν
2562 3478 2626 3553 ἦν
2679 3485 3015 3537 Πολύευκτον
3034 3486 3185 3539 οὐδὲν
3212 3487 3456 3553 στυγνὸν,
3516 3485 3665 3539 οὑδὲν
3707 3485 3971 3553 κατηφὲς,

2396 3575 2549 3627 οὑδὲν
2589 3575 2725 3638 ὅλως
2766 3576 2898 3645 θῆλυ
2930 3578 3022 3629 καὶ
3053 3577 3332 3647 ἀγεννὲςῆ
3380 3576 3685 3645 λέγοντα,ἢ
3740 3578 3974 3644 πάσχει-ι

2398 3667 2845 3735 ὑποφαινόμενον,
2896 3670 3031 3736 ὅπερ
3081 3667 3144 3721 ἄν
3207 3685 3289 3729 τις
3355 3668 3559 3735 ὑπέστη
3609 3667 3819 3735 ἕτερος,
3874 3664 3971 3715 τοῦ

2396 3758 2548 3826 ἡδέος
2618 3759 2811 3811 τούτου
2861 3761 3037 3826 φωτὸς
3087 3759 3182 3811 καὶ
3235 3760 3330 3827 τῆς
3384 3758 3528 3825 ζωῆς
3580 3758 3970 3827 χωριζόμενος.

2408 3849 2546 3902 Ἀλλ’
2594 3851 2779 3922 ῶσπερ
2821 3852 2884 3904 ἐκ
2921 3852 3144 3913 σκότους
3186 3852 3382 3920 μᾶλλον
3414 3852 3505 3903 καὶ
3550 3851 3778 3919 θλίψεως
3834 3852 3973 3917 προς

2391 3941 2548 4006 δόξαν
2600 3945 2693 3996 καὶ
2741 3944 2952 4012 τρυφὴν
3010 3943 3371 4013 μεταϐαίνων,
3436 3944 3569 3995 πολὺ
3625 3943 3685 3995 τὸ
3740 3943 3974 4011 φαιδροί

2393 4036 2601 4089 ἐδείκνυ
2639 4039 2730 4088 καὶ
2762 4036 3018 4105 εὔθυμον,
3056 4031 3144 4089 οἷα
3175 4036 3271 4105 τῆς
3319 4035 3524 4088 ἐκεῖθεν
3565 4035 3974 4103 μακαριότητος

2393 4129 2801 4199 παραπολαύειν
2859 4131 2957 4201 ήδη
3013 4131 3332 4201 ἀρχόμενος.
3419 4127 3795 4181 Διεϐεϐαιοῦτο
3855 4130 3970 4195 γὰρ

2389 4223 2501 4281 τοῖς
2543 4219 2800 4290 παροῦσι,
2831 4222 3111 4274 νεανίσκον
3136 4223 3256 4273 τινὰ
3290 4221 3459 4286 λέγων
3485 4222 3617 4290 ὁρᾷν
3669 4222 3969 4290 προσιόντα

2394 4332 2484 4384 μοι
2541 4316 2631 4365 καὶ
2684 4313 2994 4380 ὁμιλοῦντα,
3035 4316 3129 4366 καὶ
3153 4316 3285 4366 πᾶσι
3334 4314 3553 4380 τρόποις
3608 4316 3970 4381 παρασκεοά-

2390 4406 2550 4471 ζοντά
2578 4425 2643 4477 με
2689 4412 2904 4463 πάντων
2938 4408 3288 4472 ἐπιλαθέσθαι
3322 4408 3430 4460 τῶν
3473 4407 3751 4474 ἐπιγείων.
3802 4407 3971 4457 Ἀλλὰ

2387 4504 2469 4565 τίς
2525 4504 2590 4557 ἄν
2646 4521 2769 4567 σου,
2809 4504 2917 4556 θεῖε
2968 4502 3293 4567 Πολύευκτε,
3338 4501 3493 4553 τοῦτο
3533 4502 3595 4571 δὴ
3651 4504 3740 4553 καὶ
3800 4503 3971 4567 μόνον

720 4602 897 4656 euete,
943 4596 1046 4644 hoc
1076 4589 1159 4641 vel
1199 4588 1274 4641 tui
1310 4587 1481 4640 solum
1523 4584 1849 4638 laudandum
1881 4599 2186 4648 assumens,
2230 4594 2281 4637 te

2396 4596 2670 4649 ἐπαινέσαι
2728 4595 3093 4664 παραλαϐὼν,
3154 4593 3302 4659 ἀξιον
3360 4592 3521 4645 αὑτοῦ
3586 4593 3675 4644 τὸν
3741 4592 3968 4643 ἔπαινον

720 4688 936 4756 dignam
990 4680 1158 4751 possit
1214 4679 1423 4731 laudem
1460 4675 1787 4730 contexere?
1833 4673 1965 4727 Nam
1998 4689 2119 4727 cum
2168 4674 2278 4741 jam

720 4792 872 4832 esses
907 4771 1387 4831 cousummaudus,
1421 4778 1474 4821 et
1514 4782 1607 4836 per
1637 4782 1849 4819 sacrum
1886 4776 2037 4819 tuum
2074 4767 2283 4834 sangui-

722 4884 844 4923 nem
873 4866 1114 4920 divinum
1146 4861 1495 4929 baptisnmm,
1531 4866 1585 4911 et
1623 4858 1676 4910 in
1698 4856 1913 4911 Christo
1945 4857 2279 4926 signaculum

720 4971 1117 5028 accepturuszo
1139 4968 1452 5025 generosam
1477 4952 1735 5003 animam!
1753 4965 1784 5003 o
1811 4959 2045 5002 mentem
2071 4950 2278 5001 firmam

720 5065 774 5106 et
808 5051 1054 5105 stabilem
1084 5060 1137 5101 et
1164 5062 1193 5098 a
1236 5041 1517 5098 mendacio
1566 5042 1799 5095 alienam
1833 5043 1845 5093 ι
1900 5056 2000 5093 nec
2032 5040 2109 5093 sic
2140 5041 2277 5093 ami-

721 5144 860 5197 citia:
904 5137 1129 5193 Nearehi
1160 5152 1219 5191 es
1253 5134 1472 5196 oblitus,
1505 5133 1595 5186 sed
1638 5146 1761 5185 eum
1792 5131 2082 5199 aspiciens,
2129 5129 2277 5194 Vale,

724 5235 917 5304 inquit,
954 5230 1216 5294 Nearche,
1267 5237 1320 5283 et
1352 5236 1633 5297 pactorum
1675 5232 2066 5278 conventorum
2100 5238 2280 5277 recor-

722 5329 867 5381 dare.
903 5324 1051 5378 lianc
1073 5330 1290 5383 cumtu,
1324 5322 1405 5374 vir
1438 5320 1611 5385 fortis,
1643 5332 1853 5383 vocem,
1883 5327 2135 5386 tanquam
2158 5318 2281 5371 ulti-

724 5434 870 5474 mum
902 5416 1117 5485 aliquod
1150 5416 1372 5478 donum,
1411 5415 1584 5468 amico
1615 5413 1944 5482 reliquisses,
1992 5412 2056 5465 ad
2089 5427 2275 5466 ensem

722 5508 1053 5580 processisti,
1096 5518 1150 5560 et
1200 5522 1292 5575 per
1334 5522 1457 5559 cum
1504 5504 1701 5557 illatam
1749 5512 1977 5557 mortem
2028 5514 2278 5573 prompto

726 5612 772 5657 3:
802 5600 965 5653 alacri
1002 5598 1181 5649 animo
1214 5596 1446 5649 subiisti.

784 5690 921 5745 XIII.
963 5689 1097 5742 Cum
1136 5688 1213 5739 sic
1264 5695 1441 5739 autem
1496 5682 1689 5737 fuisset
1733 5694 2139 5738 consummatus
2172 5683 2275 5739 Po-

715 5784 990 5853 lyenetus,
1032 5776 1329 5848 pretiosum
1367 5776 1584 5845 quidem
1640 5776 1760 5845 ejus
1799 5791 2017 5845 corpus,
2067 5777 2157 5845 qui
2210 5792 2272 5831 ex

715 5874 972 5929 lratribus
1016 5882 1171 5927 erant
1200 5869 1593 5935 'studiosiores,
1629 5869 2000 5938 deposuerunt
2038 5869 2090 5923 in
2122 5868 2273 5923 Meli-

2391 4680 2619 4748 ἠδύνατο
2651 4682 2870 4733 πλέκειν
2896 4699 2910 4747 ;
2952 4680 3174 4734 Μέλλων
3202 4681 3309 4750 γὰρ
3340 4682 3439 4749 ήδη
3473 4680 3830 4743 τελειοῦσθαι,
3868 4682 3970 4732 καὶ

2388 4774 2473 4825 διὰ
2516 4772 2608 4825 τοῦ
2655 4774 2885 4842 αἵματός
2917 4790 3009 4825 σου
3042 4772 3137 4825 τοῦ
3185 4772 3331 4842 ἱεροῦ
3379 4773 3439 4824 τὸ
3484 4772 3625 4824 θεῖον
3674 4772 3967 4842 βάπτισμα

2389 4860 2483 4911 καὶ
2511 4856 2610 4925 τὴν
2641 4861 2698 4911 ὲν
2737 4860 2954 4929 Χριστῷ
3004 4861 3275 4931 σφραγῖδα
3316 4860 3613 4929 λαμϐάνειν
3663 4862 3727 4929 (ὦ
3780 4860 3971 4930 duxi;

2388 4952 2679 5021 γενναίαςί
2715 4952 2759 5005 ὣ
2807 4952 3030 5023 γνώμης
3059 4954 3280 5023 βεϐαίας
3319 4955 3411 5006 καὶ
3445 4954 3708 5022 ἀψευδοῦς
3738 4957 3800 5025 ἶ),
3836 4956 3967 5007 οὲεὲ

2387 5044 2528 5098 οὕτω
2566 5049 2664 5117 τῆς
2710 5048 2961 5117 Νεάρχου
3008 5046 3187 5115 φιλίας
3240 5047 3296 5099 ἐν
3344 5046 3481 5117 λήθῃ
3514 5046 3765 5112 γέγονας,
3820 5046 3969 5098 ἀλλα

2387 5138 2730 5207 προσϐλέψας
2757 5137 2903 5206 αὐτῷ
2938 5153 2950 5167 ο
2990 5131 3060 5188 Ὦ
3084 5137 3317 5206 Νέαρχε,
3378 5136 3606 5202 ὑγίαινε,
3638 5135 3835 5201 λέγεις,
3866 5134 3972 5183 καί

2389 5230 2637 5303 μέμνησό
2668 5248 2767 5300 μου
2800 5230 2908 5281 τῶν
2944 5228 3246 5299 συνθηκῶν.
3302 5228 3517 5297 Ταύτην
3574 5226 3838 5295 γενναίως
3896 5230 3969 5278 σὶι

2385 5321 2483 5391 τὴν
2509 5320 2711 5391 φωνὴν,
2744 5314 2853 5372 οἷόν
2897 5336 2947 5371 τι
2990 5317 3297 5370 τελευταῖον
3326 5317 3555 5385 δώρημα
3584 5313 3658 5383 τῷ
3690 5312 3830 5380 φίλῳ
3860 5331 3972 5364 κα-

2386 5411 2651 5477 ταλιπὼν,
2684 5410 2817 5481 πρὸς
2840 5410 2900 5463 τὸ
2928 5408 3077 5477 ξίφος
3104 5409 3351 5479 ἐχώρεις,
3402 5407 3495 5460 καὶ
3537 5405 3626 5458 τὸν
3671 5404 3738 5456 δι’
3786 5406 3970 5457 αὑτοῦ

2387 5506 2613 5560 θάνατον
2644 5504 2939 5573 προθύμως
2964 5503 3197 5573 ὑπέρχῃ.

2456 5594 2553 5648 ll".
2586 5594 2740 5647 Οὕτω
2766 5592 3052 5662 τοιγαροῦν
3078 5590 3172 5643 τοῦ
3204 5589 3344 5642 θείου
3370 5588 3705 5642 Πολυεύκτου
3737 5584 3972 5637 τελειιυο

2386 5689 2587 5749 θέντος,
2614 5686 2676 5738 τὸ
2708 5686 2805 5756 μὲν
2829 5686 3009 5755 τίμιον
3036 5682 3200 5736 αὑτοῦ
3243 5683 3402 5752 σῶμα
3449 5683 3498 5733 οἱ
3544 5678 3975 5744 σπουδαιότερα

2382 5782 2493 5833 τῶν
2521 5778 2765 5847 ἀδελφῶν
2810 5779 2867 5829 ὲν
2920 5776 3195 5846 Μελητινῇ
3227 5774 3631 5833 κατατίθενται,
3667 5769 3818 5823 πόλει
3862 5769 3977 5839 τῆς

2387 5873 2704 5944 οΑρμενίας,
2738 5871 2961 5925 αἰωνίαν
2988 5870 3129 5924 οὕτω
3160 5868 3523 5940 κληρονομίαν
3549 5868 3757 5925 ἑαυτοῖς
3802 5881 3979 5932 περ.-
