4128 6488
157 404 239 469 420
1152 405 1321 462 ΧἸΤΑ
1364 404 1421 459 S.
1468 403 1787 463 MARCIA?

1777 406 1836 461 κει
1882 403 2369 464 Passum-nu.
2666 377 2673 383 ’
3304 396 3407 455 430

164 517 527 583 ποιησάμενοι.
586 514 794 583 Τετρὲις
834 513 889 563 δὲ
924 511 1031 563 τῶν
1059 514 1280 583 ἡμερῶν
1313 510 1401 582 ἦν,
1459 515 1575 583 ἥτις
1623 514 1727 584 ἄρα
1761 520 1794 577 Α

1780 520 1961 577 \tcne
1996 516 2215 569 civitate
2271 514 2561 573 Armenia‘,
2604 524 2862 566 aétcrnatn
2915 512 3284 564 limreditateiu
3331 518 3410 565 sie

159 609 229 659 nl.
253 608 312 658 τὸ
336 606 488 669 τέλος
516 600 625 658 εἶδε
662 604 1022 668 Πολυεύκτου,
1056 608 1148 656 καὶ
1182 603 1275 655 τοῦ
1328 608 1578 672 σώματος
1620 608 1719 672 τὴν

1832 604 1935 657 sibi
1969 606 2334 673 acquirentes.
2388 602 2510 656 Fuit
2548 614 2727 656 autem
2774 603 2891 656 dies
2925 614 3173 671 quartus,
3208 602 3299 669 qui
3335 606 3406 653 vi-

161 700 452 753 κατάθεσιν.
508 698 889 769 Ὑπηρέτησεν
931 695 1167 750 ἐνταῦθα
1195 697 1289 750 καὶ
1318 697 1586 768 Νέαρχος,
1622 698 1715 751 τοῦ

1825 695 1903 748 dit
1942 696 2104 749 linem
2131 696 2402 765 Polyeucti
2427 707 2481 750 et
2508 696 2751 764 corporis
2780 694 3199 763 depositionem.
3230 693 3404 747 luser-

162 794 289 857 ςίλου
328 795 427 845 καὶ
460 792 737 862 μάρτυρος
761 786 898 860 αἷμα
933 789 1138 853 λαϐὼν,
1169 791 1265 843 καὶ
1297 791 1527 861 λαμπρᾷ
1556 791 1718 864 ὀθόνῃ

1830 788 1906 841 vit
1970 797 2152 842 autem
2192 788 2281 841 hic
2310 804 2527 858 quoque
2563 787 2866 850 Nearchus,
2899 788 2989 855 qui
3021 798 3245 855 accepto
3283 802 3406 840 sau-

160 884 321 943 τιθεὶς,
348 882 443 934 καὶ
479 882 556 944 εἰς
591 879 688 947 τὴν
716 878 1089 933 Χανανεωτῶν
1140 878 1295 931 πόλιν
1320 877 1719 948 μετακομίσας,

1829 880 1989 950 guiue
2016 882 2288 951 martyris,
2321 896 2442 935 cum
2477 897 2602 936 eum
2640 882 2692 933 in
2727 880 2900 934 nitido
2928 881 3278 948 imposuisset
3305 880 3402 932 liu-

161 976 295 1028 ὶπλον
326 976 626 1043 amr-pix,
675 974 767 1024 καὶ
802 970 1003 1040 κλῆρον
1037 969 1205 1033 ὅντως
1244 972 1513 1041 μακάριον
1536 969 1719 1031 αὐτοῖς

1832 984 1938 1033 teo.
1970 975 2206 1043 portavit
2242 975 2293 1028 iu
2326 976 2601 1031 civitatem
2645 977 3158 1037 Cbananaaotarum,
3192 974 3402 1030 duuaus

161 1070 275 1138 δωρη
286 1070 353 1121 si
360 1086 541 1138 μενος.

1832 1067 1878 1119 ei
1914 1084 2060 1121 arma
2089 1070 2300 1135 salutis,
2326 1079 2381 1124 et
2421 1085 2546 1125 vere
2581 1072 2790 1124 beatam
2830 1069 3224 1125 lucreditateiu.

217 1162 340 1216 XIV.
386 1163 463 1231 (a)
496 1163 620 1217 Hmc
656 1170 805 1231 gesta
843 1169 969 1214 sunt
998 1169 1243 1227 tempme
1285 1158 1432 1212 Uecii
1468 1168 1525 1212 ct
1556 1156 1827 1212 Valeriani
1856 1162 1905 1214 iu
1955 1164 2126 1232 prima
2152 1164 2391 1220 Orientis
2424 1164 2824 1237 persecutione.
2862 1167 2996 1219 Nam
3042 1164 3145 1218 fuit
3189 1164 3406 1233 quidem

164 1249 1359 1324 primomartyrHierosnlymissacratissimus
1380 1249 1709 1319 Stephanus,
1776 1256 2015 1309 secundo
2065 1268 2246 1311 autem
2303 1257 2650 1311 Pbiloromus
2702 1258 2755 1309 iu
2809 1251 3130 1309 Alexandria
3179 1257 3408 1310 civitate

161 1346 372 1416 θεωρῇ,
400 1356 458 1399 et
504 1346 667 1400 tertio
696 1345 856 1400 divus
887 1342 1210 1413 Pulyeuctus
1260 1344 1315 1395 in
1355 1341 1609 1398 Melitcne
1638 1343 1909 1401 Armenia.-
1932 1359 2126 1417 quarto
2157 1350 2279 1405 ldus
2320 1349 2583 1404 Januarii.
2617 1348 2666 1404 ls
2692 1364 2835 1419 smpe
2864 1364 2922 1402 se
2946 1364 3191 1417 magnam
3220 1365 3405 1401 curaui

162 1456 289 1509 agere
321 1439 784 1503 Christianorum,
818 1438 976 1494 etiam
1012 1448 1137 1507 post
1168 1448 1421 1501 mortem,
1448 1454 1553 1491 non
1580 1438 1773 1492 leviter
1808 1449 1864 1493 et
1912 1442 2167 1508 obscure,
2202 1444 2292 1498 sed
2326 1454 2509 1513 aperte
2540 1453 2593 1497 et
2637 1443 2917 1498 evidenter
2943 1442 3204 1496 ostendit.
3232 1442 3405 1506 Quid-

164 1536 201 1587 ni
226 1535 362 1588 enim
403 1532 627 1597 faceret,
668 1534 763 1603 qui
803 1533 926 1587 talis
955 1542 1091 1593 erat.
1125 1540 1180 1585 et
1201 1547 1377 1603 genus
1406 1532 1556 1587 illinc
1608 1532 1860 1599 ducebat,
1891 1546 1948 1590 et
1981 1538 2224 1606 ejusdem
2262 1538 2439 1593 fuerat
2478 1537 2817 1593 sodalitatis?
2848 1538 3135 1601 nobilium,
3169 1537 3406 1604 inquam.

160 1640 200 1681 et
221 1629 501 1681 iliustrium
543 1645 609 1682 ex
642 1628 745 1683 [ide
797 1629 852 1682 in
888 1627 1170 1682 Christum
1206 1644 1218 1680 :
1256 1633 1349 1697 qui
1382 1628 1750 1697 sequebantur
1782 1631 2001 1699 quidem
2041 1632 2299 1688 Marcum'
2323 1635 2400 1703 (ὅ)
2440 1644 2846 1704 imperatorem,
2887 1634 3085 1686 bellum
3119 1641 3401 1701 gerentem

164 1725 400 1777 adversus
454 1723 745 1787 Barbaros,
776 1738 928 1793 aqua:
970 1734 1149 1777 autem
1196 1725 1424 1793 penuria
1481 1724 1765 1779 laborabat
1814 1727 2185 1783 llomanorum
2231 1732 2526 1794 exercitus,
2580 1731 2859 1799 tristisque
2904 1740 3023 1784 erat
3084 1729 3404 1797 imperator.

161 1830 261 1867 cum
306 1816 494 1869 hostes
543 1816 768 1884 quidem
812 1816 967 1871 valde
1000 1816 1415 1879 invalescerent,
1454 1816 1574 1871 sitis
1623 1826 1806 1871 autem
1873 1819 2014 1872 inter
2043 1830 2241 1874 caetera
2274 1832 2485 1876 nostros
2508 1832 2746 1875 vexaret.
2794 1822 2832 1874 li
2863 1832 3042 1874 autem
3071 1817 3269 1873 Christi
3303 1818 3409 1870 fur-

164 1924 227 1963 Ies
254 1911 473 1973 milites,
504 1914 597 1981 qui
621 1912 870 1968 eamdem
895 1912 1195 1982 implebant
1220 1912 1507 1981 legionem,
1535 1928 1698 1982 quam
1725 1912 1813 1967 hic
1840 1917 2183 1971 venerandus
2207 1928 2429 1988 martyr,
2473 1934 2597 1972 eum
2630 1933 2688 1973 se
2726 1930 3092 1989 separasscnt,
3140 1931 3193 1972 et
3221 1918 3405 1987 procnl

163 2012 218 2063 ab
238 2012 478 2065 exercitu
506 2010 893 2072 removissent,
918 2024 1114 2063 manus
1144 2007 1363 2078 quidem
1420 2010 1535 2077 pias
1586 2009 1653 2063 ad
1710 2009 1878 2065 Deum
1920 2014 2129 2074 tollunt,
2198 2015 2365 2084 piam,
2404 2031 2524 2084 qua
2570 2015 2639 2070 ab
2689 2016 2768 2069 eis
2805 2015 3195 2077 bonorabatur,
3248 2014 3405 2066 ﬁdem

162 2112 404 2164 acerrime
475 2106 838 2178 proferentes.
891 2106 1103 2176 Rogant
1142 2114 1325 2159 autem
1380 2104 1473 2158 Dei
1534 2105 1933 2172 miserationes,
1992 2118 2043 2162 ut
2098 2124 2193 2163 eos
2241 2110 2491 2178 benignis
2548 2111 2718 2164 oculis
2765 2112 3105 2176 aSpicereut,
3163 2118 3216 2162 ct
3269 2109 3406 2160 hanc

160 2202 409 2257 solverent
460 2203 865 2264 necessitatem,
926 2216 1045 2269 qua:
1084 2200 1429 2270 opprimebat
1478 2200 1904 2256 multitudinem.
1974 2203 2112 2257 Cum
2169 2203 2241 2255 illi
2294 2204 2372 2256 sic
2420 2215 2691 2262 orassent.
2726 2206 2839 2258 suis
2870 2220 2976 2256 non
3012 2213 3138 2256 sunt
3170 2201 3401 2254 fraudati

158 2299 406 2365 precibus.
427 2296 857 2351 Nondum-enim
887 2295 1300 2365 precationibus
1335 2296 1498 2351 ﬁnem
1532 2297 1928 2367 imposuerant,
1956 2309 2011 2352 et
2045 2300 2214 2353 densa
2245 2300 2419 2353 nubes
2444 2301 2642 2354 cmlum
2674 2300 2917 2360 subiens,
2957 2315 3136 2353 aerem
3184 2298 3400 2367 quidem

160 2392 375 2461 implevit
407 2394 613 2445 tonitru
661 2408 676 2445 :
712 2390 922 2461 fulgura
957 2399 1140 2444 autem
1177 2389 1313 2444 elisa
1335 2389 1631 2453 micabant,
1661 2400 1717 2443 et
1763 2393 1928 2445 multa
1955 2392 2135 2461 erupit
2158 2393 2358 2461 pluvia,
2413 2394 2550 2447 adeo
2581 2403 2656 2456 ut,
2685 2395 2811 2447 dum
2841 2394 2918 2448 sic
2976 2393 3245 2446 ferrentur
3304 2391 3401 2443 fui-

160 2486 281 2540 mina
325 2496 377 2541 et
408 2486 636 2547 imbres,
664 2488 891 2540 recreati
923 2485 1139 2553 quidem
1161 2485 1273 2539 sint
1306 2484 1625 2547 Christiani,
1653 2486 1870 2553 plurimi
1896 2499 2075 2542 autem
2102 2490 2320 2544 Barbari
2349 2490 2673 2553 interierint,
2699 2500 2752 2542 et
2774 2504 2835 2542 ex
2862 2504 2930 2543 eo
2975 2489 3045 2543 sit
3094 2489 3232 2559 legio
3266 2498 3405 2542 nuu‘

159 2590 325 2647 cupata
356 2579 773 2648 κεραυνοΰόλος,
804 2580 854 2633 id
885 2590 988 2641 est,
1016 2579 1325 2634 Fulminum
1357 2580 1646 2649 jaculatrix
1701 2580 1777 2648 (6)
1833 2582 2115 2652 hucusque
2141 2584 2352 2655 cognita
2383 2601 2447 2639 ex
2481 2585 2581 2637 hac
2615 2586 2791 2654 magni
2822 2585 3064 2638 miraculi
3092 2584 3399 2638 eﬂectionc'

162 2671 215 2723 ad
256 2672 478 2742 gloriam
512 2672 708 2734 Patris,
747 2682 800 2725 ct
831 2670 971 2737 Filii,
1021 2682 1075 2726 et
1111 2672 1343 2742 Spiritus
1392 2672 1587 2737 sancti,
1646 2674 1807 2727 unius
1854 2685 1907 2729 et
1947 2678 2427 2733 consubstantialis
2454 2678 2771 2731 divinitatis.
2817 2680 2913 2731 Cui
2948 2680 3401 2732 convenitonniis

160 2763 323 2831 gloria.
358 2765 539 2819 honor
569 2774 623 2817 et
651 2764 917 2829 adoratio,
945 2780 1093 2819 nunc
1131 2775 1188 2818 et
1220 2765 1275 2816 in
1318 2764 1511 2817 sarcula
1544 2765 1888 2819 saeculorum.
1915 2772 2107 2821 Amen.

215 2902 283 2963 (5)
322 2902 456 2956 Vide
506 2900 975 2971 TertulLApolog.
1018 2910 1070 2956 et
1109 2900 1305 2955 Euseb.
1354 2898 1491 2955 Caes.
1530 2902 1733 2955 Hutor.
1778 2900 1919 2957 Eccl.
1953 2906 2043 2958 lib.
2075 2923 2124 2968 v,
2154 2923 2201 2961 c.
2231 2909 2282 2961 5.

214 2975 279 3041 (6)
318 2974 423 3026 Alii
470 2982 689 3027 vertunt
714 2969 1013 3026 Fulmineo.

206 3095 267 3156 ia)
303 3094 423 3153 Que
446 3098 727 3155 sequuntur
746 3096 926 3142 desunt
956 3092 1007 3141 in
1028 3095 1199 3142 codice
1228 3105 1303 3141 ms
1357 3093 1543 3143 Greco.
1569 3093 1705 3141 Ευιτ.
1736 3093 1884 3141 Pun.

1462 3213 3390 3251 Ἠ

612 3234 937 3243 .——-____

174 3218 604 3245 ιλππ

1234 3378 1486 3461 ΒΙΟΣ
1550 3378 1742 3460 ΚΑΙ
1792 3376 2329 3462 ΠΟΛΙΤΕΙΑ

271 3568 583 3685 ΤΟΥ
648 3570 1112 3686 ΟΣΙΟΥ
1173 3567 1791 3685 ΠΑΤΡΟΣ
1860 3570 2306 3685 ΗΜΩΝ
2368 3568 3284 3684 ΜΑΡΚΙΑΝΟΥ

1720 3808 1780 3823 1“

1056 3953 1337 4041 VITA
1412 3952 1564 4040 ΕΤ
1632 3944 2473 4041 CONVERSATIO

562 4168 681 4276 S.
784 4167 910 4275 P.
1009 4164 1150 4275 Ν.
1250 4160 1953 4275 MARCIANI
2044 4156 2935 4270 PRESBYTERI

1012 4400 1115 4451 om
1169 4400 1308 4441 ron
1339 4397 1685 4442 ozeonouus
1714 4397 1947 4442 meum
1981 4393 2279 4440 scccesm
2309 4396 2401 4439 cr.
2432 4382 2511 4459 (7)

1560 4535 1767 4613 (Anno
1801 4533 1964 4610 450.)

156 4692 176 4735 ξ.
202 4690 388 4739 duobus
418 4704 547 4739 mss.
591 4688 777 4737 Graecis
800 4688 919 4736 bibl'.
948 4687 1063 4749 imp.
1092 4686 1239 4735 Paris.
1270 4700 1317 4732 η.
1350 4684 1486 4742 1:556,
1511 4697 1623 4733 nec.
1650 4700 1718 4743 xl,
1750 4693 1797 4731 et
1825 4698 1869 4732 n.
1905 4684 2039 4743 It67,
2063 4696 2175 4733 saec.
2205 4699 2278 4731 xu
2311 4700 2324 4744 ς
2350 4683 2523 4733 Latine
2548 4684 2674 4747 apud
2698 4686 2898 4733 Suriunl
2937 4685 3067 4732 diem
3109 4687 3166 4734 ad
3195 4686 3251 4735 ιο
3274 4686 3363 4733 Jan

1595 4771 1728 4821 Enrr.
1757 4771 1924 4829 l‘nn.)

188 5102 257 5151 A'.
301 5100 486 5151 Πολλὰ
532 5098 643 5167 μὲν
684 5099 777 5149 καὶ
819 5095 947 5147 ἄλλα
986 5095 1053 5146 τὰ
1094 5094 1188 5163 τὴν
1230 5094 1470 5161 βασιλίδα
1499 5098 1705 5161 ταύτην
1734 5098 1775 5154 C

1754 5098 1775 5154 ζ
1883 5092 1922 5143 l.
1968 5089 2102 5142 Sunt
2134 5089 2353 5156 quidem
2401 5090 2566 5141 multa
2614 5104 2830 5157 quoque
2891 5089 3038 5152 alia,
3082 5106 3201 5159 quae
3249 5093 3384 5144 hanc

137 5195 451 5259 ςέμνὺναντα
499 5192 707 5243 πόλιν·
742 5188 917 5257 Θρόνοι
969 5204 1024 5239 τε
1078 5185 1359 5254 βασιλέων,
1408 5188 1501 5238 καὶ
1538 5185 1703 5236 πλοῦ-

1817 5182 2015 5249 rcgiam
2056 5191 2323 5234 exornant
2363 5183 2669 5243 civitatem,
2706 5184 3092 5247 imperatorum
3133 5183 3289 5235 sedes
3332 5196 3382 5235 et

136 5300 221 5347 3;,
241 5290 331 5339 καὶ
360 5285 549 5352 κάλλη
594 5279 933 5337 παντοδαπὰ.
963 5278 1108 5339 θέσις
1131 5294 1185 5327 τε
1215 5278 1307 5328 καὶ
1333 5275 1581 5345 μέγεθος,
1615 5278 1710 5328 καὶ

1813 5285 2211 5342 opes,etumue
2243 5289 2412 5342 genus
2443 5272 3072 5343 pulchritudo,situsque
3093 5284 3143 5327 et
3178 5276 3350 5339 magni

135 5381 275 5447 τείχη,
329 5379 621 5447 πολεμίας
669 5374 845 5443 χειρὸς
885 5375 1196 5443 κρείττονα’
1248 5371 1396 5422 οὐδὲν
1440 5369 1708 5433 οὖτωςὼς

1815 5366 1965 5425 tudo.
1988 5375 2041 5417 et
2082 5381 2302 5426 mmma.
2331 5380 2451 5430 qua:
2481 5373 2607 5417 sunt
2636 5364 2813 5417 hostili
2842 5382 3002 5418 manu
3035 5366 3336 5433 potentiora
3369 5384 3376 5415 :

136 5471 308 5542 ἀνδρῶν
337 5473 676 5543 φιλαρέτων
709 5467 1034 5536 σεμνύνουσι
1062 5466 1185 5533 βίοι.
1211 5458 1369 5517 Οὗτοι
1397 5465 1501 5531 γὰρ
1523 5465 1708 5516 πλεῖον

1810 5459 1942 5511 nihil
1980 5469 2155 5512 autem
2192 5460 2238 5510 ei
2271 5457 2428 5511 aliert
2453 5475 2603 5527 aeque
2636 5474 2885 5528 magnum
2923 5459 3088 5511 decus
3125 5469 3178 5510 et
3221 5474 3386 5511 orna-

142 5564 214 5621 ῑιὲν
244 5566 542 5632 ἐμποιοῦσι
580 5562 647 5614 τὸ
676 5562 897 5627 τέρπον,
925 5560 1107 5610 πλεῖον
1134 5558 1189 5609 δὲ
1221 5558 1279 5608 τὸ
1306 5555 1511 5624 Οαῦμα,
1536 5558 1705 5607 πλείω

1812 5562 2051 5606 utentum
2075 5594 2087 5615 ,
2132 5562 2293 5618 atque
2355 5552 2461 5604 vita
2510 5553 2745 5605 virorum
2779 5551 3044 5603 bonorum
3077 5563 3131 5603 et
3163 5552 3380 5602 virtuts

214 5658 371 5727 ταύτῃ
432 5650 810 5723 περιποιοῦσι
862 5650 955 5700 καὶ
1000 5648 1098 5717 τὴν
1152 5647 1441 5712 ὠφέλειαν.
1500 5646 1597 5696 Διὰ
1642 5645 1702 5713 δὴ

1807 5645 2124 5696 amantium.
2163 5644 2198 5695 li
2234 5645 2378 5697 enim
2409 5644 2666 5712 majorem
2718 5642 2935 5710 quidem
2964 5642 3199 5694 aﬂerunt
3232 5642 3378 5694 ὀριν-

194 5813 255 5875 (7i
292 5811 563 5867 Sanctum
600 5806 961 5875 Marcianum
1006 5802 1321 5875 Novatianis
1390 5802 1676 5871 aliquando
1724 5800 1939 5865 favisse,
1986 5810 2102 5868 post
2145 5799 2334 5869 pedem
2365 5799 2649 5861 retulisse,
2691 5798 2998 5866 factumque
3036 5812 3377 5852 mconouuzm

144 5873 307 5938 iacies.
347 5878 847 5946 Constantinopol.
882 5874 1046 5928 refert
1076 5873 1354 5926 Baronius.
