4128 6488
692 480 790 546 ιδ]
1946 449 2230 510 MENSIS
2268 440 2725 524 nummus.
3856 420 3967 483 ωε

696 596 1011 651 elationem.
1046 598 1098 642 et
1133 584 1395 651 maiorem
1428 579 1587 631 etiam
1621 570 2033 627 admirationem
2070 586 2081 619 :
2114 566 2276 636 quin-
2305 615 2313 627 ,

2419 561 2551 612 αὕτα
2586 559 2679 610 καὶ
2713 552 2897 624 μεῖζον
2943 551 3007 619 τῇ
3046 548 3199 600 πῦλει
3230 545 3405 605 κλέος,
3437 538 3661 610 ἀνδράσι
3689 535 3962 605 φιλοθὲοις

2792 646 2809 651 “⁴
2922 645 2932 651 ⁵
3061 645 3070 651 ⁸
3309 638 3357 651 “
3470 633 3514 651 ’ν
3564 632 3611 651 κη
3726 629 3914 651 ΙἸ-“⁶.-ῗ
3949 646 3962 651 -

2385 653 2581 723 μᾶλλον
2606 651 2635 719 ἦ
2661 646 2853 716 τειχῖιν
2911 645 3198 713 ὀχυρότητι
3235 632 3692 698 καλλωπίζεσθαι.
3726 629 3969 688 Πολλοὺς

2385 748 2483 815 μὲν
2531 744 2622 796 οὖν
2673 744 2901 810 ἤνεγκεν
2942 737 3081 803 α’ὑτη
3118 733 3264 802 βίούς
3295 728 3524 798 ἀνδρῶν,
3560 728 3606 778 οἳ
3651 726 3745 778 καὶ
3778 724 3967 774 ποικί-

2383 839 2493 898 λοις
2536 834 2704 902 αὐτὴν
2743 832 2972 900 κόσμοις
3008 828 3106 895 τῆς
3152 823 3356 893 ἀρετῆς
3394 819 3743 889 ὠραῖζουσιν.
3782 811 3887 867 Ὧν
3925 817 3973 864 εἰ

2381 950 2463 992 τις
2489 931 2615 991 τοὺς
2640 927 2883 997 πρώτους
2900 925 3037 977 κατὰ
3063 918 3287 987 ἀκριϐὲς
3324 914 3703 982 ἐκδεξάμενος,
3743 913 3839 962 καὶ
3876 912 3971 959 τὸν

2384 1022 2701 1093 Μαρκιανοῦ
2726 1021 2837 1090 βίον
2874 1016 3166 1069 συνάπτειν
3201 1012 3403 1072 αὐτοῖς,
3439 1010 3471 1077 ἢ
3512 1007 3606 1059 καὶ
3651 1004 3975 1075 προτιθέναι

695 692 854 743 etiam
884 688 1142 753 majorem
1178 678 1392 747 pariunt
1425 672 1733 726 utilitatem.
1763 664 2051 731 Propterea
2102 662 2271 727 major

695 792 777 837 est
816 779 982 849 gloria
1011 772 1268 833 civitatis,
1306 765 1486 821 ornari
1539 761 1719 831 potius
1751 757 1882 809 viris
1920 757 2019 825 piis
2056 764 2110 806 et
2147 751 2272 803 ieli-

694 874 880 944 giosis.
951 880 1115 938 quam
1165 872 1442 916 murorum
1494 848 1935 924 propugnaculis.
1989 846 2163 913 Atque
2210 858 2272 895 ea

695 968 914 1039 quidem
955 937 1151 1016 multos
1179 958 1323 1010 viros
1351 952 1472 1005 tulit
1499 947 1811 1016 pr.cclaros,
1844 940 1933 1009 qui
1958 954 2075 991 eam
2109 937 2272 990 deco-

699 1077 821 1115 rant
848 1058 1009 1111 variis
1053 1051 1265 1105 virtutis
1307 1040 1677 1099 ornamentis:
1714 1053 1777 1090 ex
1818 1034 2014 1103 quibus
2059 1031 2101 1083 si
2153 1030 2276 1098 quis

703 1159 906 1221 primos
937 1157 1186 1204 accurate
1215 1140 1456 1211 elegerit,
1493 1150 1546 1191 et
1578 1137 1643 1189 iis
1672 1134 1836 1185 vitam
1862 1125 2117 1182 Marciani
2146 1140 2278 1179 con-

705 1253 862 1309 ferre.
903 1242 1171 1298 veletiam
1204 1235 1459 1307 praeferre
1503 1228 1752 1288 voluerit,
1799 1225 1841 1277 is
1887 1221 2017 1275 mihi
2051 1235 2160 1273 non
2196 1217 2278 1271 vi-

704 1346 894 1397 deatur
923 1355 949 1391 a
984 1346 1130 1389 recto
1159 1330 1404 1384 excidere
1435 1322 1658 1393 judicio.
1689 1316 1842 1383 Quod
1874 1324 2055 1367 autem
2083 1325 2191 1364 non
2211 1309 2281 1363 sit

2387 1119 2684 1186 θελήσειεν,
2712 1115 2812 1166 οὑκ
2835 1113 2897 1164 ἂν
2927 1128 3015 1179 μοι
3043 1108 3278 1178 κρίσεως
3308 1104 3473 1173 ὀρθῆς
3500 1096 3652 1162 οὗτος
3682 1100 3979 1150 ἐκπίπτειν

2386 1211 2537 1279 δοκῇ·
2586 1208 2678 1259 καὶ
2726 1207 2807 1258 ὅτι
2856 1202 2929 1273 μὴ
2979 1200 3189 1268 φαύλην
3233 1197 3394 1265 ἡμεῖς
3446 1193 3639 1261 ἔχομεν
3684 1189 3797 1241 ἀλλ’
3846 1188 3983 1255 ὑγιᾶ

2387 1305 2484 1373 τὴν
2520 1301 2650 1369 περὶ
2685 1296 2877 1349 τούτου
2912 1295 3158 1361 γνώμην,
3190 1288 3374 1350 αὐτὸς,
3403 1283 3558 1353 φασὶ,
3590 1281 3751 1346 δείξει
3791 1280 3888 1333 καὶ
3954 1282 3981 1331 ὀ

707 1452 843 1489 maia
882 1434 948 1487 de
997 1446 1061 1482 eo
1105 1436 1308 1485 nostra,
1349 1418 1443 1473 sed
1484 1427 1629 1469 recta
1680 1409 1971 1472 sententia,
2028 1406 2164 1475 ipse,
2222 1413 2283 1457 ut

707 1536 878 1585 aiunt.
919 1525 1187 1579 ostendet.
1221 1516 1431 1582 eritque
1454 1509 1753 1581 procedens
1776 1505 1877 1559 lide
1895 1503 2055 1572 digna
2084 1497 2279 1552 oratio.

776 1628 831 1678 9..
878 1621 973 1672 llic
1021 1630 1149 1685 ergo
1192 1611 1502 1665 Marcianus
1546 1602 1727 1656 lloruit
1776 1597 1994 1666 quidem
2042 1604 2284 1660 tempore

710 1731 845 1785 eJus,
863 1713 948 1764 cui
976 1709 1077 1763 fuit
1103 1707 1245 1760 idem
1268 1714 1490 1757 nomen,
1512 1708 1708 1762 nempe
1734 1688 2011 1748 Marciani,
2036 1687 2127 1755 qui
2157 1693 2284 1736 tunc

710 1819 827 1864 erat
860 1806 1111 1861 dominus
1137 1794 1361 1852 Romani
1396 1788 1629 1857 imperii.
1660 1785 1891 1838 Patriam
1916 1790 2096 1833 autem
2132 1792 2284 1829 suam

716 1912 947 1957 veterem
978 1896 1203 1949 Romam
1243 1889 1309 1941 ab
1336 1886 1446 1939 alto
1475 1892 1729 1952 repetens
1780 1891 1807 1929 a
1842 1872 2160 1942 parentibus
2190 1868 2286 1937 (illi

716 1994 858 2047 enim
890 2006 955 2042 ex
984 2001 1046 2041 ea
1078 1979 1333 2054 profecti,
1368 1978 1422 2030 in
1452 1975 1591 2027 hanc
1626 1965 1961 2024 Constantini
1994 1963 2292 2025 civitatem,

713 2101 833 2156 qua:
872 2090 987 2135 erat
1028 2074 1321 2131 recentior,
1368 2064 1709 2136 migrarunt),
1745 2062 2145 2125 consequenter
2178 2061 2295 2105 erat

716 2190 767 2230 et
806 2172 1001 2228 illustri
1027 2179 1186 2223 natus
1217 2176 1437 2234 genere,
1474 2155 1780 2226 insignique
1812 2151 2005 2219 opibus
2035 2156 2087 2201 et
2120 2144 2297 2215 digni-

722 2281 850 2332 tate,
879 2276 933 2321 et
966 2262 1110 2333 quod
1154 2256 1497 2312 nobilitatem
1541 2246 1811 2303 relerebat
1852 2242 1915 2296 ad
1951 2239 2295 2309 splendorem

723 2357 1151 2429 imperatorium.
1192 2348 1366 2402 Tanta
1397 2352 1580 2398 autem
1619 2339 1784 2409 gloria
1823 2336 2066 2403 insignes
2106 2341 2299 2384 nactus

724 2424 993 2521 parentes,
1013 2445 1213 2515 pietate
1238 2448 1416 2493 autem
1436 2443 1489 2488 et
1508 2431 1764 2500 religione
1782 2428 1937 2496 longe
1956 2424 2301 2493 insigniores,

726 2550 841 2614 ipse
885 2552 1102 2610 quoque
1154 2534 1418 2588 educatur
1465 2523 1783 2586 liberaliter,
1832 2527 1888 2573 et
1936 2514 2301 2572 eruditionem

728 2633 954 2706 pulchre
1003 2630 1250 2688 docetur,
1298 2629 1565 2680 nostram,
1618 2615 1861 2683 inquam,
1900 2619 1954 2664 et
1997 2618 2301 2663 externam.

730 2700 931 2781 beindc
957 2724 1099 2777 sicut
1139 2718 1313 2772 Moses
1345 2724 1559 2782 quoque
1588 2707 1652 2760 ad
1692 2703 1992 2774 Egyptios,
2036 2701 2107 2753 ita
2140 2700 2303 2753 etiam

736 2821 1041 2875 Marcianus
1060 2812 1262 2879 optime
1285 2806 1512 2862 ventilat
1531 2804 1595 2855 ad
1622 2797 2025 2869 Byzantinos,et
2052 2794 2117 2846 ad
2140 2792 2309 2860 majo-

736 2930 845 2966 rem
875 2921 926 2964 et
951 2904 1335 2977 perfectiorem
1370 2893 1715 2966 sapientiam,
1748 2904 1889 2951 eam,
1915 2888 2158 2953 inquam,
2190 2897 2309 2951 quae

734 3016 817 3058 est
846 3018 909 3055 ex
938 2998 1152 3067 spiritu,
1172 2989 1524 3048 convertitur.
1550 2986 1664 3048 Qua
1690 2980 1907 3051 quidem
1933 2992 2000 3030 ex
2032 2991 2090 3029 re
2113 2983 2167 3028 et
2188 2974 2311 3026 vita:

738 3091 1026 3162 splendor,
1077 3095 1132 3139 ct
1182 3079 1450 3137 sermonis
1491 3075 1661 3147 gratia
1694 3072 1770 3125 illi
1788 3068 2074 3129 accedens,
2112 3078 2312 3118 nomen

737 3184 786 3237 ei
828 3178 1058 3251 peperit,
1092 3183 1144 3229 et
1191 3171 1459 3240 insignem
1520 3165 1647 3219 fecit
1695 3162 1837 3215 inter
1885 3172 2075 3213 omnes
2127 3156 2311 3208 laicus.

741 3245 912 3328 Paulo
931 3279 1048 3340 post
1075 3277 1255 3320 autem
1279 3262 1441 3316 etiam
1459 3263 1679 3325 cooptat
1709 3253 1763 3305 in
1794 3250 1999 3305 clerum
2031 3245 2306 3300 Ecclesiae:

742 3378 794 3419 et
821 3379 943 3418 cum
972 3362 1140 3415 sacris
1172 3364 1317 3410 esset
1362 3352 1578 3422 dignus,
1611 3344 1830 3402 deducit
1874 3342 1939 3395 ad
1968 3339 2189 3409 gradum
2226 3352 2315 3391 sa-

743 3458 1041 3513 cerdotum.
1064 3451 1165 3518 Qui
1191 3457 1373 3503 autem
1401 3445 1451 3498 ei
1482 3442 1547 3496 ad
1580 3442 1685 3494 hoc
1715 3440 1821 3490 vim
1850 3434 2049 3495 attulit,
2080 3431 2181 3484 fuit
2217 3430 2320 3483 hu-

741 3556 829 3619 jus
886 3546 1121 3604 civitatis
1163 3537 1491 3612 patriarcha.
1542 3531 1677 3586 Nam
1715 3518 1867 3583 illum
1919 3540 2136 3593 quoque
2179 3521 2325 3590 cepit

748 3644 893 3693 siren
924 3639 1067 3692 illius
1095 3632 1333 3692 virtutis,
1369 3638 1423 3682 et
1448 3627 1623 3696 plena:
1652 3630 1809 3676 erant
1836 3632 1995 3672 aures
2029 3616 2110 3677 iis,
2146 3613 2237 3682 qui
2260 3612 2326 3664 de

750 3736 839 3785 illo
870 3728 1280 3799 spargebantur,
1301 3717 1645 3773 sermonibus
1671 3722 1724 3766 et
1739 3710 2014 3765 laudibus.
2039 3706 2174 3760 Cum
2200 3718 2329 3773 ergo

752 3826 966 3895 gradus,
987 3821 1075 3891 qui
1101 3819 1240 3872 inter
1262 3809 1620 3869 sacerdotium
1649 3804 2010 3863 intercedunt,
2028 3797 2162 3851 nihil
2189 3803 2332 3849 esset

752 3892 897 3988 quod
948 3913 1280 3985 prohiberet,
1326 3906 1419 3960 sed
1469 3902 1641 3957 multo
1688 3898 1878 3966 magis,
1912 3904 1973 3947 ut
2019 3893 2086 3945 ad
2128 3892 2331 3958 majora

760 4008 1096 4080 procederet,
1150 4002 1407 4056 invitaret
1451 4014 1464 4048 :
1510 4008 1633 4048 cum
1661 4003 1851 4044 omnes
1904 3985 2053 4040 brevi
2087 3992 2332 4051 tempore

758 4102 1351 4173 pervasisset,vocante
1386 4100 1651 4155 tempore,
1688 4082 1922 4135 refertur
1955 4078 2116 4131 etiam
2150 4075 2201 4126 in
2234 4089 2334 4126 nu-

760 4208 965 4249 merum
1024 4187 1387 4243 sacerdotum.
1445 4178 1649 4232 Deindc
1703 4176 1866 4227 etiam
1920 4170 1977 4223 ﬁt
2021 4180 2335 4222 (economus

761 4288 1007 4342 maxima:
1045 4279 1288 4335 ecclesia:
1321 4271 1594 4329 communi
1628 4265 1904 4335 suﬂ'ragio,
1935 4278 2039 4315 non
2073 4260 2179 4313 vim
2206 4258 2335 4312 απε-

763 4395 907 4440 rens,
933 4380 1027 4431 sed
1066 4376 1287 4432 invitus,
1325 4378 1379 4421 et
1412 4381 1520 4419 non
1546 4372 1654 4416 tam
1686 4361 2006 4415 honoratus,
2038 4368 2197 4421 quam
2242 4366 2337 4403 eos

767 4475 1057 4530 honorans,
1092 4464 1185 4533 qui
1234 4474 1359 4515 eum
1397 4455 1765 4527 prmtulerant.
1814 4448 1917 4503 Sed
1972 4447 2087 4500 haac
2120 4442 2336 4511 quidem

768 4574 972 4633 postea.

840 4738 926 4791 Ill.
973 4734 1128 4788 Modo
1152 4742 1329 4784 autem
1366 4742 1489 4782 cum
1523 4724 1572 4778 ei
1608 4721 1896 4777 admodum
1933 4713 2116 4783 juveni
2161 4710 2331 4766 credi-

771 4841 882 4883 tum
923 4836 1064 4880 esset
1088 4820 1472 4878 sacerdotium,
1506 4825 1559 4868 et
1592 4814 1709 4881 ejus
1747 4816 1997 4879 parentes
2029 4821 2058 4859 e
2094 4806 2198 4856 vita
2228 4803 2337 4872 jam

771 4924 1152 4977 excessissent,
1184 4922 1238 4967 et
1277 4912 1556 4977 utriusque
1578 4904 1879 4965 facultates,
1922 4915 2042 4969 qua:
2076 4906 2230 4951 erant
2258 4897 2341 4948 lu—

773 5018 1023 5071 culentze,
1060 5007 1378 5075 accepisset,
1403 5016 1527 5056 eum
1547 5000 1885 5069 iuventutem
1914 4992 2129 5061 quidem
2153 4988 2341 5041 mode-

776 5117 907 5163 rate,
928 5099 1284 5155 sacerdotium
1301 5105 1478 5148 autem
1500 5093 1746 5150 honeste,
1761 5100 1891 5154 opes
1912 5098 2038 5135 vero
2060 5082 2144 5150 pie
2160 5092 2343 5149 regere

775 5193 1156 5248 administrare
1183 5187 1281 5241 fuit
1302 5186 1577 5255 cognitum
1614 5196 1626 5230 :
1662 5188 1721 5231 ut
1749 5176 1840 5245 qui
1867 5187 2064 5243 egenus
2094 5185 2204 5222 sua:
2239 5169 2343 5220 lia:-

783 5287 1033 5341 reditatis
1052 5288 1354 5335 assumeret
1394 5272 1726 5334 cohaeredes,
1759 5280 1814 5324 et
1853 5270 1930 5321 eis
1975 5263 2163 5332 majori
2194 5271 2345 5328 parte

781 5378 997 5432 cederet
1028 5391 1039 5424 :
1073 5373 1157 5425 vel
1184 5371 1353 5424 uthoc
1383 5366 1560 5437 potius
1581 5364 1775 5421 dicam,
1808 5372 1927 5412 cum
1962 5356 2040 5409 eis
2072 5361 2344 5422 quaestuo-

779 5485 897 5524 sam
928 5472 1203 5520 exerceret
1233 5458 1672 5528 negotiationem,
1707 5463 1761 5505 ct
1784 5452 1839 5504 in
1879 5448 2053 5519 parvis
2091 5443 2346 5513 suppedi-

782 5562 962 5618 tandis
1007 5557 1235 5611 maxima
1288 5551 1524 5607 vicissim
1587 5546 1913 5614 acquireret.
1987 5540 2165 5606 Atque
2216 5536 2347 5588 alias

781 5657 1003 5724 quidem
1040 5652 1342 5717 voluptates
1366 5657 1560 5713 magno
1590 5639 1822 5709 quodam
1856 5645 1908 5688 et
1931 5631 2143 5687 excelso
2170 5630 2350 5682 animo

783 5746 1034 5818 apparuit
1070 5758 1194 5799 cum
1226 5739 1528 5809 despicere,
1557 5744 1611 5788 et
1635 5735 1715 5787 eis
1740 5732 1963 5785 minime
1989 5727 2062 5779 uti
2096 5743 2106 5777 :
2152 5723 2218 5776 ab
2243 5736 2351 5775 uno

786 5850 968 5895 autem
1012 5837 1126 5890 solo
1177 5833 1350 5887 victus
1394 5829 1493 5883 fuit
1536 5839 1743 5886 amore,
1785 5840 1813 5876 a
1845 5821 2046 5884 verbis,
2093 5818 2348 5885 inquam,

788 5931 1007 5987 dii-inte
1044 5926 1337 5993 Scriptura:
1366 5942 1376 5975 :
1406 5931 1456 5976 et
1484 5919 1549 5973 ad
1588 5918 1673 5971 illa
1708 5916 1895 5970 oculos
1927 5918 2191 5981 perpetuo
2218 5922 2351 5963 eon-

2390 1397 2543 1464 λόγος
2581 1393 2839 1462 ἐχέγγυος
2870 1385 3073 1456 προῖὼν
3101 1383 3272 1435 ἔσται.

2462 1577 2539 1627 B'.
2594 1568 2911 1640 Μαρκιανὸς
2963 1559 3251 1632 τοιγαροῦν
3307 1551 3464 1620 οὗτος
3518 1553 3716 1625 ἡνθησε
3776 1550 3876 1620 μὲν
3921 1552 3980 1602 ὲν

2392 1670 2503 1728 τοῖς
2532 1665 2744 1735 χρόνοις
2786 1657 2878 1712 τοῦ
2914 1656 3011 1727 τὴν
3049 1655 3216 1722 αὐτὴν
3243 1651 3456 1720 ἔχοντος
3489 1648 3682 1715 κλῆσιν
3717 1645 3981 1714 Μαρκια-

2394 1760 2509 1825 νοῦ,
2541 1760 2595 1819 ὃς
2629 1754 2932 1821 τηνικαῦτα
2956 1752 3053 1819 τῆς
3094 1746 3383 1815 Ῥωμαίων
3433 1741 3607 1810 ἀρχῆς
3653 1738 3841 1806 κύριος
3888 1732 3981 1805 ἦν,

2401 1852 2651 1922 Πατρίδα
2679 1846 2888 1901 ἄνωθεν
2920 1845 2983 1894 ἐκ
3015 1839 3236 1908 πατρῶν
3262 1838 3362 1905 τὴν
3410 1831 3789 1904 πρεσϐυτέραν
3849 1828 3988 1882 Ῥώ-

2327 1943 2373 2002 Β
2407 1958 2512 2010 μην
2545 1938 2724 2007 αὐχῶν
2776 1936 2861 2003 (ἐκ
2894 1932 3097 1999 ταύτης
3128 1930 3179 1980 δὲ
3227 1924 3580 1994 προελθόντες
3626 1923 3829 1973 ἐκεῖνοι
3866 1914 3991 1972 εἶτα

2397 2037 2495 2104 τὴν
2525 2030 2937 2086 Κωνσταντίνου
2957 2027 3162 2091 ταύτην
3195 2022 3289 2075 καὶ
3321 2020 3593 2087 νεωτέραν
3626 2017 3779 2069 πόλιν
3813 2016 3989 2083 μετῳ-

2398 2126 2619 2197 κησαν),
2663 2122 2975 2180 ἀκολούθως
3036 2118 3131 2169 καὶ
3190 2114 3384 2181 γένους
3440 2109 3654 2179 ὑπῆρχε
3703 2105 3990 2177 λαμπροῦ,

2400 2220 2649 2292 χρήμασί
2675 2234 2732 2270 τε
2772 2216 2868 2268 καὶ
2899 2212 3174 2279 ἀξιώμασι
3210 2205 3595 2277 περιϐλέπτου,
3630 2203 3725 2255 καὶ
3760 2201 3862 2269 τὴν
3890 2200 3992 2268 τῆς

2402 2312 2689 2382 εὐγενείας
2727 2308 2911 2378 πηγὴν
2951 2303 3035 2365 είς
3066 2300 3354 2371 βασιλικὴν
3388 2297 3747 2367 περιφάνειαν
3780 2294 3988 2360 ἀναφέ-

2409 2422 2615 2476 ροντος.
2640 2401 2830 2471 Τυχὼν
2861 2400 2916 2451 δὲ
2950 2396 3153 2465 γονέων
3181 2393 3357 2453 οὓτως
3400 2390 3689 2457 ἐπισήμων
3744 2387 3848 2455 μὲν
3892 2386 3992 2455 τὴν

2404 2498 2583 2564 δόξαν,
2608 2491 3023 2564 ὲπισημοτέρων
3052 2489 3109 2540 δὲ
3141 2485 3323 2556 πολλῷ
3348 2482 3546 2553 μᾶλλον
3568 2484 3662 2534 καὶ
3693 2482 3791 2549 τὴν
3832 2480 3995 2531 εὐσέ-

2408 2590 2586 2655 ϐειαν,
2615 2586 2933 2655 ἐλευθερίως
2966 2583 3062 2635 καὶ
3091 2581 3255 2642 αὑτδς
3300 2578 3580 2649 τρέφεται,
3621 2576 3717 2626 καὶ
3740 2573 3996 2626 παιδείαν

2410 2682 2590 2744 καλῶς
2633 2680 3030 2739 ἐκδιδάσκεται,
3090 2675 3262 2743 αὐτήν
3298 2688 3358 2724 τε
3404 2672 3502 2740 τὴν
3536 2669 3812 2738 ἡμετέραν
3850 2666 4000 2733 φημὶ

2411 2779 2509 2830 καὶ
2556 2774 2653 2843 τὴν
2694 2770 2953 2842 θύραθεν.
3008 2769 3238 2821 Ἔπειτα
3272 2766 3367 2817 καὶ
3405 2762 3608 2831 Μωσῆς
3657 2761 3851 2828 ῶσπερ
3883 2762 3998 2818 τοῖς

2414 2864 2754 2933 Αἰγυπτίοις,
2810 2860 2954 2914 οὕτω
2984 2859 3048 2928 δὴ
3105 2859 3202 2910 καὶ
3259 2853 3579 2925 Μαρκιανὸς
3635 2853 3838 2921 ἄριστα
3889 2852 4000 2910 τοῖς

2412 2956 2728 3022 Βυζαντίοις
2773 2953 3046 3021 ἐπιφοιτᾷ,
3103 2947 3359 3018 καὶπρὸς
3391 2947 3488 3011 τὴν
3525 2943 3749 3014 μείζονα
3786 2944 3886 2995 καὶ
3916 2959 4006 2993 τε-

2414 3050 2687 3117 λεωτέραν
2732 3043 2945 3113 σοφίαν,
2977 3042 3075 3109 τὴν
3099 3038 3240 3091 κατὰ
3275 3035 3497 3105 πνεῦμά.
3524 3026 3685 3105 φημι,
3711 3035 4002 3102 τρέπεται.

2429 3140 2521 3205 Ἐξ
2546 3136 2607 3193 οὗ
2635 3139 2698 3209 δὴ
2728 3136 2841 3206 βίου
2870 3151 2929 3187 τε
2962 3132 3281 3202 λαμπρότης
3313 3130 3410 3181 καὶ
3435 3129 3590 3193 λόγου
3614 3129 3772 3194 χάρις
3802 3124 4005 3191 ἐκείνῳ

2420 3228 2858 3299 προσγενομένη,
2896 3224 3160 3293 ὀνόματος
3186 3220 3339 3289 ἠξίου
3370 3220 3460 3271 τὸν
3490 3217 3678 3283 ἄνδρα,
3722 3216 3819 3267 καὶ
3846 3216 4009 3282 περί-

2422 3323 2651 3375 ϐλεπτον
2710 3320 2765 3371 έν
2802 3319 2933 3369 πᾶσι
2979 3315 3207 3381 καθίστη
3257 3313 3369 3373 τοῖς
3419 3309 3624 3369 λαῖκοῖς
3658 3322 3671 3334 ·
3712 3306 3909 3373 μικρὸν
3950 3304 4007 3355 δὲ

2424 3417 2646 3485 ὕστερον
2672 3414 2766 3465 καὶ
2802 3409 2879 3478 τῷ
2915 3410 3011 3478 τῆς
3052 3405 3376 3474 Ἐκκλησίας
3398 3402 3582 3471 κλήρῳ
3622 3398 4009 3463 ὲγκαταλέγει,

2424 3510 2519 3562 καὶ
2553 3509 2629 3568 εἰς
2660 3505 2750 3556 τὸν
2782 3502 2970 3572 ἱερέων
2998 3500 3122 3567 ἄγει
3154 3497 3359 3567 βαθμὸν
3384 3493 3475 3545 τὸν
3496 3492 3601 3543 τῶν
3635 3488 3796 3558 ἱερῶν
3828 3487 4007 3551 ἄξιον.

2437 3603 2496 3654 '0
2528 3602 2583 3652 δὲ
2624 3598 2761 3669 πρὸς
2811 3594 2966 3647 τοῦτο
3001 3591 3163 3643 αὑτὸν
3212 3586 3669 3655 ἀποϐιασαμενος,
3714 3585 3739 3634 ὁ
3769 3582 4017 3649 ταυτησὶ

2428 3695 2525 3761 τῆς
2566 3693 2771 3751 πόλεως
2812 3686 3156 3757 πατριάρχης
3197 3677 3283 3750 ἦν.
3340 3674 3466 3731 Εἷλε
3508 3678 3616 3745 γαρ
3651 3676 3811 3729 αὑτὸν
3841 3677 3873 3743 ἠ
3907 3673 4013 3739 τῆς

2431 3790 2630 3860 ἀρετῆς
2667 3785 2877 3837 ἐκείνου
2910 3782 3117 3850 σειρὴν,
3154 3780 3245 3831 καὶ
3293 3775 3505 3845 πλήρης
3536 3769 3602 3842 ἦν
3640 3772 3706 3822 τα
3748 3764 3863 3823 ῶτα
3900 3768 4017 3821 τῶν

2435 3884 2575 3952 ὑπὲρ
2608 3877 2772 3933 αὑτοῦ
2809 3876 2985 3941 λόγων
3019 3874 3112 3924 καὶ
3147 3868 3458 3936 ἐγκωμίων.
3498 3866 3633 3927 Τοὺς
3659 3860 3753 3915 οὖν
3795 3862 4017 3930 μεταξὺ

2432 3976 2541 4028 τῶν
2570 3972 2759 4043 ἱερέων
2792 3967 3028 4038 βαθμοὺς
3064 3964 3207 4034 (ἐπεὶ
3242 3960 3408 4030 μηδὲν
3428 3954 3494 4027 ἦν
3523 3958 3583 4008 τὸ
3615 3953 3845 4016 κωλῦον,
3874 3954 4020 4005 ἀλλὰ

2438 4068 2571 4121 πολὺ
2608 4064 2806 4135 μᾶλλον
2832 4061 2890 4113 τὸ
2940 4060 3075 4127 πρὸς
3119 4057 3187 4109 τὰ
3235 4055 3406 4123 μείζω
3433 4051 3628 4120 χωρεῖν
3673 4047 4023 4114 ἐκκαλούμε-

2437 4157 2569 4222 νον),
2614 4153 2820 4211 πάντας
2850 4151 2906 4201 έν
2947 4147 3133 4217 βραχεῖ
3176 4141 3419 4205 διελθὼν,
3475 4137 3667 4208 καιροῦ
3720 4135 4022 4196 καλοῦντος

2440 4249 2532 4300 καὶ
2573 4242 2651 4313 τῷ
2701 4238 2986 4307 καταλόγῳ
3044 4236 3154 4287 τῶν
3217 4230 3604 4303 πρεσϐυτέρων
3668 4229 4021 4279 ἐνταττεται.

2441 4334 2572 4392 Εἶτα
2595 4336 2687 4388 καὶ
2715 4332 2999 4400 οἰκονόμος
3030 4327 3137 4379 τῶν
3169 4323 3475 4393 ἐκκλησιῶν
3509 4322 3605 4389 τῆς
3653 4320 3922 4388 μεγίστης
3956 4321 4026 4370 ἐκ

2438 4431 2619 4499 ψήφου
2673 4423 2879 4492 κοινῆς.
2922 4421 3021 4473 οὐκ
3070 4418 3407 4485 ἀναγκάσας,
3455 4414 3589 4466 ἀλλὰ
3641 4412 4023 4477 ἀναγκασθεὶς

2442 4525 2651 4592 γίνεται
2674 4535 2687 4547 ο
2726 4517 2820 4569 καὶ
2849 4514 3085 4581 τιμήσας
3118 4508 3317 4579 μᾶλλον
3346 4507 3378 4575 ἢ
3416 4502 3665 4574 τιμηθεὶς
3702 4504 3825 4563 τοὺς
3872 4502 4026 4555 οὕτω

2363 4630 2413 4689 1)
2441 4618 2567 4686 napi
2595 4609 2759 4666 αὑτοῦ
2791 4609 3104 4677 κρίναντας.
3146 4603 3306 4655 Ἀλλὰ
3336 4600 3493 4654 τοῦτο
3525 4601 3621 4667 μὲν
3655 4597 3906 4666 ὕπερον.

2513 4709 2581 4762 l".
2631 4707 2791 4772 Ἀρτι
2823 4701 2880 4752 δὲ
2911 4699 3027 4759 νέος
3057 4697 3131 4748 ῶν
3188 4694 3286 4747 καὶ
3322 4696 3419 4758 τὴν
3466 4692 3737 4761 ἱερατείαν
3775 4692 4024 4757 ἐγχειρι-

2443 4798 2608 4860 σθεὶς,
2636 4797 2743 4848 τῶν
2762 4810 2818 4846 τε
2842 4790 3042 4859 γονέων
3065 4786 3213 4856 αὐτῷ
3233 4786 3322 4837 τὸν
3348 4784 3461 4853 βίον
3490 4783 3591 4852 ἥδη
3615 4781 4025 4843 ἀπολιπόντων,

2442 4894 2510 4946 τὰ
2543 4893 2638 4961 μὲν
2665 4889 2761 4957 τῆς
2792 4885 3043 4951 νεότητος
3080 4878 3394 4948 σωφρόνως,
3423 4876 3492 4927 τὰ
3520 4875 3576 4928 δὲ
3605 4874 3702 4942 τῆς
3733 4874 4031 4943 lapsas-11;;

2444 4987 2705 5056 κοσμίως,
2722 4985 2789 5036 τὰ
2810 4982 2866 5034 δὲ
2896 4978 2990 5032 τοῦ
3017 4976 3248 5029 πλούτου
3272 4973 3412 5024 πάνυ
3432 4970 3688 5039 φιλοθέως
3714 4969 4032 5033 οἰκονομῶν

2446 5078 2769 5149 ἐγνωρίζετο
2798 5091 2811 5104 ·
2846 5067 3325 5139 συγκληρονόμους
3354 5064 3501 5134 αὺτῷ
3530 5061 3622 5115 τοῦ
3659 5062 3861 5129 κλήρου
3898 5064 4034 5120 τοις

2445 5170 2734 5239 δεομένους
2765 5159 3229 5233 παραλαμϐάνων,
3262 5156 3355 5208 καὶ
3387 5152 3527 5205 κατὰ
3557 5151 3689 5203 πολὺ
3719 5148 3813 5203 τοῦ
3836 5149 4036 5203 πλείο-

2447 5280 2534 5324 νος
2600 5260 2784 5317 αὐτοῖς
2842 5252 3226 5319 ἐξιστάμενος,
3280 5247 3311 5315 ἢ
3364 5244 3524 5297 τοῦτο
3573 5242 3771 5311 μᾶλλον
3822 5244 4037 5307 εἰπεῖν,

2450 5349 2829 5422 πραγματείαν
2874 5342 3319 5414 κερδαλεωτατην
3354 5339 3489 5409 πρὸς
3519 5337 3712 5396 αὐτοὺς
3755 5336 4039 5403 ποιοίμε,

2449 5462 2557 5507 νος.
2607 5444 2698 5495 καὶ
2727 5441 2941 5509 παροχῇ
2980 5435 3187 5505 μικρῶν
3233 5432 3299 5485 τα
3337 5431 3570 5501 μέγιστα
3595 5428 4038 5497 ὰντικτῶμε·.ο,.

2450 5539 2580 5599 Ταῖς
2618 5537 2712 5606 μὲν
2750 5532 2841 5587 οὖν
2870 5532 3056 5593 ἄλλαις
3081 5529 3186 5581 τῶν
3219 5526 3421 5596 ἡδονῶν
3460 5523 3602 5593 μέγα
3648 5525 3742 5575 καὶ
3791 5524 4041 5592 ἀρχικξν

2451 5629 2610 5698 ἔφανε
2639 5625 2871 5695 φρονῶν,
2918 5624 3010 5674 καὶ
3046 5618 3295 5688 οὐδαμῶς
3329 5619 3519 5678 αὐταῖς
3554 5615 3989 5681 συγκλινὸμενος
4028 5633 4039 5642 ·

2451 5719 2589 5789 πρὸς
2615 5718 2712 5771 ἕνα
2743 5717 2798 5768 δὲ
2835 5715 2992 5785 μόνον
3017 5714 3193 5781 ἔρωτα
3213 5708 3464 5779 φανερῶς
3493 5709 3692 5777 ἥττητο
3716 5705 3825 5758 τῶν
3852 5706 4046 5772 λόγων

2453 5812 2551 5880 τῆς
2574 5809 2723 5870 θείας
2757 5805 2998 5876 Γραφῆς,
3024 5805 3115 5856 καὶ
3143 5804 3276 5873 πρὸς
3312 5801 3550 5863 ἐκείνους
3577 5799 3824 5868 στρέφων
3847 5814 3909 5849 τε
3948 5800 4049 5849 καὶ

2456 5902 2674 5974 τρέφων
2711 5901 2835 5962 τοὺς
2883 5898 3193 5967 ὀφθαλμοὺς
3239 5891 3328 5965 ἦν,
3370 5897 3462 5949 καὶ
3497 5894 3581 5945 διὰ
3615 5892 3813 5953 παντίς
3848 5892 4045 5948 αἰτοξς
