4128 6488
175 434 272 502 I33

1166 447 1340 507 VITA
1381 448 1442 509 S.
1486 449 1867 511 MARCIANI
1909 452 2407 514 PRESBYTERI.

3330 452 3435 517 43!!

178 554 636 627 προσκαθήμενος.
688 559 775 622 ὀς
811 559 1062 615 ἐντεῦθεν
1097 567 1265 635 μηδὲν
1293 568 1536 639 κρυπτὸν
1578 572 1609 641 ἢ
1650 572 1740 624 δυ-

1847 571 2108 634 vertebat,
2134 582 2187 626 et
2209 572 2289 625 eis
2321 579 2581 640 perpetuo
2607 571 2906 637 assidebat;
2936 587 3044 641 quo
3073 571 3254 634 flebat,
3282 573 3437 623 utni-

179 645 421 714 tmipstov
477 650 538 700 ἐν
590 649 781 712 αὑταῖς
830 648 991 721 εἶναι,
1027 656 1056 708 ό
1089 656 1166 727 μή
1202 661 1436 729 φανερὸν
1472 661 1622 731 αὐτῷ
1658 664 1753 717 καὶ

183 736 448 807 γνώριμον
482 743 548 810 τῇ
573 742 848 814 φιλοπόνῳ
888 746 1081 813 γέγονε
1112 750 1464 821 προσεδρείᾳ.
1511 752 1550 804 Γ
1554 754 1752 823 αστρὸς

180 829 229 882 δὲ
259 830 499 901 ἰσχυρῶς
524 835 747 905 ἐκράτει
806 838 903 890 καὶ
936 838 1260 911 ὀφθαλμῶν,
1315 843 1470 907 εἰδὼς
1503 845 1651 909 ὅπως
1692 846 1753 898 τὸ

179 924 417 992 ἀκμάζον
447 926 543 980 καὶ
569 929 829 999 ἀνδρικὸν
859 932 958 1002 τῆς
989 935 1243 1005 νεότητος
1266 934 1541 991 εὕπτωτον
1563 938 1750 995 ἐντεῦ-

180 1013 261 1066 θεν
290 1018 385 1071 καὶ
410 1018 706 1091 ὀλισθηρὸν
738 1022 971 1090 γίνεται.
1022 1027 1133 1079 Καὶ
1183 1028 1358 1082 πολλὰ
1401 1030 1595 1084 τούτου
1654 1034 1749 1085 καὶ

178 1108 376 1177 χαλεπὰ
412 1112 481 1165 τὰ
511 1113 800 1182 πτώματα.
832 1118 1033 1188 Εὑχαῖς
1070 1136 1131 1172 τε
1167 1122 1263 1175 καὶ
1308 1124 1638 1194 ἀγρυπνίαις
1677 1128 1747 1180 τὰ

181 1202 333 1254 πολλὰ
365 1203 567 1271 ἐδίδου,
608 1212 705 1261 καὶ
741 1212 940 1280 κομιδῆ
976 1212 1172 1275 παῖδας
1207 1214 1416 1267 ἐδείκνυ
1460 1218 1593 1286 πρὸς
1618 1220 1750 1288 ἀρε-

178 1293 262 1359 τῆς
298 1294 479 1363 λόγον,
517 1299 579 1351 οὐ
623 1301 782 1366 μόνον
814 1302 974 1365 ὅσους
1012 1304 1168 1357 ὁτῶν
1199 1306 1394 1375 ἱερέων
1422 1306 1536 1377 ἔχει
1575 1311 1748 1363 κατά-

177 1386 347 1453 λογος,
383 1389 526 1443 ἀλλὰ
558 1393 654 1446 καὶ
690 1395 878 1460 ἁπλῶς
928 1397 1054 1450 ὅσον
1108 1399 1165 1450 ἐν
1219 1401 1380 1469 πολιᾷ
1429 1402 1749 1469 φιλευσεϐὲς

176 1473 253 1547 ἦν,
286 1482 380 1531 καὶ
418 1483 740 1552 φιλοσοφίας
767 1488 1215 1558 ἐπιμελούμενον.
1247 1491 1336 1561 Τῷ
1362 1491 1416 1545 δὲ
1451 1494 1550 1561 τῆς
1570 1494 1749 1565 ψυχῆς

180 1574 441 1643 φιλοκάλῳ
474 1577 680 1647 σφόδρα
707 1581 931 1634 καὶτῶν
962 1583 1123 1652 ἱερῶν
1150 1584 1313 1637 οἴκων
1344 1586 1453 1638 τῶν
1492 1587 1586 1639 τοῦ
1616 1588 1658 1639 Χ
1668 1605 1749 1658 ρι-

180 1667 292 1718 στοῦ
339 1668 644 1741 μαρτύρων
679 1674 918 1743 ἐραστὴς
944 1669 1034 1745 ἦν,
1079 1676 1175 1729 καὶ
1231 1678 1358 1739 τοὺς
1413 1678 1512 1747 μὲν
1569 1679 1749 1731 αὐτῶν

179 1760 548 1827 πεπονηκότας
587 1764 732 1827 ἰᾶτο,
792 1765 923 1827 τοὺς
985 1766 1041 1818 δὲ
1077 1768 1172 1821 καὶ
1229 1770 1393 1837 μήπω
1453 1772 1748 1838 γεγονότας

176 1849 373 1918 ἀνίστη.
411 1846 490 1905 Οὗ
516 1853 575 1905 δὲ
617 1852 929 1923 θερμότατα
965 1856 1096 1926 ἦρα,
1122 1858 1214 1909 καὶ
1245 1858 1272 1910 ὃ
1299 1859 1450 1921 τέλος
1492 1861 1589 1925 τῆς
1623 1862 1747 1913 ἐπι-

1861 662 1932 716 liil
1966 673 2111 717 esset
2148 664 2201 716 in
2233 664 2314 716 eis
2346 664 2485 718 adeo
2523 664 2795 718 occultum
2832 675 2885 717 et
2932 664 3152 718 inventu
3197 661 3435 725 diﬁicile,

1855 754 1996 822 quod
2034 770 2139 806 non
2175 754 2519 808 manifestum
2549 764 2603 808 et
2633 764 2821 808 notum
2857 756 3119 809 evasisset
3156 755 3437 808 laboriosae

1853 847 1972 915 ejus
2007 848 2323 917 diligentize.
2361 846 2547 900 Ventri
2584 857 2768 901 autem
2802 854 2853 901 et
2888 846 3061 900 oculis
3089 845 3300 899 fortiter
3331 846 3432 899 im-

1853 940 2094 1008 perabat.
2151 948 2210 992 ut
2243 939 2336 1007 qui
2382 939 2546 993 sciret
2589 940 2776 994 ﬁorem
2817 950 2873 994 et
2922 940 3090 993 robur
3131 938 3436 1007 juventutis

1852 1043 1951 1096 per
1979 1044 2041 1081 ea
2074 1028 2230 1083 facile
2259 1028 2461 1097 impelli
2496 1030 2561 1082 ad
2593 1031 2821 1098 lapsum.
2855 1032 2997 1083 Sunt
3032 1037 3212 1083 autem
3254 1042 3433 1090 casus,

1852 1122 1941 1189 qui
1980 1137 2042 1175 ex
2086 1122 2152 1175 iis
2189 1122 2459 1185 oriuntur,
2489 1120 2642 1175 multi
2673 1130 2727 1175 et
2755 1120 3015 1177 diﬁiciles.
3048 1119 3308 1174 Precibus
3336 1134 3436 1171 au-

1853 1224 1957 1266 tem
1990 1223 2046 1267 et
2072 1213 2266 1283 vigiliis
2297 1228 2353 1267 se
2375 1212 2609 1267 dedebat
2631 1212 2948 1280 plurimum,
2979 1221 3035 1266 et
3054 1212 3208 1265 valde
3238 1224 3436 1281 pueros

1850 1306 2133 1369 edocebat,
2182 1306 2324 1374 quod
2375 1307 2441 1359 ad
2493 1306 2713 1361 virtutis
2762 1306 3027 1359 rationem
3074 1304 3289 1365 attinet,
3323 1319 3431 1357 non

1850 1398 2024 1451 Solum
2052 1398 2277 1466 eos,qui
2309 1404 2464 1449 erant
2484 1398 2637 1450 relati
2670 1399 2721 1450 in
2752 1411 3039 1451 numerum
3063 1395 3431 1457 sacerdotum,

1849 1494 1965 1556 sed,
2000 1503 2057 1546 ut
2098 1492 2264 1546 semel
2304 1491 2502 1556 dicam,
2532 1500 2801 1561 quotquot
2834 1492 2888 1544 in
2928 1491 3127 1545 canitie
3163 1498 3323 1544 erant
3360 1487 3433 1557 pii

1849 1595 1903 1639 et
1935 1585 2193 1654 religiosi,
2229 1592 2289 1639 et
2307 1600 2492 1638 curam
2517 1583 2779 1654 gerebant
2801 1582 3179 1653 philosophiae.
3210 1582 3308 1635 lllo
3338 1595 3434 1633 au-

1850 1688 1959 1732 tem
2004 1692 2103 1730 suo
2158 1678 2419 1745 praeclaro
2467 1678 2593 1731 boni
2642 1685 2697 1731 et
2745 1677 2959 1731 honesti
3021 1690 3226 1738 amore,
3276 1674 3433 1726 valde

1850 1780 2067 1833 quoque
2097 1766 2313 1818 amabat
2344 1780 2526 1819 sacras
2552 1765 2698 1819 aedes
2726 1765 2927 1819 Christi
2962 1773 3257 1833 martyrum
3281 1771 3337 1815 et
3366 1776 3434 1815 ex

1851 1857 1931 1910 eis
1964 1857 2096 1910 alias
2126 1858 2366 1925 quidem,
2407 1873 2527 1927 quae
2563 1857 2903 1919 laborabant,
2930 1867 2985 1910 et
3012 1857 3225 1910 ruinam
3260 1856 3434 1909 ruina-

177 1940 358 2005 θυμίας
402 1942 648 2011 ἐνόμιζε,
689 1944 849 1998 τοῦτο
882 1942 951 2016 ἦν
982 1947 1123 2000 ὥστε
1156 1951 1220 2018 τῇ
1265 1950 1609 2021 μεγαλοδόξῳ
1653 1954 1740 2005 καὶ

1853 1950 2068 2012 bantur,
2101 1950 2375 2003 reﬁciebat
2415 1967 2428 2002 :
2463 1950 2595 2004 alias
2624 1961 2828 2014 autem,
2852 1964 2973 2017 quae
3010 1949 3249 2002 nondum
3280 1949 3433 2001 taetre

178 2032 482 2098 περικαλλεῖ
506 2035 617 2087 τῶν
645 2036 945 2106 μαρτύρων
976 2038 1309 2111 Ἀναστασίᾳ
1332 2042 1584 2112 λαμπρὸν
1614 2044 1748 2096 ἁνα-

178 2124 354 2190 στῆσαι
410 2125 563 2179 ναόν.
618 2128 899 2195 Ἐκαμνεν
932 2128 1026 2181 οὖν
1066 2130 1194 2201 περὶ
1249 2132 1348 2200 τὴν
1391 2131 1606 2203 εὕρεσιν
1652 2136 1747 2189 τοῦ

176 2218 381 2284 χωρίου,
424 2212 489 2270 οὗ
526 2218 592 2287 δὴ
652 2220 746 2273 καὶ
802 2222 1039 2290 μάλιστα
1101 2226 1176 2288 ὡς
1238 2227 1637 2297 ἐπικαιρότατα
1686 2230 1748 2284 τὸ

179 2308 309 2378 ἱερὸν
348 2310 491 2381 αὑτῇ
525 2311 750 2381 τέμενος
785 2315 1103 2384 ἀναστήσει.

232 2552 298 2602 Δ’.
340 2550 505 2604 Οὕτω
542 2551 1038 2622 διαμεριμνῶντος,
1074 2557 1211 2627 γυνή
1261 2573 1344 2621 τις
1380 2557 1443 2611 τὸ
1493 2560 1645 2629 γένος
1680 2561 1746 2615 ἐκ

174 2640 267 2691 τῶν
309 2642 501 2711 Σύρων
563 2642 897 2712 Ἂντιοχείας
946 2646 1218 2715 ἓλκουσαξ,
1271 2649 1425 2702 Νικὼ
1484 2652 1741 2722 τοῦνομα,

176 2734 282 2799 ἄρτι
330 2736 420 2785 τὸν
466 2733 705 2802 σύζυγον
732 2738 1168 2808 ἀποϐεϐληκυῖα,
1217 2733 1369 2793 οἷκον
1426 2743 1561 2811 αὐτῇ
1603 2748 1743 2797 κατὰ

176 2823 355 2892 κλῆρον
399 2827 763 2893 περιελθόντα
813 2829 925 2880 τῶν
971 2833 1282 2900 ἐπισήμων,
1345 2832 1403 2894 ὃς
1440 2833 1551 2903 ἄρα
1603 2836 1742 2888 κατὰ

176 2918 257 2979 τὴν
290 2920 461 2984 μέσην
532 2921 630 2986 τῆς
679 2921 999 2982 Βυξαντίδος
1053 2924 1260 2990 ἀγορὰν
1310 2923 1513 2993 ἵδρυτο,
1562 2926 1745 2980 διαπι-

177 3011 425 3074 πράσκειν
482 3011 761 3074 ἐϐούλετο,
818 3016 903 3077 ἐφ’
964 3008 1009 3081 ᾧ
1064 3016 1166 3085 τὴν
1203 3016 1363 3079 ἀξίαν
1396 3021 1742 3089 κομισαμένη

174 3114 343 3165 ritu-Iv.
384 3106 483 3152 ἐπι
510 3108 584 3153 τα
605 3110 783 3155 οἰκεία
816 3105 979 3157 πάλιν
1010 3106 1353 3159 ἐπανελθεῖν.
1410 3109 1595 3163 Ταῦτα
1645 3130 1741 3180 με-

177 3191 417 3259 μαθηκως
445 3195 474 3243 ό
508 3196 709 3261 θερμυξ
741 3191 892 3259 οὗτος
924 3200 1017 3267 τῆς
1049 3200 1327 3268 μαρτυρος
1368 3206 1622 3271 ἐραστής,
1650 3206 1740 3257 τόν

174 3298 220 3331 τε
250 3296 406 3335 τόπον
443 3286 713 3349 ἑωρακὼς
772 3306 845 3350 ως
901 3291 1179 3356 ἁρμόδιον,
1227 3292 1319 3343 καὶ
1348 3293 1445 3360 τὴν
1489 3296 1639 3345 θέσιν
1670 3314 1743 3358 ως
1772 3316 1813 3370 C
1848 3329 1903 3373 et

174 3375 472 3443 ἐπιτηδείως
532 3380 763 3428 ενοι-σαν
794 3378 868 3447 τῷ
898 3396 994 3430 σκο
1008 3380 1106 3448 at},
1156 3384 1385 3450 ερμαιον
1413 3385 1473 3435 τὸ
1506 3390 1736 3457 πρᾶγμα

172 3463 446 3527 λογίζεται.
488 3475 583 3519 καὶ
622 3476 685 3534 τη
733 3478 950 3537 γυναικὶ
1000 3474 1310 3539 προσελθὼν
1354 3479 1481 3544 περὶ
1518 3482 1613 3546 τῆς
1660 3497 1735 3531 τι·

682 3566 777 3613 καὶ
824 3563 1115 3632 δισχιλίους
1150 3565 1382 3633 χρυσοῦς
1414 3568 1737 3622 καταϐαλὼν

174 3650 327 3701 πείθει
376 3654 467 3705 τὸν
512 3650 666 3705 οἰκον
724 3655 1038 3708 ἀποδοῦναι.
1095 3656 1253 3709 Οὕτω
1301 3659 1738 3731 διαπραξάμενος

172 3744 249 3793 aut
277 3743 432 3809 ἔργον
471 3747 581 3812 ἥδη
617 3746 888 3799 ἅπτεσθαι
913 3747 1074 3817 δῆλος
1101 3743 1193 3818 ἦν·
1240 3750 1354 3801 ἀλλ’
1385 3755 1411 3804 ὀ
1446 3755 1579 3805 πᾶσι
1627 3760 1736 3818 τοίς

169 3836 370 3902 ἀγαυοῖς
428 3841 819 3906 αντικείμενος
863 3841 970 3893 οὐδ’
1030 3842 1265 3895 ἐνταῦθα
1318 3845 1593 3899 δείκνυται
1640 3851 1739 3919 τῆς

168 3930 353 3992 οἰκείας
384 3931 593 3999 τέχνης
620 3931 1013 4001 ἐπιλαθόμενος
1052 3934 1159 3985 οὐδ’
1184 3935 1319 3998 ὅλως
1369 3937 1463 3988 τοῦ
1500 3956 1737 4010 κακουρ-

169 4024 267 4084 γεῖν
299 4023 642 4090 παυόμενος,
678 4025 711 4093 ἢ
755 4024 1117 4093 παυσάμενος·
1174 4027 1289 4079 ἀλλ’
1342 4029 1589 4083 ὑπελθὼν
1637 4034 1737 4104 τήν

170 4117 378 4175 γυναῖκα
406 4118 504 4167 καὶ
540 4115 727 4185 δεινὴν
755 4119 892 4185 αὐτῇ
931 4118 1032 4187 τὴν
1064 4120 1425 4189 μεταμέλειαν
1456 4122 1731 4191 ἐμϐαλὼν,

168 4206 350 4275 σφόδρα
400 4210 532 4270 τοὺς
586 4208 881 4277 λογισμοὺς
925 4210 1335 4281 ἐξεπολιόρκει,
1388 4214 1638 4285 καθάπερ
1681 4234 1734 4270 τι

168 4302 444 4371 μηχάνημα
477 4303 587 4368 τὴν
619 4302 885 4371 αἰσχύνην
918 4306 1142 4369 ἐπάγων
1174 4306 1333 4374 αὐτῇ,
1362 4307 1436 4368 ὡς
1480 4308 1586 4375 ἄρα
1622 4326 1734 4361 κω-

167 4396 370 4461 μᾳὸοῐτο
400 4396 513 4447 ὑπὸ
549 4394 787 4458 πολλῶν,
819 4396 888 4449 τὰ
919 4397 1183 4449 κάλλιστα
1214 4399 1357 4451 οὕτω
1382 4402 1489 4451 τῶν
1521 4402 1735 4470 κτημά-

174 3559 264 3622 pi};
292 3561 630 3621 ὀιαλεγεται,

164 4502 251 4538 των
284 4488 681 4540 διασπαθὼσα·
731 4492 825 4540 καὶ
858 4488 967 4559 γὰρ
1008 4486 1076 4560 ἦν
1138 4494 1166 4544 ὁ
1192 4488 1338 4555 οἶκος
1366 4493 1471 4545 τῶν
1513 4497 1733 4563 ἀρχαιο-

165 4578 317 4646 ζὴὶων
346 4583 441 4633 καὶ
471 4581 1173 4650 μεγαλοπρεπῶιι,καίτῶν
1211 4585 1314 4636 ὑπὸ
1341 4585 1433 4637 τοῦ
1466 4588 1726 4655 μεγάλου,

163 4674 301 4739 φημὶ,
338 4673 771 4727 λωνσταντίνου
806 4675 905 4743 τὴν
927 4673 1236 4744 οἰκοδομίαν
1279 4678 1343 4729 ἐκ
1386 4678 1599 4747 μακροῦ
1635 4678 1731 4732 λα-
1762 4676 1804 4730 D

164 4764 336 4827 χέντων
369 4806 383 4829 ,
430 4766 763 4835 ἀρκούντως
794 4783 849 4819 τε
887 4770 995 4829 τοῖς
1030 4767 1398 4835 στεγονομίοις
1456 4773 1550 4823 καὶ
1607 4774 1729 4835 ταῖς

162 4856 215 4907 δι’
246 4862 389 4923 ἐτους
418 4860 719 4931 προσόδοις
748 4860 1220 4931 ἐνευθῃνούμενος.
1254 4861 1478 4926 Τούτοις
1504 4867 1536 4935 ἠ
1573 4865 1728 4937 γυνή,

164 4948 236 5000 ita
264 4953 415 5019 γυνὴ,
442 4954 550 5015 τὰς
582 4953 793 5021 φρένας
818 4952 1220 5019 ὑποσεισθεῖσα,
1262 4955 1410 5009 λύειν
1443 4957 1503 5009 τὸ
1542 4959 1732 5012 συνάλ-

162 5043 318 5111 lant:
344 5048 654 5114 ἐπειρᾶτο·
712 5047 807 5097 καὶ
838 5047 866 5097 ὁ
900 5047 1215 5117 Μαρκιανὸς
1246 5048 1400 5101 οὐδὲν
1432 5050 1731 5120 ἀϐούλητον

164 5134 421 5203 ῆὲπσχθὲς
453 5137 645 5189 οὐδενὶ
677 5138 906 5205 ἐπάγειν
958 5137 1303 5211 βουλόμενος,
1356 5141 1465 5193 τῶν
1512 5143 1729 5197 οἰκείων

163 5226 326 5298 ἐξέστη
366 5230 631 5290 δικαίων,
695 5233 788 5283 καὶ
844 5230 932 5283 τοῦ
974 5233 1250 5302 κτήματος
1298 5234 1613 5305 παρεχώρει
1659 5238 1724 5307 τῇ

163 5320 366 5384 γυναικὶ,
403 5324 675 5391 πράξεως
708 5323 859 5392 ἱερᾶς
890 5322 1041 5393 ἱερὰν
1078 5318 1215 5377 εἶναι
1244 5325 1338 5377 καὶ
1366 5328 1464 5395 τὴν
1486 5328 1727 5395 κρηπῖδα

166 5410 329 5478 ζητῶν,
361 5416 455 5467 καὶ
484 5415 657 5467 οὐδὲν
688 5414 888 5467 ἐθέλων
923 5417 987 5486 τῇ
1030 5416 1207 5487 ἀγαθῇ
1250 5421 1485 5489 μάρτυρι
1522 5422 1727 5489 προσά-

165 5516 257 5567 γειν
306 5506 666 5577 ἀπρόθυμον,
720 5504 827 5558 οὐδ’
860 5508 1298 5579 ἠναγκασμένον.
1376 5509 1438 5563 Ὀ
1495 5510 1591 5580 μὲν
1634 5509 1725 5563 οὖν

169 5597 361 5663 πονηρὸς
396 5597 669 5651 ἐντεῦθεν
721 5597 895 5651 ἐδόκει
938 5601 1110 5670 νικᾷν,
1145 5600 1205 5653 τὸ
1227 5600 1282 5654 δὲ
1306 5596 1372 5671 ἦν
1406 5602 1602 5673 ἐκείνῳ
1627 5603 1725 5673 τῆς

168 5688 391 5759 μεγίστης
428 5690 610 5761 ἥττης
644 5690 813 5759 ἀρχή.
876 5691 1007 5754 Θεὸς
1041 5692 1149 5762 γὰρ
1178 5702 1206 5746 ο
1242 5695 1505 5763 μετάγειν
1550 5698 1724 5750 πάντα

169 5774 273 5842 κρδς
296 5781 351 5832 τὸ
381 5782 682 5853 συμφέρον
703 5782 881 5848 εἰδὼς,
912 5780 1065 5848 οὗτος
1101 5785 1303 5857 δηλαδὴ
1334 5787 1429 5843 καὶ⁵
1466 5788 1565 5859 τὴν
1598 5790 1725 5860 περὶ

1851 2039 2088 2099 fuerant.
2106 2042 2396 2096 excitabat.
2423 2041 2575 2106 Quod
2597 2051 2775 2096 autem
2795 2042 3178 2096 ardentissime
3195 2041 3431 2102 amabat,

1860 2141 1917 2185 et
1962 2132 2046 2184 sui
2084 2131 2341 2185 desiderii
2390 2133 2551 2186 ﬁnem
2617 2133 2988 2198 existimabat,
3040 2134 3142 2187 boc
3185 2141 3327 2194 erat,
3378 2144 3435 2185 ut

1852 2223 2124 2291 praeclarae
2158 2232 2213 2277 et
2244 2224 2439 2294 insigni
2483 2224 2626 2279 inter
2666 2235 2929 2295 martyres
2965 2226 3263 2278 Anastasize
3294 2241 3431 2293 prac-

1851 2313 2056 2365 clarnm
2091 2312 2350 2381 templum
2393 2322 2720 2368 exstrueret.
2759 2334 2770 2367 :
2824 2315 3111 2369 laborabat
3152 2324 3334 2368 autem
3378 2315 3430 2367 in

1850 2407 1968 2460 loco
1997 2406 2343 2469 inveniendo,
2389 2407 2443 2460 in
2479 2422 2588 2477 quo
2626 2408 3093 2477 opportunissime
3128 2422 3337 2463 sacram
3374 2409 3422 2461 ei

1850 2498 2018 2551 aedem
2059 2505 2379 2551 exstrueret.

1921 2588 2007 2643 IV.
2041 2588 2174 2644 Cum
2198 2589 2266 2643 de
2287 2604 2354 2643 eo
2372 2598 2552 2644 autem
2575 2603 2720 2645 esset
2747 2591 3038 2657 sollicitus,
3069 2592 3263 2644 mulier
3282 2608 3427 2662 qna:-

1847 2680 2005 2745 dam,
2055 2697 2175 2750 quae
2220 2697 2393 2752 genus
2435 2683 2669 2738 ducebat
2712 2699 2777 2737 ex
2816 2682 3073 2753 Syrorum
3097 2684 3425 2747 Antiochia“,

1848 2773 1979 2827 Nico
2003 2774 2245 2837 nomine,
2287 2789 2411 2828 eum
2442 2776 2603 2843 paulo
2633 2784 2758 2829 ante
2783 2777 3071 2847 conjugem
3112 2778 3425 2839 amisisset,

1850 2864 2114 2933 insignem
2168 2864 2389 2919 domum
2426 2905 2439 2925 ,
2498 2882 2617 2935 qua:
2652 2868 2700 2920 ei
2745 2868 3059 2922 haereditate
3128 2869 3428 2924 obvenerat

1849 2956 2045 3024 (posita
2085 2966 2265 3010 autem
2287 2969 2405 3011 erat
2441 2958 2494 3011 in
2525 2960 2705 3013 medio
2738 2958 3241 3030 Constantinopolis
3261 2963 3423 3029 foro),

1851 3045 2063 3097 volebat
2095 3046 2350 3107 vendere,
2386 3054 2443 3100 ut
2485 3062 2608 3101 cum
2663 3050 2781 3117 ejus
2826 3053 3063 3118 pretium
3096 3056 3424 3120 accepisset,

1849 3138 1915 3191 ad
1944 3154 2036 3191 sua
2068 3149 2450 3193 reverteretur.
2477 3140 2600 3195 ll;ec
2620 3159 2742 3196 cum
2769 3145 3079 3199 rescivisset
3115 3146 3202 3199 hic
3228 3148 3426 3200 ardens

1849 3241 2053 3282 amator
2086 3232 2353 3299 martyris,
2404 3239 2459 3283 et
2504 3232 2680 3285 locum
2713 3235 2939 3288 vidisset
2978 3245 3423 3299 convenientem,

1932 3324 2092 3373 situm
2132 3338 2252 3375 esse
2292 3335 2478 3385 aotum
2510 3340 2609 3379 suo
2658 3330 2958 3395 proposito,
2997 3342 3095 3396 pro
3129 3328 3285 3381 lucro
3311 3346 3425 3381 rem

1846 3430 1963 3466 esse
2004 3416 2176 3479 ducit,
2248 3430 2301 3469 et
2341 3420 2406 3470 ad
2458 3420 2739 3472 mulierem
2793 3420 3040 3480 veniens,
3079 3420 3318 3489 loquitur
3358 3421 3423 3475 de

1843 3505 2036 3571 pretio,
2069 3515 2124 3559 et
2158 3510 2461 3560 numeratis
2496 3509 2577 3562 bis
2610 3510 2756 3563 mille
2803 3512 3003 3569 aureis.
3049 3512 3337 3581 persuadet
3374 3515 3422 3566 ei

1842 3597 2064 3651 domum
2089 3602 2349 3654 vendere.
2374 3600 2510 3653 Cum
2543 3601 2623 3655 sic
2651 3601 2891 3665 fecisset,
2919 3603 3136 3671 planum
3161 3612 3276 3658 erat
3296 3620 3422 3658 eum

1839 3685 1945 3758 jam
1976 3689 2114 3744 velle
2141 3705 2279 3759 opus
2309 3691 2544 3761 aggredi.
2582 3690 2690 3747 Sed
2720 3692 2811 3763 qui
2849 3693 3006 3748 bonis
3041 3695 3298 3750 omnibus
3323 3696 3422 3749 ad-

1838 3792 2108 3843 versatur,
2144 3798 2211 3835 ne
2243 3783 2333 3835 liic
2363 3783 2582 3851 quidem
2614 3784 2852 3838 ostendit
2888 3800 2945 3839 se
2976 3800 3087 3839 sua:
3116 3787 3247 3839 artis
3280 3786 3421 3840 obli-

1840 3882 1975 3933 tum,
2030 3890 2204 3942 neque
2251 3877 2471 3929 omnino
2526 3892 2738 3931 cessare
2785 3889 2877 3931 aut
2925 3892 3261 3933 cessaturum
3299 3896 3419 3932 esse

1840 3968 2158 4021 malefaeere
2198 3988 2208 4021 :
2256 3973 2351 4022 sed
2397 3984 2454 4021 se
2484 3970 2697 4023 mulieri
2734 3984 2911 4025 aStute
2953 3972 3260 4037 insinuans,
3290 3984 3345 4027 et
3371 3977 3417 4028 ei

1839 4074 2054 4128 gravem
2083 4060 2383 4113 immittens
2418 4062 2945 4130 poenitentiam,ejus
2974 4074 3212 4117 mentem
3241 4065 3418 4119 valide

1839 4152 2184 4221 oppugnabat
2217 4171 2230 4206 :
2271 4161 2527 4220 tanquam
2573 4154 2708 4212 alias.
2741 4156 3020 4208 machinas
3058 4156 3107 4209 ei
3153 4157 3416 4225 pudorem

1838 4242 2153 4307 admovens,
2181 4243 2326 4313 quod
2350 4245 2553 4299 scilicet
2583 4260 2611 4298 a
2639 4245 2796 4314 vulgo
2827 4246 3125 4301 haberetur
3160 4248 3411 4312 ludibrio,

1835 4349 1957 4405 quae
1979 4335 2057 4387 sic
2088 4336 2479 4403 pulcherrimas
2503 4350 2848 4393 consumeret
2877 4340 3249 4409 possessiones
3279 4341 3417 4411 (erat

1837 4425 1981 4477 enim
2013 4425 2207 4481 domus
2236 4427 2459 4495 antiqua
2486 4437 2539 4481 et
2573 4429 2873 4499 magniﬁca,
2898 4438 2951 4484 et
2982 4431 3069 4484 cui
3100 4431 3257 4502 longo
3290 4442 3418 4487 ante

1838 4527 2099 4587 tempore,
2133 4520 2309 4589 magni
2333 4519 2539 4573 scilicet
2562 4520 2924 4583 Constantini,
2950 4524 3267 4593 contigisset
3292 4525 3418 4578 aedi-

1838 4608 1983 4661 licari
2021 4624 2033 4659 :
2068 4608 2231 4663 locari
2270 4620 2451 4663 autem
2484 4612 2832 4666 mercedibus
2866 4622 2921 4667 et
2960 4616 3159 4667 annuis
3200 4630 3415 4684 posses-

1835 4699 2100 4761 sionibus,
2145 4702 2277 4755 satis
2308 4717 2562 4772 magnum
2589 4704 2937 4758 commodum
2971 4704 3277 4775 aﬁ'erebat).
3308 4705 3406 4761 llis

1841 4786 2056 4849 mulier,
2096 4796 2154 4841 ut
2194 4788 2409 4852 mulier,
2444 4790 2782 4855 labefactata,
2825 4803 3163 4848 contractum
3202 4795 3413 4851 solvere

1838 4876 2154 4929 conabatur.
2193 4875 2497 4931 Marcianus
2524 4891 2725 4945 autem,
2759 4882 2851 4950 qui
2879 4882 3011 4936 nulli
3045 4883 3261 4939 volebat
3288 4902 3412 4940 esse

1839 4962 2118 5027 molestus,
2148 4979 2249 5019 nec
2277 4981 2470 5036 cogere
2502 4976 2561 5020 ut
2591 4969 2792 5038 aliquid
2834 4970 3011 5025 facere
3049 4974 3192 5041 quod
3221 4974 3409 5039 nollet,

1835 5068 1934 5107 suo
1984 5055 2107 5122 jure
2146 5058 2329 5120 cessit,
2372 5068 2423 5111 et
2472 5061 2873 5127 possessionem
2924 5063 3133 5119 dimisit
3174 5067 3409 5131 mulieri,

1834 5162 2084 5215 quaerens
2112 5149 2340 5204 actionis
2366 5165 2578 5204 sacrum
2616 5167 2736 5207 esse
2772 5153 3206 5217 fundamentum.
3241 5168 3295 5213 et
3327 5159 3409 5212 ni-

1837 5240 1910 5293 hil
1937 5242 2125 5296 volens
2142 5241 2340 5297 oﬂerre
2367 5254 2567 5299 sant-ta:
2588 5248 2830 5317 martyri,
2850 5250 2995 5318 quod
3022 5265 3129 5303 non
3158 5260 3410 5319 prompto

1833 5332 2067 5387 etalacri
2096 5334 2317 5387 daretur
2344 5336 2546 5397 animo,
2577 5347 2670 5391 aut
2696 5339 2839 5407 quod
2863 5352 3008 5395 esset
3034 5352 3301 5397 coactum.
3330 5345 3404 5399 Ex

1834 5424 1937 5478 hoc
1978 5440 2106 5494 ergo
2157 5425 2437 5480 videbatur
2476 5428 2743 5501 malignus
2771 5432 2995 5486 victoria
3029 5436 3235 5507 potitus
3265 5454 3278 5489 :
3311 5439 3407 5495 sed

1833 5516 1954 5570 fuit.
1980 5517 2109 5571 illud
2159 5517 2509 5589 principium,
2543 5537 2652 5591 quo
2686 5523 2887 5577 factum
2931 5535 3037 5589 est,
3075 5535 3135 5581 ut
3173 5529 3409 5585 maxime

1834 5607 2166 5661 vinceretur.
2192 5605 2325 5662 Nam
2362 5611 2521 5677 Deus,
2556 5612 2651 5681 qui
2672 5614 2777 5667 scit
2809 5616 2991 5671 omnia
3021 5617 3305 5675 traducere
3338 5623 3405 5675 ad

1833 5699 1886 5754 id
1909 5701 2053 5770 quod
2075 5709 2159 5755 est
2180 5702 2545 5767 conducibile,
2578 5705 2625 5759 is
2652 5706 2920 5775 providet,
2947 5717 3009 5764 ut
3032 5709 3195 5782 bujus
3212 5712 3288 5767 rei
3311 5727 3403 5767 ex-

1834 5791 1941 5845 itus
1975 5794 2046 5847 sit
2074 5792 2231 5866 longe
2265 5795 2455 5851 melior
2484 5804 2538 5852 et
2568 5799 2896 5868 praeclarior.

171 5870 321 5927 ιςόιοσ
350 5878 632 5932 ἀπόϐασιν
669 5877 847 5948 πολλῷ
882 5880 1163 5951 κρείττονα
1198 5883 1289 5939 καὶ
1334 5885 1717 5958 λαμπροτέραν
1756 5888 2045 5960 οἰκονομεῖ.
