4128 6488
160 424 237 486 l3?
1118 415 1293 473 VITA
1334 414 1392 472 S.
1440 412 1729 472 MARCIA

1862 410 2359 472 PRESBYTERI.

3278 401 3384 464 438

161 548 268 611 λξεζη
310 536 805 605 συνεφελκομένων,
840 534 1008 602 πένης
1034 551 1119 596 τις
1145 533 1459 602 προσελθὼν
1490 533 1566 601 τῷ
1590 550 1714 601 γεν-

1836 541 2102 595 terentur,
2133 546 2339 600 pauper
2368 527 2589 598 quidam
2615 526 2882 580 accedens
2912 524 2978 579 ad
3024 523 3170 576 hunc
3219 520 3392 574 virum

161 632 287 699 ναίω,
320 632 434 700 (καὶ
461 630 570 695 γὰρ
598 626 919 696 ἐκζητοῦσιν
940 618 1089 678 οὗτοι
1122 626 1219 678 καὶ
1256 624 1588 694 μανθάνουσι
1609 624 1709 685 τὰς

162 721 557 789 φιλανθρώπους
605 720 781 789 ψυχὰς
836 718 991 770 οὐδὲν
1039 715 1203 789 ἦττον
1247 718 1279 788 ἢ
1327 719 1454 780 τοὺς
1497 719 1710 786 ἰατροὺς

160 818 191 865 ’τί
218 814 560 882 κάμνοντεςγ
610 810 924 879 προσελθὼν
956 810 1269 879 οῦνέδλεψέ
1307 828 1367 861 τε
1425 811 1560 879 πρὸς
1614 810 1711 879 τὴν

162 906 292 959 αὐτοῦ
338 905 542 969 δεξιὰν,
586 907 681 956 καὶ
712 905 830 973 ᾔτει
867 903 1123 969 δέξασθαί
1166 921 1218 954 τι
1249 902 1343 955 τοῦ
1377 902 1537 970 λιμοῦ
1569 903 1711 971 φάρ-

164 1014 379 1062 μακον...
427 997 486 1047 Ὀ
513 996 568 1048 δὲ
614 996 729 1067 (καὶ
763 996 870 1065 γὰρ
904 991 973 1065 ἦν
1034 995 1154 1047 τότε
1195 994 1332 1063 πρὸς
1385 994 1482 1062 μὲν
1513 993 1713 1045 κόλπον

164 1088 309 1156 ξὲρων
344 1087 522 1148 οὖδεν,
582 1088 713 1138 εἴσω
746 1085 802 1137 δὲ
851 1085 950 1155 τῆς
999 1084 1179 1153 ψυχῆς
1239 1084 1460 1137 κόλπων
1512 1082 1713 1151 πολλὴν

161 1186 293 1241 ῖιιιτως
328 1178 680 1249 χρηστότητα
709 1178 802 1229 καὶ
830 1177 1243 1246 μυσταγωγίαν)
1276 1178 1338 1228 ὲκ
1375 1176 1543 1244 μέσου
1575 1176 1713 1226 πάν-

164 1292 240 1324 των
290 1272 584 1340 γενόμενος
612 1313 625 1335 ,
667 1272 759 1323 καὶ
808 1271 882 1333 ὡς
934 1270 1169 1338 μάλιστα
1228 1268 1560 1321 λανθάνοντα
1610 1284 1712 1318 που

162 1369 293 1419 τόπον
337 1365 835 1435 περιϐλεψάμενος,
879 1363 1146 1431 ἐτύγχανε
1179 1362 1234 1415 δὲ
1266 1361 1445 1415 οὐδενὶ
1493 1359 1638 1427 ἄλλῳ
1681 1357 1712 1425 ἣ

165 1462 224 1509 ii:
253 1458 442 1527 χιτῶνι
493 1457 853 1526 σκεπόμενος,
898 1456 1034 1524 ὅπερ
1064 1454 1161 1507 καὶ
1196 1453 1425 1520 σύνηθες
1451 1451 1598 1521 αὐτῴ
1627 1449 1715 1502 διὰ

167 1568 252 1617 μου
274 1551 391 1601 δυσὶ
432 1549 509 1620 μὴ
536 1548 849 1619 χρήσασθαι
881 1549 1145 1618 ίματίοις’
1192 1544 1367 1607 οὕτως
1392 1544 1484 1597 οὖν
1519 1545 1657 1613 ἔχων
1688 1543 1715 1594 6

166 1644 272 1703 θεῖος
316 1639 483 1709 ἀνὴρ,
534 1640 711 1692 καίτοι
765 1640 893 1707 ῥᾷον
934 1637 994 1690 δν
1037 1636 1329 1705 ἀπολογία,
1374 1634 1470 1687 τοῦ
1506 1635 1717 1697 ἐνδεοῦς

165 1734 240 1801 τὴν
282 1732 527 1785 ἱκετείαν
579 1730 1013 1799 ἀφοσιώσασθαι,
1076 1729 1199 1781 ἐπεὶ
1259 1728 1349 1781 καὶ
1401 1727 1494 1781 τοῦ
1553 1728 1718 1798 μηδὲν

165 1822 444 1890 ἐπάγεσθαι
498 1822 782 1891 μάρτυρας
838 1816 951 1887 εἶχε
1008 1818 1133 1880 τοὺς
1189 1818 1368 1870 πάντα
1423 1816 1718 1887 βλέποντας

164 1914 449 1981 ὀσθαλμούς
476 1926 491 1939 ·

164 2006 276 2072 δοίη,
305 2005 551 2071 λυπῆσαι
599 2002 754 2063 Θεὸν,
798 2002 895 2054 καὶ
951 2000 1122 2070 αὐτὴν
1156 2001 1253 2068 τὴν
1286 1998 1491 2068 ἐσθῆτα
1527 1998 1593 2067 ἢν
1627 1998 1722 2065 μό-

165 2115 240 2165 νην
257 2097 647 2165 περιεὸέϋλητο
667 2094 873 2154 ἀποδὺς
902 2092 980 2162 τῷ
999 2091 1235 2160 δεομένῳ
1256 2090 1551 2161 προθύμως
1571 2089 1723 2141 δίδω-

166 2206 221 2249 3:,
244 2190 326 2239 καὶ
345 2188 535 2239 λοιπὸν
566 2186 847 2256 ἱερατικὴν
866 2183 1055 2254 στολὴν
1075 2178 1185 2251 εἶχε
1212 2182 1380 2251 μόνην
1400 2184 1492 2234 καὶ
1509 2182 1597 2232 τὸν
1624 2197 1720 2249 φε-

166 2279 311 2349 ὶώνην
326 2280 385 2331 τὸ
420 2279 581 2347 σῶμα
615 2276 949 2346 κρύπτοντα.
971 2274 1030 2328 ὃν
1060 2277 1151 2328 καὶ
1166 2273 1508 2343 πανταχόθεν
1540 2272 1723 2324 συνέλ-

164 2390 253 2423 κων
295 2372 368 2434 ὡς
408 2366 521 2423 οἷόν
566 2388 622 2422 τε
660 2369 841 2422 λαθεῖν
896 2368 1180 2431 ἔσπενδεν,
1247 2369 1341 2420 καὶ
1392 2367 1452 2419 τὸ
1501 2365 1725 2433 γεγονὸς

166 2461 333 2529 ἄδηλον
376 2462 600 2513 πάντων
628 2462 798 2511 θεῖναι
837 2461 948 2521 τοῖς
980 2458 1299 2528 ὀφθαλμοῖς.

220 2552 285 2605 Ζ’.
330 2554 494 2607 Ἐπεὶ
531 2552 587 2605 δὲ
651 2552 747 2604 καὶ
790 2552 851 2605 τὸ
894 2551 1039 2622 ἱερὸν
1096 2553 1291 2614 αὐτοὺς
1348 2551 1496 2604 ενδον
1556 2546 1723 2620 εἶχεν,

166 2645 289 2715 αὐτῷ
315 2645 370 2697 δὲ
398 2646 504 2713 τὴν
551 2645 704 2697 θείαν
752 2645 1098 2714 ἱερολογῆσαι
1145 2645 1538 2714 μυσταγωγίαν
1561 2647 1588 2699 6
1616 2644 1725 2696 τῶν

166 2737 336 2805 ἱερέων
363 2736 588 2806 πρῶτος
608 2737 934 2805 ἐπέτρεπεν,
958 2738 986 2788 6
1013 2737 1113 2805 μὲν
1142 2738 1343 2804 ὁμοίως
1365 2736 1455 2789 τὸν
1482 2734 1727 2804 φελὼνην

167 2831 345 2898 συνῆγε
377 2847 441 2881 τε
476 2830 572 2881 καὶ
627 2829 990 2893 συνέπτυσσε,
1025 2829 1230 2890 λαθεῖν,
1270 2828 1346 2891 ὡς
1392 2828 1625 2897 ἔφημεν,
1669 2828 1729 2878 τὸ

163 2921 374 2986 πρᾶγμα
412 2917 762 2979 σπουδάζων.
795 2919 857 2971 Οἱ
883 2918 939 2971 δέ
977 2935 1039 2985 γε
1096 2917 1472 2989 παρεστῶτες,
1511 2918 1604 2970 καὶ
1634 2917 1731 2969 σὺν

160 3010 320 3073 αὐτοῖς
340 3010 367 3062 6
397 3011 727 3078 ἀρχιερεὺς,
768 3011 892 3073 τοὺς
923 3010 1236 3080 ὀφθαλμοὺς
1272 3010 1421 3079 αὐτῷ
1440 3008 1730 3079 προσερεί-

162 3119 331 3164 σαντες
359 3103 538 3171 ὁρῶσι
573 3101 757 3170 θαῦμά
788 3118 841 3153 τι
892 3103 1077 3155 καινὸν
1130 3103 1225 3155 καὶ
1268 3101 1607 3169 ἀπόρρητον,
1639 3104 1731 3153 καὶ

161 3197 325 3261 σχεδὸν
348 3197 542 3258 αὐτοῖς
581 3195 765 3263 μόνοις
796 3197 988 3247 πιστὸν
1037 3197 1151 3257 τοῖς
1201 3194 1557 3264 θεασαμένοις
1585 3212 1599 3225 .
1633 3193 1728 3263 βα,
1756 3239 1798 3295 C

159 3291 349 3360 ειλικήν
391 3307 524 3342 τινα
555 3290 750 3357 στολὴν
809 3288 1053 3354 ὲξαισίαν
1082 3288 1178 3339 καὶ
1231 3288 1438 3357 χρυσίῳ
1483 3286 1726 3356 λαμπρῷ

155 3384 515 3436 κατάστικτον
558 3382 689 3433 εἴσω
736 3379 1235 3451 περιϐεϐλημένην,
1268 3381 1302 3450 ἢ
1344 3380 1409 3448 δὴ
1455 3379 1551 3431 καὶ
1605 3379 1726 3431 τότε

158 3473 542 3545 ξανερὼτερον
572 3474 682 3524 τῶν
718 3472 914 3543 χειρῶν
944 3471 1267 3539 διεφαίνετο,
1301 3474 1388 3523 ὅτε
1439 3471 1532 3523 τοῦ
1583 3469 1729 3521 θείου

154 3563 385 3632 σώματος
428 3563 715 3633 μετεδίδου
764 3565 875 3623 τοῖς
896 3560 1202 3630 προσιοῦσι.
1239 3560 1429 3613 Ταῦτα
1462 3558 1725 3629 ὁρῶντες,

154 3657 190 3705 οἱ
218 3658 313 3724 μὲν
343 3658 407 3708 τὸ
442 3656 643 3724 θαῦμα
672 3657 801 3724 παρ’
826 3657 1034 3715 ἑαυτοῖς
1070 3649 1238 3724 εἶχον,
1260 3657 1309 3707 οἱ
1344 3657 1399 3706 δὲ
1434 3655 1523 3706 καὶ
1551 3652 1732 3716 ἄλλοις

150 3750 501 3817 ἐξήγγελλον·
549 3750 602 3800 οἱ
643 3750 742 3817 μὲν
790 3749 864 3810 ὡς
910 3749 1306 3815 θαυμάζοντες,
1349 3750 1396 3800 οἱ
1431 3747 1510 3810 δὲ,
1543 3746 1731 3813 ὥσπερ

152 3843 299 3902 εὶκὶς.
347 3845 447 3895 καὶ
510 3840 860 3908 φθονοῦντες.
900 3840 961 3891 Οἳ
1005 3840 1099 3892 καὶ
1134 3840 1283 3910 αὑτῴ
1310 3842 1483 3909 δήπου
1523 3840 1599 3905 τῷ
1630 3842 1732 3909 ἀρ-

151 3936 305 4002 ίεερεῖ
340 3935 445 3986 Γεν
460 3933 631 4001 ιαδίῳ
668 3931 1077 4000 προσελθόντες,
1126 3932 1201 3994 ὡς
1253 3934 1468 4000 ἀγνοεῖν
1494 3932 1732 3994 οἰόμενοι

149 4026 273 4094 ἅπερ
306 4024 527 4078 εἴδέναι
554 4022 752 4076 τοῦτον
779 4023 897 4074 λίαν
929 4022 1233 4083 ἐϐούλοντο,
1270 4021 1728 4088 ἀπαγγέλλουσιν.

152 4111 263 4165 lii-:1
290 4116 393 4167 καὶ
422 4114 725 4179 διασύρειν
768 4112 931 4164 αὑτὸν
966 4111 1308 4181 ἐπεχείρουν,
1352 4112 1447 4161 καὶ
1481 4108 1733 4171 διαϐολὰς

146 4209 266 4261 κατὰ
284 4210 389 4277 τῆς
426 4207 729 4278 μακαρίας
784 4204 995 4257 ἐκίνουν
1034 4206 1213 4273 ψυχῆς
1236 4217 1249 4230 ·
1289 4205 1383 4255 καὶ
1404 4203 1459 4264 ὃς
1486 4202 1730 4271 ἑωρακέ-

144 4316 212 4348 ut
240 4301 336 4368 μὲν
373 4302 483 4353 καὶ
519 4299 694 4360 αὐτὸς
722 4298 895 4363 ἔλεγε,
920 4297 1011 4349 τὸν
1042 4296 1099 4349 δὲ
1126 4295 1328 4367 τρόπον
1357 4298 1596 4362 ἀγνοεῖν,
1635 4297 1731 4350 καὶ

144 4391 365 4459 ατεχνῶς
400 4394 463 4443 ὲν
504 4392 694 4457 τούτῳ
731 4388 1133 4457 διαπορεῖσθαι.

200 4482 279 4536 [ι’.
365 4485 543 4536 Ἐπεὶ
613 4482 673 4534 δὲ
720 4482 815 4533 καὶ
844 4481 993 4542 τέλος
1024 4474 1136 4548 εἷχε
1162 4479 1466 4549 Μαρκιανῷ
1490 4480 1523 4547 ἡ
1560 4496 1732 4548 μυστ-

1816 624 2092 695 egregium
2126 624 2182 692 (ii
2223 623 2366 676 enim
2408 619 2701 689 exquirunt
2734 633 2797 671 ac
2825 618 3040 671 discunt
3055 615 3317 683 benignas
3343 625 3395 665 et

1817 717 2113 771 clementes
2137 716 2367 775 animas,
2396 728 2505 766 non
2534 727 2693 764 secus
2720 720 2880 777 atque
2907 710 2963 771 ii,
2994 708 3086 777 qui
3122 707 3390 763 laborant.

1817 805 2098 872 medicos),
2122 805 2388 857 accedens
2405 818 2556 872 ergo,
2593 802 2833 870 respexit
2856 800 2923 852 ad
2954 801 3071 868 ejus
3092 798 3392 857 dexteram,

1818 908 1875 953 et
1902 900 2053 968 petiit
2087 909 2143 952 ut
2177 898 2449 965 acciperet
2478 895 2696 964 aliquod
2729 893 3186 946 medicamentum
3216 889 3389 941 famis.

1821 991 1913 1044 Ille
1946 1002 2123 1044 autem
2176 996 2327 1056 (tunc
2362 988 2504 1042 enim
2552 987 2685 1040 nihil
2721 984 2966 1055 gestabat
3017 983 3069 1035 in
3109 982 3254 1041 sinu,
3303 982 3393 1033 sed

1821 1099 2009 1137 revera
2066 1082 2297 1135 habebat
2348 1081 2490 1134 intra
2542 1082 2736 1132 animae
2782 1078 2961 1131 sinum
3004 1075 3397 1141 benignitatem

1822 1173 2045 1225 multam
2079 1181 2135 1225 et
2158 1171 2521 1232 clementiam,
2554 1185 2678 1223 cum
2708 1176 2948 1223 remotus
2975 1166 3168 1221 fuisset
3191 1164 3260 1219 ab
3291 1181 3404 1217 om-

1821 1262 2002 1325 nibus,
2032 1272 2087 1316 et
2128 1263 2304 1316 locum
2354 1262 2660 1331 aspexisset
2701 1258 2860 1314 valde
2906 1258 3201 1321 latentem,
3250 1256 3399 1310 nullo

1821 1366 2000 1409 autem
2033 1356 2159 1417 alio,
2186 1354 2290 1408 nisi
2324 1370 2427 1407 una
2460 1364 2733 1422 tegeretur
2762 1354 2965 1415 tunica,
3006 1353 3150 1419 quod
3179 1352 3397 1418 quidem

1822 1448 1921 1502 fuit
1952 1448 1999 1501 ei
2038 1457 2145 1501 tota
2195 1448 2301 1500 vita
2355 1445 2619 1499 familiare
2652 1456 2711 1499 ut
2741 1446 2953 1499 duabus
2992 1459 3102 1499 non
3154 1453 3400 1497 uleretur

1823 1541 2024 1594 tunicis
2055 1558 2067 1592 :
2094 1555 2218 1594 cum
2251 1539 2329 1593 sic
2360 1554 2418 1593 se
2450 1538 2676 1593 haberet
2707 1539 2787 1591 vir
2821 1538 3062 1599 divinus,
3102 1538 3204 1591 etsi
3234 1537 3395 1591 facile

1821 1632 2265 1686 eratcxcusando
2288 1641 2601 1700 egestatem,
2630 1631 2892 1700 repellere
2924 1631 3396 1699 supplicationem:

1822 1738 1950 1777 nam
1976 1722 2120 1790 quod
2152 1721 2287 1775 nihil
2317 1721 2585 1789 portabat,
2628 1731 2794 1776 testes
2825 1721 3061 1776 habebat
3089 1735 3281 1774 omnes
3317 1723 3399 1772 in-

1828 1822 2043 1869 tuentes
2070 1815 2279 1869 oculos.
2316 1814 2430 1877 Ille,
2466 1815 2693 1883 perinde
2727 1829 2793 1869 ac
2828 1815 2871 1868 si
2912 1830 3022 1868 non
3053 1815 3248 1875 daret.
3285 1816 3398 1868 fieri

542 1914 750 1972 ἐκεῖνος
795 1910 985 1979 ὥσπερ
1031 1910 1132 1961 οὐκ
1188 1908 1365 1969 ἄλλως
1413 1906 1474 1959 ὃν
1502 1947 1517 1972 ,
1565 1905 1723 1975 εἰμὴ

1833 1921 1935 1960 non
1969 1918 2171 1974 posset,
2205 1915 2263 1959 ut
2292 1920 2400 1959 non
2434 1905 2544 1959 Deo
2573 1903 2794 1959 aﬂ'erret
2832 1905 3159 1968 molestiam,
3188 1921 3312 1959 cum
3345 1920 3401 1959 sc

1824 2014 1887 2053 ca
1923 2000 2061 2068 ipsa,
2088 2014 2193 2067 qua
2234 1999 2347 2053 sola
2390 2000 2611 2052 indutus
2644 2008 2783 2062 erat,
2818 2010 2966 2054 veste
3009 2000 3266 2062 exuisset,
3311 2000 3401 2053 dat

1823 2092 2002 2161 egenti
2034 2099 2284 2159 prompto
2324 2099 2379 2144 et
2411 2090 2573 2144 alacri
2631 2091 2813 2145 animo
2851 2110 2863 2144 :
2899 2091 3047 2145 etde
3073 2102 3272 2146 caatero
3316 2091 3382 2144 ha

1824 2184 1987 2238 bebat
2022 2184 2191 2236 solam
2224 2192 2429 2236 vestem
2471 2183 2881 2245 sacerdotalem,
2907 2193 2963 2237 et
2983 2184 3257 2253 penulam,
3283 2199 3403 2252 qua:

1826 2291 2025 2344 corpus
2047 2275 2387 2345 contegebal,
2414 2291 2575 2344 quam
2599 2276 2763 2329 etiam
2800 2276 3148 2345 undiquaque
3182 2289 3393 2329 contra-

1828 2368 1990 2434 hens,
2023 2368 2277 2437 cupiebat
2314 2379 2577 2436 quantum
2611 2368 2725 2422 fieri
2769 2376 3008 2436 poterat,
3043 2369 3230 2432 latere,
3263 2376 3318 2421 et
3350 2366 3401 2420 id

1826 2458 1973 2527 quod
2008 2458 2209 2512 factum
2244 2458 2422 2512 fuerat
2455 2459 2697 2511 omnium
2723 2459 2901 2512 celare
2928 2458 3137 2512 oculos.

1897 2550 2010 2604 VII.
2043 2550 2334 2619 Postquam
2360 2559 2539 2604 autem
2572 2550 2791 2604 fuerunt
2818 2551 2957 2605 intra
2978 2551 3149 2605 aedem
3174 2566 3403 2613 sacram,

1828 2643 1877 2698 ei
1894 2653 2075 2697 autem
2100 2643 2343 2697 divinum
2365 2644 2640 2697 celebrare
2660 2644 2983 2697 sacriﬁcium
3006 2643 3170 2712 jussit
3198 2645 3406 2712 primus

1828 2734 2168 2787 sacerdotum
2206 2748 2218 2784 :
2250 2733 2337 2786 ille
2367 2733 2585 2801 quidem
2619 2733 2873 2801 penulam
2913 2734 3164 2786 similiter
3190 2742 3402 2787 contra-

1830 2825 1994 2879 hebat
2018 2836 2067 2879 et
2112 2826 2492 2895 complicabat,
2528 2826 2776 2895 cupiens,
2812 2835 2872 2879 ut
2899 2826 3153 2889 diximus,
3187 2841 3298 2878 rem
3330 2825 3405 2879 la-

1832 2925 1969 2971 tere.
2001 2916 2103 2981 Qui
2134 2926 2315 2970 autem
2345 2917 2597 2979 aderant,
2635 2926 2689 2969 et
2729 2931 2835 2969 una
2866 2930 2991 2969 cum
3027 2916 3105 2969 eis
3143 2915 3387 2982 pontifex

1833 3023 1957 3062 cum
1990 3008 2178 3063 oculos
2206 3008 2261 3060 in
2289 3023 2413 3061 eum
2446 3008 2781 3072 defixissenl,
2808 3006 2992 3061 vident
3014 3008 3285 3076 quoddam
3317 3024 3405 3062 no-

1834 3120 1961 3158 vum
2018 3116 2073 3157 et
2118 3119 2377 3158 arcanum
2411 3104 2769 3168 miraculum,
2809 3112 2862 3157 et
2909 3103 3303 3173 propemodum
3349 3103 3412 3156 iis

1835 3198 2009 3252 solum
2039 3199 2320 3259 credibile,
2348 3198 2438 3267 qui
2480 3207 2844 3267 aspexerunt:
2880 3198 3067 3251 vident
3096 3212 3220 3251 eum
3254 3198 3403 3252 intus

1835 3288 2085 3341 indutum
2107 3288 2302 3342 eximia
2326 3289 2558 3356 quadam
2592 3300 2742 3343 veste
2782 3291 2948 3359 regia,
2983 3298 3037 3343 et
3060 3303 3194 3343 auro
3222 3288 3410 3343 nitenti

1836 3382 2145 3445 intertexta,
2183 3397 2302 3450 quae
2338 3391 2465 3435 tunc
2501 3384 2663 3435 etiam
2699 3383 2869 3451 magis
2895 3384 3193 3451 apparebat
3217 3383 3270 3434 in
3302 3398 3412 3434 ma~

1835 3474 2017 3536 nibus,
2051 3475 2265 3541 quando
2321 3488 2414 3528 eos
2469 3474 2559 3542 qui
2602 3476 2952 3539 accedebant,
2978 3476 3162 3529 divino
3193 3490 3415 3542 corpore

1838 3565 2329 3635 impertiebat.ila:c
2356 3567 2624 3630 videntes,
2652 3568 2739 3620 alii
2758 3568 2977 3637 quidem
3009 3567 3150 3636 apud
3170 3584 3228 3620 se
3254 3568 3413 3620 mira-

1835 3657 2035 3712 bantur
2065 3673 2077 3707 :
2117 3658 2207 3710 alii
2236 3669 2418 3711 autem
2459 3657 2578 3710 aliis
2608 3673 2823 3727 quoque.
2851 3659 3241 3723 enuntiabant,
3274 3672 3414 3710 non-

1836 3749 1968 3802 nulli
2007 3750 2225 3817 quidem
2264 3759 2323 3803 ut
2366 3751 2720 3813 admirantes,
2759 3752 3005 3803 nonnulli
3050 3766 3201 3803 vero.
3236 3759 3296 3802 ut
3334 3760 3413 3803 est

1838 3839 2162 3899 Verisimile,
2204 3840 2364 3892 etiam
2420 3842 2740 3894 invidentes.
2778 3840 2881 3907 Qui
2921 3842 3083 3896 etiam
3132 3841 3199 3895 ad
3236 3842 3415 3909 ipsum

1838 3932 2151 4000 pontiﬁcmi
2195 3932 2535 3987 Gennadium
2567 3933 2890 3987 accedentes
2934 3941 3190 4000 tanquam
3226 3931 3414 3986 existi-

1836 4032 2048 4077 mantes
2075 4039 2201 4077 eum
2226 4026 2436 4079 nescire
2464 4041 2582 4092 quae
2613 4041 2737 4079 eum
2759 4025 2899 4079 scire
2922 4025 3153 4078 maxime
3179 4023 3415 4086 volebat,

1837 4116 1884 4169 ei
1923 4116 2469 4170 renuntiant.Deindc
2491 4117 2539 4171 ei
2566 4117 2727 4171 etiam
2754 4119 3093 4171 conabantur
3110 4116 3416 4171 detrahere.

1836 4216 1892 4261 et
1916 4216 2205 4261 movebant
2239 4207 2537 4261 calumnias
2572 4208 2834 4261 adversus
2874 4208 3084 4260 beatam
3124 4206 3267 4259 illam
3304 4206 3418 4259 ani-

1838 4315 2001 4353 mam.
2066 4300 2133 4352 Et
2193 4300 2285 4354 ille
2353 4300 2592 4370 seipsum
2653 4316 2871 4371 quoque
2926 4302 3142 4356 dicebat
3190 4302 3413 4361 vidisse,

1838 4392 2057 4446 modum
2086 4402 2269 4447 autem
2290 4394 2556 4463 ignorare,
2587 4404 2655 4461 et,
2672 4410 2730 4449 se
2758 4411 2947 4448 revera
2971 4395 3038 4449 de
3067 4410 3133 4448 eo
3150 4394 3399 4448 dubitare

1906 4483 2044 4537 Vlll.
2089 4484 2378 4553 Postquam
2410 4495 2593 4539 autem
2625 4503 2652 4539 a
2687 4486 2960 4541 Marciano
3004 4487 3105 4540 fuit
3135 4488 3419 4555 impositus

142 4574 359 4640 αγωγία,
404 4571 835 4643 ματακαλεῖται
867 4570 1052 4623 τοῦτον
1085 4573 1113 4621 ὁ
1146 4572 1511 4641 πατριάρχης,
1540 4571 1645 4641 ἰδίᾳ
1670 4588 1729 4623 τε

1839 4576 1961 4631 linis
1976 4576 2258 4637 sacrificio,
2285 4592 2407 4630 eum
2436 4581 2666 4632 accersit
2692 4578 3019 4647 patriarcha,
3047 4589 3106 4631 et
3122 4594 3243 4631 eum
3268 4592 3419 4631 seor—

142 4665 384 4736 ἐιιτυχὼν,
427 4665 582 4735 περὶ
634 4664 735 4731 τῆς
777 4663 971 4731 στολῆς
1026 4662 1295 4722 ἐνεκάλει,
1351 4664 1442 4714 καὶ
1470 4664 1549 4715 ὅτι
1578 4663 1737 4732 βασι-

142 4756 268 4809 ὶεῦσι
305 4758 558 4826 μᾶλλον,
596 4754 720 4808 ἀλλ’
753 4755 852 4823 οὐχ
888 4754 1092 4824 ἱερεῦσι
1137 4754 1313 4807 ταῦτα
1345 4756 1635 4823 προσήκει.
1680 4755 1740 4808 '0

144 4845 184 4898 Si:
207 4850 280 4912 εἰς
309 4846 664 4918 ἀποροῦντα
699 4845 898 4914 μᾶλλον
922 4842 1242 4913 ἀπορηθεὶς,
1288 4845 1479 4896 πίπτει
1517 4862 1576 4897 τε
1604 4846 1740 4913 πρὸς

167 4941 235 4999 οῖς
265 4940 492 4991 ἐκείνου
521 4936 693 4999 ποσὶ,
719 4935 815 4987 καὶ
845 4935 1015 4988 πολλὰ
1043 4934 1254 4988 τούτων
1302 4936 1514 5005 δάκρυα
1569 4952 1741 4987 κατα-

289 5034 634 5102 άπηρνείτο
672 5029 994 5080 παντάπασι
1034 5027 1095 5079 τὸ
1142 5028 1351 5096 λεχθὲν,
1399 5030 1495 5080 καὶ
1526 5029 1744 5097 ἀπάτην

146 5126 421 5195 ἑσθαλμῶν
458 5121 627 5177 εἶναι
668 5124 729 5173 τδ
763 5122 1000 5189 πρᾶγμα
1021 5120 1407 5190 διισχυρίζετο.
1454 5121 1527 5173 Τὸ
1555 5123 1663 5192 γὰρ
1680 5120 1744 5191 δὴ

148 5221 538 5289 ιιι-,φρονῆσαι
589 5215 767 5283 μόνον
814 5214 1078 5278 τοιοῦτον,
1130 5216 1284 5282 φησὶ,
1332 5214 1501 5283 μανία
1541 5216 1742 5284 σαφής.

147 5309 264 5379 Πρὸς
284 5312 471 5366 ταῦτα
497 5313 530 5364 ὁ
560 5307 929 5376 πατριάρχης
952 5307 1070 5377 (καὶ
1086 5308 1196 5377 γὰρ
1220 5307 1416 5376 εῦηθες
1444 5304 1582 5361 εἶναι
1609 5308 1745 5379 ᾠετο

150 5408 222 5455 nl.
248 5407 511 5475 φανερῶς
539 5404 767 5466 ἄλογον
801 5399 1015 5469 ὄμμασι
1054 5402 1166 5463 τοῖς
1212 5399 1362 5464 ίδίοις
1417 5401 1741 5471 διαπιστεῖν)

150 5495 408 5567 ἁψάμενος
454 5496 648 5557 εὐθὺς
693 5491 800 5563 ἰδίᾳ
823 5509 903 5560 χει
914 5492 991 5561 ρὶ,
1021 5492 1340 5546 ἀναστέλλει
1373 5494 1467 5545 τὸν
1497 5492 1745 5563 φελώνην

154 5589 290 5653 αὐτὸς
329 5594 397 5661 τῇ
456 5586 748 5657 ἱερατικῇ
809 5585 903 5636 σὺν
967 5584 1255 5654 ἀναστολῇ,
1322 5585 1415 5636 καὶ
1461 5586 1520 5637 τὸ
1561 5585 1746 5637 λοιπὸν

154 5679 311 5751 813p:
334 5679 403 5753 ἦν
435 5683 543 5737 καὶ
580 5678 887 5750 ὁρώμενον
916 5678 1009 5728 καὶ
1039 5678 1353 5748 λεγόμενον.
1387 5678 1445 5730 Ὀ
1478 5677 1585 5746 γάρ
1617 5694 1743 5745 χρυο

161 5774 256 5837 τοίς
292 5778 510 5839 ἐκεῖνος
564 5767 782 5843 χιτὼν,
814 5768 841 5818 6
876 5767 1059 5837 μικρῷ
1112 5769 1344 5838 πρόσθεν
1392 5768 1741 5839 βλεπόμενος,

162 5867 384 5939 τίδτμῃῦο
420 5868 655 5941 γυίινδς
788 5856 855 5931 ἦν
880 5863 907 5915 ὁ
935 5861 1107 5930 ἅγιος,
1160 5862 1345 5935 ὥσπερ
1372 5863 1478 5933 ἄρα
1516 5863 1605 5914 καὶ
1654 5857 1743 5933 ἧν,

1845 4682 1963 4720 sum
1991 4668 2338 4730 conveniens,
2369 4667 2437 4721 de
2468 4677 2617 4722 veste
2652 4668 3033 4737 reprehendit,
3063 4668 3254 4721 dicens
3299 4684 3419 4720 eam

1846 4758 2015 4827 magis
2057 4758 2475 4825 imperatoribus
2505 4758 2799 4812 convenire
2828 4774 2990 4826 quam
3022 4758 3420 4811 sacerdotibus-

1847 4849 1940 4902 llle
1968 4858 2149 4902 autem
2174 4850 2344 4918 magis
2370 4849 2535 4902 animi
2570 4849 2790 4912 dubius,
2835 4865 2996 4919 quam
3027 4850 3096 4916 is,
3138 4850 3228 4919 qui
3265 4850 3422 4903 dubi-

1849 4940 2014 5002 tahat,
2041 4940 2272 5010 procidit
2296 4942 2360 4995 ad
2395 4942 2561 5010 pedes
2584 4942 2749 5005 illius,
2782 4952 2835 4996 et
2873 4942 2926 4995 in
2951 4958 3046 4996 eos
3070 4944 3268 4996 multas
3300 4944 3419 4995 fun-

1848 5034 1981 5086 dens
2014 5034 2295 5101 lavrymas,
2328 5035 2558 5103 negabat
2579 5035 2803 5087 omnino
2829 5034 2879 5087 id
2907 5034 3049 5101 quod
3076 5035 3278 5088 dictum
3308 5035 3421 5085 fne-

1849 5132 1950 5186 rat,
1992 5132 2046 5176 et
2095 5123 2309 5177 diccbat
2365 5124 2621 5192 deceptos
2669 5123 2834 5177 fuisse
2880 5124 2998 5191 ejus
3038 5125 3247 5178 oculos.
3297 5124 3425 5175 'l‘ali-

1847 5217 1975 5285 quid
2005 5216 2150 5270 enim
2185 5219 2268 5271 vel
2302 5219 2474 5270 solum
2511 5216 2798 5286 cogitasse,
2841 5228 3025 5286 aperta
3069 5227 3151 5270 est
3193 5217 3421 5269 in.~ania.

1848 5312 1927 5365 Ad
1955 5311 2069 5365 hinc
2100 5311 2400 5380 patriarcha
2447 5311 2697 5378 (stultum
2742 5312 2888 5365 enim
2928 5311 3273 5365 existimabat
3314 5320 3368 5362 et
3398 5326 3423 5360 a

1852 5404 2060 5457 ratione
2081 5414 2266 5472 aperte
2296 5403 2554 5467 alienum,
2584 5405 2816 5473 propriis
2837 5419 2944 5457 non
2976 5403 3202 5457 credere
3231 5402 3423 5467 oculis)

1852 5509 2018 5548 manu
2063 5493 2279 5562 propria
2310 5493 2492 5546 statim
2521 5503 2765 5562 tangens,
2801 5492 3001 5545 relaxat
3030 5491 3144 5559 ipse
3172 5489 3419 5556 penulam

1851 5587 2012 5641 simul
2046 5602 2169 5639 eum
2202 5595 2352 5639 veste
2386 5585 2728 5642 sacerdotali.
2768 5594 2824 5637 et
2862 5584 2930 5638 de
2961 5592 3159 5636 caatero
3187 5581 3414 5633 miracu-

1850 5680 1959 5733 lum
1998 5679 2283 5733 videbatur
2318 5688 2371 5732 et
2411 5677 2712 5732 dicebatur.
2771 5677 2899 5729 Nam
2946 5677 3033 5728 illa
3059 5674 3276 5743 quidem
3324 5688 3414 5725 au-

1851 5786 1963 5835 rea,
2003 5786 2122 5839 qua:
2151 5773 2312 5839 paulo
2351 5778 2476 5823 ante
2530 5768 2836 5830 videbatur,
2887 5767 3090 5827 tunica,
3153 5776 3417 5832 nusquam

1851 5872 1964 5917 erat
2006 5880 2017 5915 ι
2052 5864 2232 5917 nudus
2285 5870 2464 5916 autem
2502 5869 2722 5915 sanctus
2770 5859 3055 5915 videbatur
3096 5858 3235 5912 sicut
3283 5863 3411 5913 crat
