4128 6488
698 424 802 484 439

695 548 934 603 exet-ptis
974 537 1056 586 his
1102 535 1437 589 indumentis
1494 534 1928 589 sacerdotalibus
1973 553 1983 585 :

696 627 938 693 iuipuim,
969 627 1060 693 qui
1110 643 1235 681 vere
1274 628 1455 682 aureis
1485 628 1700 681 virtutis
1740 626 1960 689 tunicis,
2006 643 2128 697 qua:
2175 627 2278 683 sub

696 729 970 787 aspectum
1002 737 1111 775 non
1158 722 1380 785 cadunt,
1427 723 1728 793 tegebatur.
1790 722 1904 778 lloc
1962 724 2273 793 pontificem

693 812 908 878 quidem
938 814 1160 868 adducit
1190 814 1242 867 in
1278 815 1691 869 admirationem
1729 830 1740 865 :
1778 815 1831 867 in
1859 815 2273 869 admirationem

693 912 871 954 autem
920 905 1138 959 adducit
1182 907 1348 959 etiam
1398 908 1756 974 imperatores
1806 906 1938 975 (l0),
1991 922 2115 959 cum
2162 906 2273 973 jam

693 995 834 1046 fama
868 994 934 1049 ad
967 1012 1059 1049 eos
1092 996 1436 1065 pervenisset
1474 1013 1486 1047 :
1522 996 1727 1050 clarum
1754 1005 1935 1048 autem
1962 995 2122 1065 erigit
2161 1006 2274 1050 tro-

693 1102 865 1153 preum
894 1089 1053 1143 siinul
1070 1100 1123 1142 et
1150 1089 1411 1143 adversus
1434 1089 1720 1158 malignam
1746 1098 1801 1141 et
1822 1089 2137 1143 sceleratam
2161 1090 2273 1144 Arii

693 1180 793 1245 Iul.
824 1178 1466 1251 Eutychetis]insaniam,
1491 1196 1632 1249 quaa,
1660 1181 1791 1247 proh
1806 1181 1977 1234 dolor!
2011 1196 2180 1250 usque
2207 1184 2272 1237 ad

690 1270 740 1323 i.l
767 1280 977 1340 tempus
1005 1272 1397 1329 defendebatur
1433 1274 1501 1327 ab
1534 1273 2099 1342 aliquibusl‘idclium
2129 1278 2272 1330 enim

690 1365 1000 1428 multitudo,
1029 1383 1151 1421 cum
1180 1367 1439 1422 miraculo
1474 1367 1525 1421 ei
1556 1377 1701 1422 esset
1736 1368 1897 1421 veluti
1918 1369 2132 1423 additus
2157 1372 2273 1422 ani—

689 1466 891 1518 llllls,t:l
912 1458 963 1509 in
986 1466 1128 1511 recta
1146 1458 1620 1513 essetconfirmata
1632 1469 1917 1522 sententa,
1933 1459 2044 1512 Arii
2058 1462 2274 1527 quidem

689 1549 935 1617 dogmata
975 1551 1263 1620 respuebat
1292 1562 1546 1620 tanquam
1587 1568 1759 1622 nugas
1792 1571 1803 1605 :
1839 1552 1940 1621 ipsi
1971 1563 2153 1607 autem
2189 1571 2273 1622 pe-

693 1634 843 1689 rinde
860 1652 922 1691 ac
943 1641 1189 1706 quaedam
1219 1642 1461 1694 amnium
1502 1640 1725 1705 ﬂuenta,
1751 1652 2002 1711 prompto
2026 1653 2082 1696 et
2110 1645 2274 1696 alacri

691 1731 873 1782 animo
896 1733 961 1784 ad
996 1734 1256 1801 templum
1279 1734 1647 1799 conﬂuebant,
1673 1737 1869 1805 partim
1897 1737 2118 1805 quidem
2145 1752 2273 1790 con-

693 1825 1001 1888 templaturi
1039 1826 1158 1894 ejus
1186 1827 1669 1895 pulchritudinem,
1692 1829 2081 1898 partimautem
2100 1838 2276 1884 recto:

1942 424 2225 485 MENSIS
2263 426 2395 486 JAN
2416 426 2721 487 UAlllUS.

3853 424 3968 492 NO

2042 538 2225 591 nudus
2260 576 2275 601 ,
2308 554 2351 608 Α
2383 538 2505 609 δίχα
2533 539 2643 592 τῶν
2690 538 2982 609 ἱερατικῶν
3034 538 3238 593 τούτων
3294 540 3688 609 ἐπιϐλημάτων
3710 557 3721 568 ·
3755 542 3967 607 γυμνὸς

2379 632 2406 683 6
2441 632 2664 699 χρυσοῖς
2716 631 2889 695 ὅντως
2943 631 3041 700 τῆς
3098 632 3302 703 ἀρετῆς
3336 632 3526 701 χιτῶσι
3558 634 3673 694 τοῖς
3705 630 3965 690 ἀθεάτοις

2380 722 2734 790 σκεπόμενος.
2769 721 2939 776 Τοῦτο
2977 721 3220 792 ἐξίστησι
3260 724 3361 792 μὲν
3388 723 3479 775 τὸν
3534 723 3825 791 ἀρχιερέα,
3866 722 3960 784 ἐξ·

2382 811 2562 879 ίστησι
2592 811 2649 863 δὲ
2672 811 2798 875 τοὺς
2829 811 3189 882 κρατοῦντας,
3222 812 3324 884 ήδη
3368 812 3461 865 τοῦ
3499 813 3660 881 λόγου
3700 814 3791 864 καὶ
3818 811 3962 880 πρὸς

2378 902 2575 964 αὐτοὺς
2617 902 2985 966 διαϐαίνοντος
3014 921 3028 933 ο
3069 904 3250 975 ἵστησι
3302 904 3360 958 δέ
3402 905 3665 974 τρόπαιον
3713 906 3961 972 ἐμφανὲς

2377 993 2520 1047 κατὰ
2549 994 2644 1047 τοῦ
2676 995 2914 1064 πονηροῦ
2934 995 3053 1066 ἅμα
3096 998 3191 1049 καὶ
3221 997 3321 1066 τῆς
3355 998 3559 1067 μιαρᾶς
3601 996 3810 1063 ’Δρείου
3843 1011 3960 1063 μα-

2376 1088 2514 1152 νίας,
2562 1088 2667 1141 ὑπό
2703 1106 2903 1153 τινων,
2949 1089 3080 1157 φεῦί
3150 1089 3321 1142 εἰσέτι
3364 1088 3833 1158 πρεσϐευομένης.
3881 1086 3963 1138 Τὸ

2377 1183 2486 1253 γὰρ
2513 1182 2577 1252 δὴ
2606 1182 2718 1234 τῶν
2744 1182 2953 1236 πιστῶν
2987 1181 3188 1251 πλῆθος
3225 1180 3613 1250 ἀναθαρσῆσαν
3641 1179 3832 1249 ὥσπερ
3875 1177 3959 1247 τῷ

2379 1277 2636 1345 θαύματι,
2670 1276 2766 1327 καὶ
2823 1278 2889 1343 τῇ
2933 1275 3069 1345 ὀρθῇ
3102 1274 3228 1344 δόξῃ
3281 1273 3597 1343 βεϐαιωθὲν,
3633 1274 3702 1325 τά
3737 1271 3956 1341 ’Δρείου

2380 1368 2478 1436 μὲν
2512 1368 2602 1420 an.
2636 1367 2729 1419 καὶ
2765 1364 2969 1435 λήρους
3008 1365 3283 1417 διέπτυον·
3313 1365 3468 1417 αὐτοὶ
3514 1364 3572 1416 δὲ
3604 1362 3795 1432 ὥσπερ
3826 1361 3956 1413 τινά

2379 1455 2622 1526 ποταμοῦ
2676 1455 2921 1525 ῥεύματα
2963 1454 3041 1524 τῷ
3100 1454 3213 1525 ναῷ
3267 1454 3567 1523 προθύμως
3634 1453 3954 1521 συνέρρεον,

2376 1550 2536 1604 τοῦτο
2564 1551 2661 1619 μὲν
2688 1550 2748 1602 τὸ
2775 1548 2969 1611 κάλλος
3014 1547 3178 1602 αὐτοῦ
3209 1547 3554 1616 θεασόμενοι,
3573 1545 3733 1598 τοῦτο
3756 1545 3815 1597 δὲ
3854 1547 3955 1595 καὶ

2376 1643 2485 1695 τῶν
2508 1641 2683 1711 ὀρθῶν
2712 1642 2890 1707 λόγων
2919 1642 3376 1709 ἐπακουσόμενοι.
3414 1637 3603 1700 Οὕτως
3634 1637 3691 1689 δὲ
3726 1637 3789 1688 τδ
3819 1637 3955 1704 συρ-

2380 1735 2500 1805 ρέον
2533 1732 2667 1785 πολύ
2692 1750 2744 1785 τι
2774 1735 2868 1785 καὶ
2890 1734 3114 1803 ἄπειροι
3145 1728 3233 1803 ἦν,
3264 1731 3403 1784 ὥστε
3441 1731 3535 1783 καὶ
3562 1729 3624 1782 τδ
3656 1728 3767 1781 τῶν
3788 1744 3953 1796 περι-

2378 1827 2551 1880 ϐόλων
2589 1827 2757 1893 ἐγγὺς
2782 1826 3036 1893 γενέσθαι
3069 1826 3251 1893 μόνον,
3306 1821 3469 1877 ἆθλον
3520 1820 3758 1891 ἱδρώτων
3810 1814 3954 1872 εἰναι

690 1928 903 1979 quoque
928 1915 1163 1969 audituri
1202 1932 1502 1971 sermones.
1533 1917 1707 1971 Tanta
1738 1930 1920 1971 autem
1951 1928 2007 1971 et
2052 1930 2157 1971 tam
2186 1920 2265 1971 in-

2374 1918 2585 1972 πολλῶν
2633 1918 2728 1971 καὶ
2760 1916 3074 1986 φιλοτιμίας
3102 1914 3251 1979 ἀξιον
3302 1917 3411 1975 τοῖς
3467 1913 3679 1975 πολλοῖς
3732 1910 3956 1981 νομιζό-

693 2006 1048 2058 numerabilis
1077 2006 1382 2061 conﬂuebat
1407 2007 1719 2075 multitudo,
1754 2019 1811 2063 ut
1838 2010 1921 2063 vel
1952 2009 2125 2063 solum
2170 2026 2263 2063 ac-

2378 2028 2560 2080 μενον.

693 2096 925 2148 ιιιςδὶδερ
958 2112 1122 2166 prope
1170 2100 1427 2162 ambitus,
1464 2111 1609 2155 esset
1645 2101 1926 2171 praemium
1966 2103 2260 2157 multorum
2302 2103 2582 2169 sudorum,
2643 2113 2699 2157 et
2758 2119 2787 2156 a
2825 2103 3010 2157 multis
3041 2102 3440 2156 existimaretur
3466 2100 3712 2171 dignum,
3744 2101 3813 2155 de
3842 2115 3953 2169 quo

692 2188 887 2239 airt'iler
917 2192 1333 2248 contenderent.

762 2284 849 2337 IX.
895 2287 1304 2343 Cunveniebant
1345 2306 1493 2362 ergo,
1525 2291 1666 2346 diem
1714 2308 1881 2346 unum
1914 2293 2114 2348 festum
2157 2294 2266 2349 fre—

691 2382 877 2443 quenti
910 2382 1167 2450 deinceps
1219 2392 1460 2451 tempore
1509 2386 1867 2466 celebrantes.
1903 2387 2038 2441 Nam
2086 2389 2154 2443 ab
2200 2405 2266 2444 eo

690 2488 905 2538 qui..un
936 2472 1236 2541 frequentia
1270 2476 1470 2531 tiebant
1514 2478 1795 2533 miracula.
1834 2480 1911 2534 Ex
1940 2480 2158 2550 quibus,
2197 2497 2264 2535 ne

693 2566 745 2613 in
800 2564 986 2616 multis
1035 2564 1283 2621 dicendis
1315 2569 1591 2634 immorer,
1639 2571 1855 2640 aliquod
1903 2588 2072 2626 unum
2124 2575 2264 2626 aecio

696 2654 845 2718 piens
893 2657 1143 2717 narrabo.
1188 2660 1330 2728 quod
1371 2662 1500 2716 satis
1543 2672 1625 2717 est
1671 2672 1727 2717 et
1773 2664 1841 2718 ad
1875 2664 2263 2719 ostendendam

691 2748 866 2815 magni
901 2747 1153 2803 Marciani
1190 2752 1437 2821 gratiam,
1474 2765 1524 2809 et
1560 2756 1702 2825 quod
1736 2757 1841 2812 hoc
1876 2773 2091 2812 sacrum
2129 2767 2261 2811 tem-

693 2843 838 2907 plum
892 2842 979 2895 Dei
1028 2838 1305 2900 voluntate
1355 2846 1554 2901 factum
1598 2850 1668 2904 sit
1720 2867 1735 2904 :
1786 2848 2095 2906 Incendium
2128 2851 2261 2919 (II),

691 2934 835 2997 quod
878 2950 983 2987 non
1037 2937 1202 2990 multa
1250 2937 1439 2993 habuit
1483 2940 1699 3008 similia,
1740 2942 1907 2996 exitio
1951 2942 2113 2997 dabat
2159 2943 2268 2998 Ro-

628 3043 635 3055 ν
693 3038 799 3077 ~tra
832 3027 942 3093 (I‘2\
988 3026 1218 3082 Domini.
1270 3030 1401 3085 Nam
1451 3048 1574 3086 cum
1626 3034 1766 3102 ignis
1816 3035 2269 3104 apprehendisset

695 3116 831 3177 luea,
864 3131 983 3184 qua:
1019 3129 1146 3171 sunt
1175 3120 1240 3174 ad
1271 3134 1420 3175 mare
1453 3121 1694 3185 Bnreale,
1729 3131 1897 3176 totam
1934 3125 2120 3177 urbem
2154 3125 2269 3177 cin-

695 3209 871 3273 gebat,
904 3220 953 3263 et
987 3210 1063 3264 sic.
1086 3227 1313 3282 serpens
1343 3213 1617 3275 ferociter,
1643 3231 1813 3284 usque
1843 3217 1909 3270 ad
1936 3232 2105 3279 mare,
2126 3218 2268 3285 quod

694 3309 779 3349 est
828 3298 879 3350 in
928 3301 1171 3365 meridie,
1222 3303 1543 3371 depascebat
1592 3306 1772 3359 omnia
1816 3323 1935 3374 qua:
1969 3307 2269 3361 intercede-

2444 2292 2523 2345 ϐ’.
2539 2289 2797 2342 Συνίεσαν
2819 2284 2934 2350 οὖν,
2954 2287 3147 2357 ἑορτὴν
3172 2286 3303 2355 μίαν
3322 2286 3517 2355 συχνὸν
3541 2284 3739 2355 ἐφεξῆς
3768 2286 3955 2338 ποιού-

2376 2400 2529 2454 μενοι
2549 2382 2744 2452 χρόνον
2772 2398 2784 2410 ·
2822 2382 2915 2433 καὶ
2941 2380 3194 2447 θαύματα
3226 2377 3462 2430 ἐτελεῖτο
3492 2378 3680 2445 συχνά.
3704 2371 3827 2443 Ὧν,
3862 2377 3954 2430 ἵνα

2377 2476 2453 2546 μὴ
2478 2475 2547 2528 τά
2581 2474 2751 2526 πολλὰ
2776 2474 2948 2540 λέγων
2977 2471 3319 2540 ἐνδιατρίϐω,
3337 2470 3398 2523 ἓν
3422 2470 3485 2536 γέ
3510 2486 3560 2521 τι
3587 2469 3793 2521 τούτων
3814 2471 3955 2522 ἀπο·

2373 2566 2553 2619 λαϐὼν
2613 2565 2972 2635 διηγήσομαι,
3018 2564 3201 2614 ἱκανὸν
3263 2562 3735 2631 παραστῆσαιτήν
3763 2578 3822 2612 τε
3855 2559 3952 2614 τοῦ

2376 2659 2614 2730 μεγάλου
2650 2655 2970 2725 Μαρκιανοῢ
3001 2657 3184 2724 χάριν,
3231 2655 3324 2707 καὶ
3351 2654 3412 2707 τὸ
3464 2653 3557 2705 τὸν
3610 2653 3752 2721 ίερὸν
3780 2653 3953 2706 αὐτοῦ

2375 2752 2541 2820 σηκὸν
2568 2749 2710 2802 κατά
2746 2748 2975 2817 γνώμην
3004 2745 3334 2815 γεγενῆσθαι
3380 2744 3540 2798 Θεοῦ·
3588 2746 3953 2814 Ἐμπρησμδς

2372 2838 2484 2906 οἷος
2515 2841 2575 2894 οὐ
2599 2840 2827 2903 πολλοὺς
2862 2840 3012 2909 ἔχειν
3046 2837 3291 2906 ὁμοίους,
3324 2838 3452 2898 τοὺς
3483 2836 3742 2905 Δομνίνου
3778 2835 3950 2905 ἐμϐό-

2364 2935 2487 2997 λους
2511 2932 2910 3002 διελυμαίνετο.
2938 2930 3013 2982 Τὸ
3043 2931 3150 2998 γὰρ
3174 2928 3288 2997 πῦρ
3314 2928 3424 2982 τῶν
3460 2929 3595 2997 πρὸς
3626 2932 3689 2999 τῇ
3714 2928 3948 2999 ἀρκτῴα

2367 3027 2611 3099 θαλάσσῃ
2646 3024 2827 3077 τόπων
2849 3020 3261 3091 ἐπιλαϐόμενον,
3278 3022 3376 3092 τὴν
3393 3021 3546 3075 πόλιν
3563 3024 3691 3092 ὅλην
3715 3022 3947 3085 ἐζώννυ,

2368 3118 2462 3171 καὶ
2483 3116 2658 3179 οὕτως
2689 3115 2859 3185 ἕρπον
2890 3113 3098 3184 ἀγρίως
3121 3113 3249 3181 ἀχρι
3278 3114 3371 3165 καὶ
3400 3113 3498 3183 τῆς
3527 3115 3586 3165 ἐν
3625 3115 3953 3184 μεσημϐρία

2367 3208 2648 3277 θαλάσσης
2683 3210 2860 3258 πάντα
2894 3206 2963 3255 τά
2998 3202 3203 3272 μεταξὺ
3232 3202 3564 3257 διεϐόσκετο.
3608 3204 3951 3268 Ἀκολούθως

2368 3301 2460 3353 οὖν
2514 3300 2608 3352 καὶ
2652 3304 2744 3351 τὸν
2790 3297 2935 3366 ἱερὸν
2983 3290 3134 3347 οἰκον
3178 3294 3367 3348 τοῦτον
3393 3298 3427 3363 ἡ
3472 3296 3566 3349 τοῦ
3597 3298 3767 3366 πυρὸς
3796 3297 3951 3367 ῥύμη

694 3387 843 3441 bant.
919 3391 1326 3459 Consequentcr
1385 3409 1514 3463 ergo
1576 3396 1715 3449 hanc
1778 3411 1992 3465 quoque
2057 3412 2263 3450 sacram

2371 3389 2795 3462 περιελάμϐανε.
2830 3390 2951 3440 Τῶν
2979 3384 3071 3439 οὖν
3088 3387 3305 3440 οἰκείων
3322 3388 3547 3449 ἕκαστος
3571 3389 3953 3457 ἀμελήσαντες

692 3479 860 3532 :edem
894 3480 1036 3550 ignis
1066 3484 1563 3553 comprehendebat
1598 3486 1851 3555 impetus.
1885 3488 2266 3557 Unusquisque

693 3584 821 3636 ergo
851 3572 1083 3639 propriis
1124 3573 1385 3643 neglectis
1433 3575 1850 3640 calamitatibus,
1894 3577 1961 3631 ad
2005 3579 2264 3648 templum

694 3669 896 3722 acriter
926 3672 1273 3739 procedebat,
1326 3675 1456 3744 igni,
1496 3677 1585 3745 qui
1635 3692 1743 3729 non
1789 3678 2133 3742 cernebatur,
2170 3694 2267 3730 eo-

694 3776 813 3813 rum
862 3761 1208 3818 inﬂammatis
1263 3766 1477 3821 animis.
1543 3768 1713 3822 llomo
1766 3779 1948 3821 autem
1986 3767 2077 3821 Dei
2133 3769 2266 3823 nihil

694 3853 1032 3917 perterritus,
1064 3866 1117 3908 et
1145 3872 1210 3908 ne
1246 3858 1288 3911 si
1319 3858 1537 3927 quidem
1566 3874 1688 3912 eum
1718 3859 1769 3912 in
1807 3861 1995 3913 orbem
2031 3861 2265 3913 circum-

693 3944 897 3997 sideret
932 3946 1089 4013 ignis,
1122 3947 1278 4001 nihili
1311 3948 1534 4006 faciens.
1567 3951 1660 4004 sed
1693 3950 1811 4005 fidei
1856 3951 1909 4004 in
1954 3951 2119 4004 Deum
2150 3967 2266 4006 cre-

693 4034 828 4087 dens
854 4039 1036 4089 oumia
1084 4040 1299 4101 cedere,
1349 4042 1517 4094 sacris
1567 4043 1803 4110 acceptis
1849 4043 2175 4111 Evangeliis,
2212 4043 2264 4095 in

695 4144 967 4180 summum
1000 4138 1199 4183 tectum
1226 4134 1483 4194 ascendit,
1517 4144 1570 4185 et
1612 4144 1762 4187 stans
1805 4134 1859 4186 in
1902 4135 2078 4187 medio
2117 4136 2266 4187 flam-

698 4232 816 4277 mae,
851 4228 901 4269 et
933 4234 990 4270 se
1025 4231 1348 4274 convertens
1378 4222 1441 4273 ad
1474 4237 1658 4289 preces
1696 4241 1705 4273 :
1750 4220 1962 4273 Christe
1994 4223 2151 4284 Deus,
2186 4223 2264 4275 di-

696 4310 874 4369 tebat.
911 4310 1049 4365 Deus
1080 4324 1293 4380 patrum
1325 4325 1656 4376 nostrorum,
1686 4316 1773 4383 qui
1802 4315 2031 4368 Abrahre
2064 4318 2266 4370 sacrifi-

689 4402 831 4452 cium
869 4404 1176 4470 suscepisti,
1235 4415 1285 4457 et
1344 4408 1434 4473 qui
1468 4406 1516 4457 ei
1552 4423 1614 4457 ex
1672 4407 2026 4473 promissione
2072 4418 2265 4475 praeter

690 4507 840 4557 spem
879 4495 1153 4561 prmbuisti
1189 4494 1375 4558 filium,
1411 4505 1607 4564 prater
1634 4512 1785 4561 spem
1817 4513 1843 4548 a
1885 4498 2028 4549 caede
2068 4498 2262 4551 libera-

690 4584 756 4634 sti
803 4584 935 4651 :qui
978 4586 1140 4656 etiam
1180 4586 1232 4637 in
1282 4585 1499 4639 fornace
1540 4584 1860 4656 Babylonica
1910 4596 2021 4639 tres
2067 4603 2263 4655 pueros

688 4672 933 4739 captivos
962 4689 1027 4727 eo
1055 4653 1283 4729 cﬂecisti
1315 4678 1647 4744 potentiores
1671 4695 1681 4728 :
1719 4679 1831 4745 ipse
1860 4694 2005 4731 nunc
2024 4693 2261 4746 quoque,

693 4764 936 4830 Homine,
956 4766 1089 4819 hanc
1123 4778 1265 4821 tuam
1291 4768 1510 4822 domum
1542 4784 1823 4826 conserva.
1854 4786 1923 4823 ne
1949 4771 2172 4824 laidatur
2194 4772 2261 4825 ah

688 4854 809 4921 igne
844 4874 855 4907 :
890 4866 942 4908 et
977 4872 1043 4909 ne
1067 4858 1349 4922 concedas,
1381 4868 1439 4910 ut
1462 4874 1597 4928 opus
1621 4868 1773 4912 tuum
1805 4860 1947 4929 quod
1972 4876 2070 4914 nos
2092 4863 2262 4916 multo

688 4945 869 4998 labore
892 4957 945 4998 et
972 4956 1122 5000 tanto
1154 4947 1478 5015 perfecimus
1506 4948 1795 5013 desiderio,
1829 4950 1967 5018 ignis
1996 4949 2260 5012 destruat,

691 5052 756 5087 ne
790 5038 968 5088 adhuc
1000 5046 1184 5107 pergat
1220 5038 1474 5093 inimicus
1518 5040 1571 5092 in
1603 5054 1704 5092 nos
1734 5038 2030 5093 insolenter
2064 5040 2260 5111 gloria-

689 5146 751 5187 ri,
782 5144 881 5181 nec
920 5144 1013 5181 ora
1057 5129 1398 5193 Arianorum,
1430 5132 1522 5200 qui
1569 5142 1697 5185 sunt
1731 5133 1887 5186 nobis
1948 5134 2256 5201 propinqui,

687 5234 785 5269 nos
827 5219 1035 5286 probris
1087 5229 1382 5288 appetant:
1431 5221 1525 5275 sed
1571 5236 1715 5275 nunc
1766 5236 1979 5290 quoque
2030 5226 2253 5276 ostende

686 5310 885 5377 aliquid
918 5312 1136 5380 dignum
1164 5321 1254 5365 tua
1278 5312 1609 5381 benignitate
1638 5326 1691 5367 et
1722 5316 2017 5381 majestate,
2051 5316 2115 5368 ad
2148 5316 2254 5386 glo~

688 5401 817 5450 riam
854 5400 926 5451 tui
958 5402 1211 5463 nominis,
1245 5412 1297 5455 et
1326 5401 1392 5455 ad
1421 5412 1680 5464 nostram,
1712 5403 1801 5471 qui
1838 5403 2050 5457 veritati
2079 5404 2253 5459 credi-

689 5478 824 5554 mu.)
860 5493 1231 5563 gloriationem
1265 5506 1318 5551 et
1351 5497 1791 5551 exsultationem.

756 5650 865 5729 (ltft
899 5652 1129 5729 l_.eonem_
1171 5655 1287 5707 si-il.
1323 5666 1375 5729 et
1407 5656 1594 5729 Irenen
1620 5662 1754 5728 Aug.
1784 5658 2050 5729 intelligit.

668 5756 698 5796 ._
755 5720 866 5796 (ll)
915 5722 1229 5796 Incendium
1260 5727 1408 5778 urbis
1437 5720 1906 5796 Constantinopol.
1942 5720 2067 5781 avnni
2114 5730 2237 5782 M55.

689 5794 757 5843 tte
794 5793 892 5844 hoc
932 5794 1178 5847 incendio
1215 5796 1336 5848 ride
1370 5797 1425 5847 ll
1480 5808 1533 5849 ct
1570 5800 1656 5850 29.
1702 5793 1951 5851 Dec—emi).
1993 5799 2043 5851 in
2106 5798 2238 5851 Vitis

689 5864 816 5914 thin.
875 5865 1097 5931 Stylitx,
1135 5877 1183 5917 et
1242 5866 1488 5919 Marcelli
1525 5869 1839 5923 archimaud
1899 5867 2057 5939 Emg.
2119 5870 2229 5923 LE.

2372 3483 2670 3554 συμφορῶν
2697 3481 2827 3552 περὶ
2851 3481 2941 3532 τὸν
2972 3480 3097 3533 ναὸν
3128 3478 3383 3547 ἐκθύμως
3419 3479 3681 3549 ἐχώρουν,
3724 3480 3952 3548 ἀθεάτῳ

2370 3576 2505 3648 πυρὶ
2537 3575 2637 3637 τὰς
2687 3572 2865 3642 ψυχὰς
2917 3572 3078 3624 αὐτοὶ
3111 3571 3505 3640 διακαιόμενοι.
3546 3571 3604 3623 'U
3638 3572 3696 3623 δέ
3743 3588 3804 3638 γε
3852 3572 3951 3624 τοῦ

2368 3670 2502 3726 Θεοῦ
2536 3668 2823 3736 ἄνθρωπος
2850 3665 3001 3718 οὐδὲν
3031 3663 3437 3725 ἀποδειλιάσας,
3470 3662 3580 3715 οὐδ’
3616 3665 3663 3715 εἰ
3683 3664 3955 3716 κυκλόθεν

2369 3759 2518 3828 αὐτῷ
2553 3758 2838 3828 περιχάνοι
2865 3754 2925 3807 τὸ
2957 3754 3070 3825 πῦρ
3094 3754 3247 3807 οὐδὲν
3278 3754 3762 3824 ὑπολογισάμενος,
3790 3754 3957 3809 sua

2367 3856 2434 3922 τῇ
2464 3851 2602 3921 πρὸς
2629 3849 2764 3901 Θεὸν
2798 3847 2982 3901 πίστει
3031 3848 3203 3900 εἴκειν
3260 3846 3441 3899 πάντα
3502 3845 3816 3910 πιστεύσας,
3880 3848 3955 3899 τά

2371 3946 2492 4013 ιερὰ
2525 3942 2704 3995 λαϐὼν
2730 3940 3067 4007 Εὐαγγέλια,
3098 3939 3190 3990 ἐπὶ
3211 3938 3271 3991 τὸ
3304 3938 3473 4006 ἄκρον
3496 3938 3594 4005 τῆς
3621 3939 3824 4006 ὀροφῆς
3850 3940 3955 3992 ἀν.

2368 4054 2506 4089 εισιν
2525 4054 2536 4066 ·
2579 4036 2673 4087 καὶ
2699 4033 2860 4102 μέσος
2887 4034 2953 4101 τῇ
2978 4032 3138 4099 φλογὶ
3156 4031 3465 4098 παραστὰς,
3498 4030 3689 4082 ἑαυτόν
3718 4047 3776 4081 τε
3808 4031 3952 4097 πρὸς

2369 4128 2533 4197 εὐχὴν
2561 4124 2859 4193 ἐπιτρέψας
2879 4136 2895 4153 ο
2934 4120 3139 4190 Χριστέ
3166 4122 3193 4172 6
3214 4120 3367 4183 θεὸς,
3393 4118 3601 4184 ἔλεγεν,
3629 4123 3654 4171 ὀ
3678 4118 3950 4179 Θεδςτῶι

2370 4221 2624 4286 πατέρων
2645 4217 2823 4285 ἡμῶν,
2843 4218 2870 4268 6
2886 4216 2984 4283 τὴν
2997 4214 3189 4265 θυσίαν
3209 4212 3463 4280 Ἀϐρααμ
3484 4212 3945 4280 προσδεξάμενος,

2368 4312 2461 4364 καὶ
2488 4309 2546 4362 ὃν
2594 4307 2653 4370 ἐξ
2687 4306 3019 4373 ἐπαγγελίας
3072 4303 3222 4373 αὐτῷ
3271 4303 3399 4372 παρ’
3441 4304 3632 4355 ἐλπίδα
3670 4304 3954 4371 παρέσχες

2368 4403 2503 4463 υίδν,
2560 4400 2689 4468 παρ’
2730 4397 2922 4449 ἐλπίδα
2963 4396 3175 4465 σφαγῆς
3207 4395 3533 4464 ῥυσάμενος,
3568 4397 3593 4445 6
3640 4395 3947 4447 1:318:62:-

2366 4494 2563 4551 λωνίας
2635 4490 2865 4557 καμίνου
2924 4487 3054 4539 ποτέ
3100 4489 3249 4555 τρεῖς
3304 4485 3689 4555 αἰχμαλώτους
3742 4486 3951 4547 παῖδας

2368 4584 2679 4653 κρείττονας
2702 4578 2872 4646 αὐτῆς
2902 4574 3205 4639 ἀναδείξας,
3228 4575 3389 4637 αὐτὸς
3412 4578 3503 4628 καὶ
3526 4575 3637 4640 νῦν,
3668 4578 3949 4641 Δέσποτα,

2366 4676 2457 4727 τὸν
2488 4670 2638 4726 οἷκον
2676 4671 2826 4723 τόνδε
2888 4670 2976 4722 τὸν
3010 4668 3101 4720 σὺν
3148 4668 3334 4736 ἀπαθῆ
3376 4668 3547 4736 πυρὸς
3585 4668 3946 4733 διαφύλαξον,

2289 4748 2340 4807 D
2368 4770 2460 4822 καὶ
2494 4771 2567 4837 μὴ
2601 4766 2715 4836 δῷς
2748 4766 2908 4835 ἔργον
2932 4761 3183 4815 τοσοῦτον
3215 4764 3350 4830 ὅπερ
3379 4763 3540 4830 ἡμεῖς
3583 4764 3730 4831 πόνῳ
3756 4763 3951 4831 πολλῷ

2363 4862 2461 4913 καὶ
2498 4861 2649 4929 πίθῳ
2678 4859 2756 4927 τῷ
2791 4856 2868 4925 σῷ
2912 4855 3346 4924 κατηρτίσαμεν,
3394 4855 3456 4905 τὸ
3502 4854 3614 4922 πῦρ
3664 4854 3946 4918 καθελεῖν,

2364 4955 2449 5007 ενα
2512 4953 2586 5022 μὴ
2641 4948 2852 5019 προσθῇ
2903 4949 2983 4999 ἐτι
3031 4945 3126 4998 τοῦ
3178 4946 3325 5013 μέγα
3371 4946 3557 5012 αὐχεῖν
3592 4945 3784 5015 ἐχθρὸς
3812 4949 3949 5000 καθ’

2362 5043 2537 5111 ἡμῶν,
2601 5040 2735 5109 μηδέ
2783 5038 2894 5091 τῶν
2952 5034 3443 5103 ἐγγιζόντωνὴμῑν
3484 5037 3779 5103 Ἀρειανῶν
3814 5040 3950 5089 στό-

2363 5148 2507 5201 ματα
2561 5128 2864 5198 ὀνειδισμὸν
2896 5127 3133 5179 λάϐωσιν
3185 5126 3269 5193 ἐφ’
3306 5128 3475 5193 ἡμᾶς·
3506 5126 3643 5178 ἀλλὰ
3670 5126 3843 5190 δεῖξόν
3890 5146 3948 5181 τι

2362 5223 2455 5276 καὶ
2481 5222 2574 5274 νῦν
2602 5222 2751 5286 ἄξιον
2779 5221 2875 5289 τῆς
2901 5220 2999 5290 σῆς
3027 5218 3392 5289 χρηστότητος
3422 5219 3518 5271 καὶ
3543 5220 3946 5290 μεγαλωσύνης

2362 5318 2441 5378 είς
2467 5316 2623 5379 δόξαν
2656 5314 2749 5368 τοῦ
2774 5312 3036 5381 ὀνόματός
3074 5329 3196 5373 σου,
3238 5312 3330 5362 καὶ
3370 5311 3529 5379 ἡμῶν
3576 5312 3683 5363 τῶν
3712 5313 3768 5365 ἐν
3800 5312 3948 5382 ἀλη-

2363 5410 2485 5479 θείᾳ.
2514 5407 2881 5461 πιστευόντων
2915 5406 3178 5475 καύχημά
3211 5421 3267 5455 τε
3295 5404 3389 5456 καὶ
3420 5404 3750 5473 ἀγαλλίαμα.

2355 5675 2401 5714 θ’
2425 5662 2535 5796 ἑὲ)
2571 5731 2681 5782 lloc
2712 5731 2877 5784 etiam
2908 5732 3128 5783 nomine
3167 5740 3538 5796 nuncupatam
3571 5744 3689 5782 esse
3740 5730 3907 5783 basiti

2349 5816 2464 5851 cam
2503 5800 2977 5869 Anastasia,quod
3008 5803 3057 5851 in
3092 5816 3155 5849 eo
3180 5804 3297 5853 loco
3322 5800 3480 5867 Greg.
3514 5798 3767 5851 Naziauz.
3803 5804 3902 5867 pul
3929 5833 3940 5839 -

2346 5871 2514 5938 pilum
2542 5872 2605 5924 ad
2633 5872 2919 5925 conciones
2950 5882 3223 5924 Cl't‘XleL'l.
3266 5880 3524 5922 memorat
3562 5869 3729 5922 Barun
3758 5886 3824 5922 us
