4128 6488
139 438 208 505 Mi
1102 428 1281 494 ΥΙΤᾹ
1321 433 1380 493 S.
1428 433 1805 494 MARCIA-NI
1848 432 2345 496 PRESBYTEHI.

3281 436 3393 501 “2

194 556 235 605 l'.
264 548 454 603 Ταῦτα
483 546 739 614 λέγοντος
790 544 1005 599 ἐκείνου
1048 545 1143 599 καὶ
1176 546 1237 599 τὸ
1261 545 1500 617 δάκρυον
1531 546 1680 617 ἐπίρ-

1869 545 1936 599 X.
1979 544 2105 600 Haec
2138 560 2263 600 cum
2296 545 2386 601 ille
2424 545 2652 611 diceret,
2691 564 2797 604 una
2835 566 2958 605 cum
2998 551 3178 606 verbis
3205 551 3393 605 efflue-

146 645 328 717 ρειτοῖς
360 641 566 709 λόγοις,
593 640 690 694 καὶ
718 637 819 710 τὴν
847 638 1031 709 ψυχὴν
1069 640 1200 692 εῐσω
1249 640 1512 710 τήκεσθαι
1548 655 1691 708 παρ·

143 738 316 803 εὸήλου.
335 730 474 787 Εἶτα
490 731 552 785 τδ
585 730 759 801 Ἀμὴν
771 731 1110 794 ἐπειπόντος,
1132 730 1320 800 ἐώρων
1341 731 1546 794 πάντες
1574 748 1696 801 σχε-

143 833 207 881 δὸν
234 830 279 880 ot
331 826 609 895 παρόντες
635 824 702 876 τὰ
750 822 852 893 μὲν
888 821 1083 890 πρῶτα
1125 824 1187 875 τὸ
1226 822 1338 891 πῦρ
1368 822 1555 892 κύκλῳ
1599 822 1695 874 τοῦ

145 920 310 981 παντὸς
371 921 524 972 οῖκου
586 917 924 988 διασυρίζον,
974 919 1071 970 καὶ
1121 918 1221 987 τὴν
1249 919 1428 988 ὁρμὴν
1462 912 1573 971 οἷον
1606 917 1695 969 ἐπ’

143 1018 310 1067 ἔκλυον
348 1014 679 1082 ποιούμενον
712 1028 726 1042 ο
757 1006 857 1064 εἷθ’
880 1010 1054 1075 οὕτως
1083 1012 1407 1083 ὑποχωροῦν
1440 1012 1533 1065 καὶ
1560 1014 1684 1065 ἀνα-

146 1108 463 1176 κοπτόμενον,
500 1106 754 1176 καθάπερ
781 1106 886 1159 ὑπό
925 1122 1074 1169 τινος
1102 1106 1320 1176 ἀμάχου
1354 1108 1449 1158 καὶ
1471 1109 1691 1176 ἰσχυρο-

142 1205 268 1271 τὰτης
290 1202 603 1272 δυνάμεως.
646 1201 867 1269 Ἀμέλει
922 1202 1019 1255 καὶ
1066 1203 1094 1254 ὁ
1137 1201 1281 1271 ἱερὸς
1324 1196 1480 1263 οὗτος
1520 1196 1689 1267 οἶκος,

145 1299 290 1363 ὠσπερ
315 1296 389 1347 τὰ
424 1295 536 1347 τῶν
568 1294 730 1347 θείων
751 1294 958 1348 παίδων
980 1295 1109 1348 ποτὲ
1130 1296 1382 1363 σώματα,
1407 1294 1523 1357 ὅλος
1543 1296 1687 1348 ἀπα·

145 1392 234 1455 τλῇς,
253 1388 367 1450 ὅλος
396 1387 677 1457 ἄψαυστος
698 1391 756 1441 ὲν
784 1389 926 1458 πυρὶ
946 1387 1212 1458 τοσούτῳ,
1245 1388 1451 1457 Χριστὲ
1477 1388 1682 1457 Σῶτερ,

145 1483 431 1551 δαῃρήθη.
468 1483 577 1535 Καὶ
616 1482 678 1535 οὐ
705 1482 865 1534 τοῦτο
898 1482 1083 1552 μόνον,
1111 1482 1187 1545 ὡς
1241 1480 1343 1553 ήδη
1384 1480 1690 1550 φθάσαντες

144 1576 332 1642 ἔφημεν,
363 1572 499 1625 ἀλλὰ
528 1573 623 1626 καὶ
643 1572 779 1626 ἀλλα
806 1571 1239 1642 πάμπολλαετῶν
1279 1572 1601 1643 Θαυμασίων
1634 1575 1691 1626 ὲν

144 1668 247 1736 τᾷδε
273 1669 345 1737 τῷ
376 1668 495 1737 ναῷ
521 1668 799 1721 δείκνυται
827 1686 839 1699 ⁸
870 1668 1040 1722 πολλά
1063 1669 1161 1739 μὲν
1176 1673 1269 1723 καὶ
1288 1671 1406 1722 τότε
1425 1669 1514 1723 διὰ
1534 1671 1690 1741 Μαρ-

146 1760 319 1826 κιανοῦ,
354 1761 529 1815 πολλὰ
557 1762 616 1814 δὲ
644 1763 737 1814 καὶ
769 1764 908 1831 μετά
946 1764 1205 1834 τελευτὴν
1228 1765 1456 1829 ἐκείνου,
1486 1766 1554 1817 τὰ
1589 1765 1689 1834 μὲν

143 1857 216 1924 τῆς
263 1855 509 1924 μεγάλης
548 1856 608 1908 ὲν
651 1856 920 1925 μάρτυσιν
956 1855 1336 1919 Ἀναστασίας,
1375 1855 1442 1908 τὰ
1483 1855 1540 1908 δὲ
1588 1856 1684 1908 καὶ

144 1950 277 2018 αὐτῆς
302 1948 403 2015 τῆς
436 1948 622 2018 κοινῆς
656 1946 926 2017 βασιλίδος
978 1949 1221 2013 πάντων,
1252 1948 1349 2019 τῆς
1388 1949 1681 2018 ἀχράντου,

143 2044 254 2111 φημὶ
277 2084 288 2105 ,
316 2042 583 2095 ὃεοτόκου
611 2041 1021 2113 διενεργούσης,
1049 2044 1144 2096 καὶ
1169 2042 1404 2113 μάλιστα
1436 2040 1685 2112 ἐναργῶς

144 2141 228 2197 τοίς
264 2136 701 2207 σπουδαιοτέροις
730 2138 789 2188 ὲν
815 2136 967 2207 αὐτῷ
988 2135 1404 2205 διαφαινομένη.
1441 2135 1514 2188 Ἦ
1549 2135 1684 2206 μετά

140 2229 210 2281 τοῦ
235 2230 494 2299 συνήθους
522 2232 800 2300 σχήματος
833 2231 925 2283 καὶ
961 2229 1056 2282 τοῦ
1093 2229 1287 2294 εἴδους,
1310 2230 1409 2282 οὐκ
1429 2229 1561 2299 δναρ
1586 2230 1682 2301 μό-

142 2337 223 2382 νον,
247 2319 372 2372 ἀ)λά
399 2322 497 2373 καὶ
526 2318 699 2390 ῦπαρ,
733 2319 936 2373 πάθεσί
971 2336 1030 2373 τε
1063 2320 1155 2373 καὶ
1209 2319 1427 2389 δαίμοσι
1459 2322 1551 2374 καὶ
1596 2336 1682 2373 vo-

141 2413 312 2480 ϐήμασι
341 2414 521 2481 φυγῆς
543 2413 694 2466 αίτία
715 2412 1063 2476 καθίσταται,
1086 2413 1466 2483 φαρμακείαις
1503 2430 1562 2464 τε
1588 2412 1682 2465 καὶ

138 2504 282 2567 ἄλλοις
324 2506 516 2569 κακοῖς
575 2507 871 2577 φάρμακόν
937 2506 1089 2559 ἔστιν
1145 2506 1392 2577 ἀτεχνῶς
1443 2506 1678 2577 ἄμαχον.

148 2598 276 2650 Ἀλλὰ
303 2600 477 2651 ταῦτα
505 2599 604 2666 μὲν
630 2604 724 2651 καὶ
760 2598 940 2666 λέγειν
972 2594 1136 2661 ἆθλος
1168 2598 1267 2651 οὐκ
1302 2596 1557 2669 εὐπετὴς,
1586 2598 1681 2651 καὶ

137 2689 351 2760 ἀριθμεῖν
399 2693 518 2744 ἴσον
567 2693 687 2745 ἐστὶ
730 2692 826 2746 καὶ
873 2692 1063 2762 κυάθῳ
1100 2692 1163 2745 τὸ
1215 2692 1453 2761 πέλαγος
1506 2694 1678 2764 εκμεο

137 2784 272 2848 τρεῖν.

187 2875 273 2928 ω.
308 2876 429 2930 Ὀτι
462 2876 520 2930 δὲ
548 2878 622 2948 μὴ
663 2876 870 2943 ζῶντες
900 2880 1060 2949 μόνον
1090 2878 1152 2932 τὸ
1187 2872 1247 2932 εὖ
1276 2878 1397 2949 ζῇν,
1422 2878 1560 2932 ἀλλὰ
1582 2880 1678 2933 καὶ

133 2964 417 3034 τεθνηκότες
444 2968 548 3036 ἠδη
580 2969 641 3021 τὸ
687 2969 790 3039 ζῇν
822 2969 958 3032 ὅλως
1001 2970 1061 3022 ἐν
1090 2967 1227 3037 τῷδε
1265 2968 1344 3039 τῷ
1378 2968 1490 3039 ναῷ
1521 2970 1679 3023 ἀπει-

132 3057 347 3126 λήφασιν,
370 3062 399 3114 ὁ
433 3061 599 3130 λόγος
623 3062 726 3132 ήδη
752 3062 993 3131 δηλῶσαι
1041 3063 1366 3133 βουλόμενος
1396 3063 1549 3133 εὖροι
1577 3063 1675 3129 τὰς

133 3153 265 3215 ἀκοὰς
294 3155 399 3207 τῶν
440 3156 732 3224 παρόντων
779 3155 1144 3222 ὐποδέξασθαι
1172 3154 1229 3208 τὸ
1257 3154 1442 3225 θαῦμα
1469 3155 1676 3226 προθύ-

1798 636 1932 691 bant
1965 637 2238 707 lacryuue,
2267 646 2323 691 et
2355 636 2719 692 ostendebant
2742 655 2865 693 eum
2899 640 3046 695 intus
3072 641 3395 695 extabescr-

1800 745 1877 782 re.
1944 729 2155 783 Deinde
2222 744 2346 783 cum
2413 730 2813 799 subjunxisset,
2876 735 3070 794 Anien,
3138 734 3394 788 videbant

1797 835 1991 875 omnes
2034 822 2148 876 fere
2196 823 2288 891 qui
2343 824 2592 889 aderant,
2656 826 2892 895 primum
2950 828 3168 894 quidem
3210 829 3387 898 ignem

1798 916 2125 971 sibillantem
2173 919 2317 972 circa
2361 929 2526 972 totam
2563 920 2757 985 aedem,
2811 931 2866 974 et
2920 920 2974 973 in
3029 921 3171 974 illam
3222 924 3386 975 veluti

1797 1008 2088 1064 facientem
2132 1012 2398 1081 impetum
2435 1032 2448 1065 :
2506 1013 2703 1066 deinde
2758 1030 2885 1066 vero
2917 1017 3282 1077 recedentem,
3331 1026 3388 1068 et

1796 1104 1962 1158 veluti
1993 1121 2299 1174 repressum
2336 1124 2364 1160 a
2396 1108 2633 1177 quadam
2677 1108 3079 1179 inexpugnabili
3113 1122 3167 1165 et
3200 1110 3385 1163 furtis-

1797 1197 1931 1251 sima
1971 1199 2187 1253 virtute.
2223 1198 2383 1254 Certe
2425 1202 2540 1256 haec
2581 1217 2799 1272 quoque
2837 1218 2988 1255 sacra
3040 1206 3204 1267 aedes.
3250 1220 3389 1271 quo-

1797 1292 1957 1347 modo
1987 1293 2295 1348 divinorum
2338 1311 2630 1364 puerorum
2677 1296 2968 1366 aliquando
3012 1313 3237 1365 corpora
3274 1310 3383 1353 tota

1800 1384 1985 1441 illaesa.
2042 1396 2151 1440 tota
2196 1389 2416 1454 intacta,
2460 1388 2513 1441 in
2560 1398 2730 1452 tanto,
2765 1405 2797 1441 ο
2839 1390 3054 1443 Christe
3102 1392 3379 1449 Servatur.

1796 1477 1919 1547 igne
1949 1488 2033 1533 est
2063 1492 2402 1534 conservata.
2453 1480 2563 1537 Nec
2610 1482 2715 1535 hoc
2763 1481 2959 1545 solum,
3008 1492 3065 1536 ut
3100 1484 3211 1551 jam
3258 1495 3385 1537 ante

1794 1570 2049 1638 diximus,
2100 1573 2195 1628 sed
2248 1574 2477 1643 plurima
2524 1590 2741 1643 quoque
2789 1575 2894 1628 alia
2946 1574 3289 1630 admirabilia
3327 1578 3378 1629 in

1793 1661 1898 1717 hoc
1926 1665 2125 1732 templo
2153 1667 2519 1720 ostenduntur
2550 1684 2561 1719 :
2598 1668 2762 1719 multa
2794 1669 3012 1735 quidem
3045 1680 3098 1721 et
3126 1680 3255 1722 tunc
3287 1687 3381 1738 per

1798 1754 2149 1821 Marcianum,
2171 1759 2336 1813 multa
2362 1770 2544 1813 autem
2570 1769 2692 1828 post
2717 1760 2861 1814 illius
2887 1777 3101 1829 quoque
3128 1772 3380 1827 mortem,

1795 1850 1990 1917 partim
2039 1850 2257 1919 quidem
2306 1866 2496 1921 magna
2551 1852 2691 1905 inter
2739 1863 3000 1922 martyres
3048 1855 3328 1907 Anastasia
3367 1873 3379 1907 :

1792 1943 1987 2011 partim
2034 1954 2214 1996 autem
2264 1944 2378 2013 ipsa
2428 1959 2646 2012 quoque
2690 1949 2968 1998 communi
3017 1947 3261 1998 omnium
3300 1962 3382 1999 re—

1787 2033 1931 2103 gina,
1969 2033 2310 2095 intemerata,
2359 2032 2600 2101 inquam,
2641 2031 2889 2102 Deipara,
2935 2048 3214 2103 aperante.
3244 2035 3374 2100 Qua:

1786 2124 2006 2194 quidem
2033 2124 2446 2179 evidentissime
2488 2140 2758 2194 apparens
2786 2126 2869 2185 iis,
2913 2126 3003 2196 qui
3058 2128 3205 2181 ineo
3255 2138 3381 2181 sunt

1786 2218 1949 2286 paulo
1976 2216 2250 2281 meliores,
2282 2233 2407 2271 cum
2439 2218 2606 2287 figura
2637 2228 2691 2271 et
2730 2218 2902 2271 forma
2947 2232 3230 2280 consueta.
3265 2236 3373 2273 nou

1786 2309 1960 2364 solum
1996 2309 2052 2363 in
2077 2310 2309 2375 somnis,
2340 2310 2433 2365 sed
2458 2327 2667 2375 revera,
2699 2326 2860 2365 causa
2892 2321 2995 2371 est.
3030 2324 3086 2366 ut
3120 2313 3373 2380 fugentur

1784 2398 2079 2464 daemones,
2126 2401 2298 2455 morbi
2345 2412 2400 2455 et
2445 2402 2835 2472 aegritudines:
2883 2404 3273 2473 veneficiisque
3322 2417 3372 2460 ct

1784 2492 1907 2547 aliis
1937 2493 2094 2547 malis
2138 2493 2600 2549 medicamentum
2637 2511 2765 2550 vere
2808 2506 2892 2552 est
2934 2498 3371 2569 inexpugnabile.

1782 2582 1889 2638 Sed
1922 2585 2037 2639 haec
2066 2585 2284 2654 quidem
2312 2586 2496 2641 dicere
2526 2597 2803 2642 certamen
2844 2598 2929 2642 est
2960 2604 3068 2641 non
3109 2591 3286 2653 facile,
3319 2601 3371 2645 et

1782 2691 2108 2733 enumerare
2141 2680 2368 2749 perinde
2394 2690 2476 2734 est
2504 2695 2566 2735 ac
2598 2696 2748 2735 mare
2784 2681 2963 2735 metiri
2990 2682 3207 2753 cyatho.
3293 2726 3307 2735 .

1857 2870 1945 2927 XI.
1988 2871 2143 2938 Quod
2186 2882 2370 2927 autem
2408 2888 2517 2928 non
2552 2872 2727 2927 solum
2764 2873 2887 2933 vivi.
2935 2885 2995 2928 ut
3030 2884 3176 2929 recte
3221 2876 3373 2930 vive-

1781 2976 1927 3027 rent.
1958 2966 2052 3019 sed
2096 2965 2260 3019 etiam
2293 2966 2403 3035 jam
2456 2967 2680 3029 mortui,
2734 2978 2792 3021 ut
2845 2968 3108 3031 viverent,
3163 2969 3216 3021 in
3266 2970 3367 3023 hoc

1781 3059 1986 3128 templo
2042 3069 2395 3129 acceperunt,
2447 3060 2558 3129 jam
2614 3059 2800 3115 volens
2846 3060 3124 3114 declarare
3167 3061 3362 3123 oratio.

1781 3150 2021 3205 inveniat
2047 3168 2257 3213 eorum,
2298 3152 2389 3221 qui
2429 3152 2652 3217 adsunt,
2685 3168 2845 3207 aures
2879 3163 3092 3222 paratas
3121 3153 3186 3206 ad
3229 3154 3369 3209 acci-

134 3245 260 3307 μουςο
285 3245 423 3315 Γυνή
452 3264 539 3307 τις
570 3248 635 3299 ὲκ
658 3247 758 3317 τῆς
782 3248 1032 3318 ὑπερῴου
1062 3248 1223 3301 στοᾶς
1240 3248 1349 3301 τῶν
1379 3248 1679 3317 εὐωνύμων

1782 3245 2041 3315 piendum
2079 3244 2427 3298 miraculum.
2460 3242 2651 3298 Mulier
2692 3246 2940 3313 quaedam
2985 3260 3050 3299 ex
3102 3246 3368 3314 superiori

132 3334 279 3403 μερῶν
300 3336 756 3408 ὑπερκῦπτουσα,
793 3341 887 3392 καὶ
932 3339 1097 3391 πλέον
1140 3340 1172 3409 ἢ
1226 3339 1486 3407 ἀσφαλῶς
1529 3336 1675 3410 εῖχεν

1778 3336 1991 3405 porticu
2028 3336 2263 3390 dextera
2315 3337 2485 3406 partis
2529 3337 2861 3408 despiciens,
2915 3349 2967 3392 et
3016 3339 3157 3408 plus,
3205 3354 3366 3405 quam

130 3428 423 3497 αίωρηθεῖσα
460 3431 654 3482 πίπτει
713 3447 773 3482 τε
805 3431 923 3500 ἅμα
964 3429 1058 3483 τοῦ
1104 3428 1270 3500 ὕψους
1294 3469 1308 3493 ,
1351 3431 1446 3483 καὶ
1491 3434 1676 3503 νεκροῖ

1778 3437 1952 3482 tutum
2002 3438 2164 3489 esset,
2202 3444 2261 3481 se
2291 3428 2346 3482 in
2382 3429 2551 3483 altum
2596 3431 2883 3496 extollens,
2918 3431 3080 3484 simul
3126 3440 3181 3483 et
3224 3430 3369 3484 cadit

129 3522 203 3585 μὲν
226 3523 438 3589 ἑαυτὴν,
474 3525 667 3592 νεκροῖ
693 3523 771 3588 δὲ,
800 3523 899 3592 φεῦ
922 3526 951 3576 ι·
979 3524 1072 3577 καὶ
1104 3524 1168 3577 τὸ
1196 3525 1331 3579 εἵσω
1360 3525 1539 3590 αὐτῆς
1594 3527 1673 3579 ol-

128 3612 316 3682 χωροῦν
346 3615 620 3685 ἔμϐρυον.
662 3616 843 3685 Ὅπερ
882 3615 1083 3679 ἰδόντες
1111 3616 1141 3669 ὅ
1172 3633 1232 3669 τε
1255 3616 1398 3679 θεῖος
1418 3619 1671 3687 Μαρκια-

126 3704 308 3765 νέρς,κ;ιὶ
336 3707 398 3760 τὸ
434 3707 668 3776 πλῆθος,
693 3709 882 3777 φέρειν
918 3709 1019 3762 οὐκ
1050 3705 1223 3779 εἶχον,
1263 3708 1398 3761 ἀλλά
1432 3712 1490 3761 ὲν
1524 3710 1671 3781 μέσῃ

126 3798 172 3860 τῇ
192 3798 335 3868 ἑορτῇ
368 3799 578 3870 θρῆνος
608 3795 699 3870 ἦν,
749 3802 842 3854 καὶ
880 3801 1133 3872 δακρύων
1178 3802 1402 3873 ἀφορμὴ
1438 3802 1498 3855 τὸ
1527 3803 1674 3871 γινό-

126 3905 269 3952 μενον.
303 3892 453 3963 Πλὴν
497 3892 619 3945 ἀλλ’
652 3893 755 3946 οὐκ
783 3894 964 3947 εἴασεν
993 3897 1022 3948 ὁ
1049 3894 1211 3963 φύσει
1267 3895 1503 3965 χρηστὸς
1552 3898 1672 3949 επι-

124 3980 226 4031 πολὺ
252 3984 526 4055 κρατῆσαι
554 3984 620 4037 τὺ
651 3985 845 4049 πάθος,
883 3985 1022 4039 ἀλλά
1058 3988 1187 4057 πρὶν
1236 3987 1268 4058 ἢ
1309 3988 1401 4041 τὸν
1423 3989 1548 4043 ναὸν
1581 3989 1671 4055 ἐξ·

122 4072 259 4124 ιλθεῖν
284 4079 407 4138 τοὺς
447 4078 909 4147 συνειλεγμένους
933 4078 1064 4148 (ἔδει
1091 4081 1202 4149 γὰρ
1233 4079 1380 4149 ᾦμοῦ
1418 4081 1513 4134 καὶ
1546 4082 1671 4149 φιλ·

122 4163 395 4233 εινθρωπέας
453 4167 625 4233 Θεοῦ,
688 4170 941 4239 καὶπερὶ
991 4172 1121 4234 τοὺς
1171 4172 1335 4225 αὐτὸν
1378 4172 1669 4241 φιλοῦντας

122 4254 243 4318 ἔργον
270 4257 425 4327 δόξης
480 4258 773 4329 ὀφθῆναι),
807 4260 942 4329 ὑψοῦ
993 4263 1091 4325 τὰς
1121 4266 1310 4333 χεῖρας
1351 4263 1667 4335 Μαρκιανοῦ

126 4340 332 4410 ἀριντος,
366 4349 464 4401 καὶ
492 4351 599 4402 σὺν
620 4350 698 4419 τῷ
738 4351 932 4422 πλήθει
972 4354 1169 4416 κοινῶς
1195 4355 1513 4424 εὐχομένου,
1546 4357 1580 4426 ἦ
1609 4374 1668 4410 τε

124 4438 227 4506 γυνὴ
251 4442 578 4510 παραδόξως
611 4442 886 4510 ἀνίστατο,
920 4445 1014 4499 καὶ
1042 4445 1103 4497 τὸ
1133 4446 1331 4516 βρέφος
1360 4447 1508 4502 ἔνδον
1532 4449 1666 4504 θαυ-

122 4530 301 4593 μαστῶς
350 4534 623 4589 ἐκινεῖτο.
672 4533 834 4587 Ἀλλά
861 4535 930 4588 τά
961 4536 1061 4607 μὲν
1086 4537 1195 4590 τῶν
1241 4538 1535 4609 θαυμάτων
1572 4539 1666 4595 νῦν

118 4622 203 4679 άανις
235 4622 420 4690 ἐχέτω.

167 4781 247 4834 lB'.
278 4785 367 4835 Δεῖ
392 4785 453 4838 δὲ
486 4785 722 4849 πάντως
757 4785 836 4854 τῷ
872 4785 1018 4857 λόγῳ
1061 4787 1337 4842 διαλαϐεῖν
1393 4792 1489 4843 καὶ
1540 4792 1666 4859 περὶ

116 4868 193 4921 τῶν
215 4873 374 4931 ἄλλων
400 4870 480 4931 ὧν
510 4878 731 4941 ἐκεῖνος
755 4878 898 4930 ναῶν
922 4879 1187 4947 φιλοθέως
1229 4881 1622 4953 ᾠκοδομήσατο
1649 4927 1663 4951 ,

117 4960 326 5036 Εἰρήνης,
354 4971 530 5038 φημὶ,
562 4971 670 5040 τῆς
703 4970 1011 5041 Θαυμασίας
1049 4974 1108 5025 ἐν
1129 4976 1417 5045 μάρτυσιν,
1448 4976 1506 5040 ὃς
1530 4978 1667 5049 πρὸς

118 5050 339 5110 θάλασσάν
368 5062 486 5112 ἐστι
514 5060 805 5128 κείμενος
849 5063 944 5115 καὶ
963 5062 1055 5115 τοῦ
1087 5065 1422 5135 ὑπεχομένου
1448 5068 1661 5135 τούτου,

125 5142 355 5217 Ἰσιδὼρου
403 5150 625 5220 δηλαδὴ
668 5152 765 5203 τοῦ
797 5152 968 5208 θείου.
997 5150 1167 5217 Οὗτος
1198 5157 1308 5227 γὰρ
1331 5159 1359 5209 ὁ
1386 5160 1485 5230 τῆς
1523 5162 1664 5232 μάρ-

115 5248 235 5305 τυρος
260 5242 496 5314 Είρήνης
523 5244 667 5307 ναὸς
704 5245 971 5315 ἐτύγχανε
1017 5248 1117 5317 μὲν
1162 5250 1261 5319 τὴν
1315 5252 1492 5322 ἀρχὴν
1540 5253 1664 5307 οῦτε

120 5332 309 5399 μεγέθει,
349 5337 477 5391 οὔτε
529 5336 757 5401 κάλλει,
806 5338 929 5392 οὔτε
964 5341 1108 5412 ἄλλῳ
1157 5344 1344 5414 κόσμῳ
1412 5346 1506 5398 καὶ
1546 5348 1665 5411 ταῖς

120 5420 396 5493 φιλοτιμίαις
426 5429 763 5494 ἀξιοθέατος
797 5430 872 5483 ὢν
891 5448 906 5462 ⁸
938 5433 1056 5488 ἀλλ’
1082 5433 1244 5505 ἔμελε
1274 5436 1349 5507 τῷ
1378 5439 1499 5511 Θεῷ
1528 5442 1664 5496 πάν-

119 5518 274 5581 τωςείς
296 5514 401 5576 οἷον
435 5522 538 5575 νῦν
561 5523 771 5591 ὁρᾶται
807 5524 1037 5593 μέγεθός
1086 5545 1144 5581 τε
1196 5533 1290 5585 καὶ
1324 5532 1520 5595 κάλλος
1557 5535 1662 5588 αὑ-

123 5608 512 5701 τὸνὰναπῆσαι.
553 5614 734 5669 Ὅθεν
783 5617 875 5672 καὶ
920 5620 1184 5695 Γενναδίῳ
1229 5624 1305 5693 τῷ
1348 5629 1660 5701 πατριάρχη

121 5696 203 5753 θεία
226 5722 291 5767 τις
315 5709 684 5776 ἐπιφαίνεται
718 5709 861 5779 δψις.
891 5714 1000 5769 Καὶ
1039 5718 1214 5787 ﬁll-bs;
1250 5719 1400 5789 ἔλεγε

121 5792 181 5840 τὸν
205 5797 309 5849 nev
335 5800 553 5855 τοῦτον⁶
596 5802 790 5872 μέλλω
820 5808 948 5877 γὰρ,
988 5810 1139 5879 φησὶ,
1168 5813 1260 5867 ἐπὶ
1297 5814 1391 5872 τοῦ
1428 5816 1564 5883 μετά
1594 5816 1651 5868 σε

126 5884 234 5936 siin
261 5891 406 5944 λιτὸν
436 5895 710 5965 ἀνιστᾷν.
757 5897 816 5950 Ὀ
848 5900 1048 5969 μὲνοῦν
1077 5902 1136 5956 τὸ
1168 5906 1509 5976 προσταχθὲν
1544 5907 1657 5976 ἅμα

1774 3535 1839 3573 ex
1866 3519 1975 3571 alto
2001 3536 2013 3572 :
2038 3528 2095 3573 et
2122 3519 2225 3573 sibi
2257 3518 2476 3588 quidem
2502 3530 2735 3574 mortem
2767 3520 2945 3583 all‘ert,
2975 3520 3134 3575 all'ert
3161 3530 3364 3584 autem,

1772 3610 1908 3680 proh
1936 3611 2110 3673 dolor,
2137 3619 2367 3665 mortem
2389 3624 2603 3680 quoque
2634 3611 2765 3665 fetui
2795 3612 2885 3680 qui
2942 3614 2994 3666 in
3039 3629 3103 3666 ea
3154 3613 3369 3666 habita-

1775 3700 1884 3755 bat.
1915 3700 2072 3766 Quod
2095 3701 2314 3769 quidem
2357 3716 2482 3755 cum
2514 3702 2779 3757 vidissent
2804 3703 3026 3757 divinus
3053 3703 3367 3758 Marcianus

1774 3803 1830 3849 et
1862 3796 2115 3865 populus,
2173 3794 2224 3848 id
2271 3794 2414 3849 ferre
2458 3810 2568 3849 non
2611 3805 2863 3865 poterant
2907 3814 2920 3849 :
2966 3797 3058 3850 sed
3094 3797 3147 3850 in
3186 3797 3367 3852 medio

1775 3887 1916 3942 festo
1944 3898 2062 3941 erat
2090 3888 2407 3942 lamentatio
2432 3898 2487 3942 et
2517 3888 2877 3959 lacrymarum
2905 3890 3120 3943 occasio
3149 3890 3198 3945 id
3220 3893 3365 3960 quod

1772 3980 2061 4035 acciderat.
2105 3979 2305 4034 Verum
2334 3981 2614 4035 enimvero
2646 3983 2692 4035 is
2723 3982 2814 4049 qui
2846 3992 2929 4035 est
2958 3992 3148 4036 natura
3168 3983 3364 4049 bonus,

1773 4088 1881 4127 non
1914 4073 2044 4128 sinit
2072 4072 2163 4127 diu
2200 4072 2469 4127 dominari
2500 4073 2645 4129 illam
2672 4074 3014 4129 affectionem
3046 4093 3058 4127 :
3094 4078 3188 4131 sed
3212 4088 3364 4132 ante-

1771 4181 1931 4237 quam
1986 4180 2015 4219 e
2074 4165 2276 4235 templo
2336 4167 2568 4229 exirent,
2630 4168 2723 4235 qui
2781 4169 3092 4237 congregati
3148 4168 3366 4223 fuerant

1774 4256 2079 4325 (Oportebat
2106 4256 2250 4309 enim
2284 4256 2446 4310 simul
2474 4266 2530 4309 et
2577 4255 2667 4310 Dei
2715 4257 3041 4322 clementiae,
3072 4269 3126 4312 et
3158 4260 3211 4311 in
3243 4274 3360 4324 eos,

1770 4350 1861 4417 qui
1890 4348 2063 4416 ipsum
2098 4348 2376 4408 amabant,
2424 4347 2609 4418 gloriae
2644 4365 2783 4418 opus
2824 4350 3088 4419 conspici)
3137 4366 3259 4404 cum
3308 4352 3361 4404 iu

1770 4441 1937 4493 altum
1968 4456 2163 4494 manus
2191 4440 2499 4494 sustulisset
2528 4440 2858 4505 Marcianus,
2899 4452 2955 4497 et
2994 4444 3361 4499 communiter

1769 4541 1949 4585 oraret
1972 4547 2094 4585 cum
2125 4533 2346 4601 populo.
2380 4542 2434 4585 et
2481 4533 2677 4586 mulier
2723 4535 2961 4588 surrexit
3007 4546 3206 4604 praeter
3236 4537 3358 4605 opi-

1696 4622 1742 4676 D
1773 4622 2012 4685 nionem,
2057 4631 2111 4675 ct
2157 4622 2304 4674 intus
2351 4632 2532 4679 motus
2571 4632 2656 4677 est
2705 4624 2886 4679 infans
2944 4625 3360 4683 admirabiliter.

1773 4712 1878 4768 Sed
1914 4714 1980 4767 de
2013 4714 2289 4768 miraculis
2319 4714 2539 4783 quidem
2572 4718 2704 4771 satis
2737 4718 2806 4772 sit
2835 4718 2886 4771 in
2921 4721 3231 4787 praesentia.

1842 4803 1957 4857 Xll.
2010 4802 2239 4873 Oportet
2278 4815 2459 4859 autem
2489 4808 2716 4862 omnino
2755 4810 2859 4862 alia
2902 4825 3119 4879 quoque
3160 4810 3358 4879 templa

1769 4894 2056 4963 complecti
2091 4896 2359 4960 oratione,
2390 4913 2511 4965 qua:
2550 4898 2641 4953 ille
2673 4900 2760 4968 pie
2797 4916 2859 4954 ac
2905 4902 3155 4972 religiose
3188 4904 3361 4957 aedili-

1768 4987 1947 5039 cavit:
1985 4985 2191 5050 lrenes,
2230 4987 2478 5057 inquam,
2512 5005 2633 5059 quae
2664 5000 2748 5045 est
2776 4991 2917 5045 inter
2963 5004 3228 5063 martyres
3258 4996 3348 5049 ad-

1769 5078 2053 5143 mirabilis,
2082 5080 2226 5149 quod
2258 5090 2342 5135 est
2367 5082 2431 5136 ad
2465 5098 2613 5136 mare
2648 5084 2886 5151 positum
2913 5101 2927 5136 :
2953 5094 3006 5139 et
3044 5087 3182 5151 ejus,
3211 5088 3357 5156 quod

1768 5179 1849 5225 est
1875 5170 1950 5223 illi
2001 5171 2315 5237 continens,
2344 5172 2512 5225 divini
2546 5173 2755 5227 scilicet
2801 5172 3013 5227 lsidori.
3066 5174 3178 5229 lloc
3210 5177 3356 5231 enim

1768 5263 2027 5333 templum
2060 5265 2311 5334 martyris
2344 5263 2527 5319 lrenes
2556 5274 2678 5319 erat
2727 5266 2948 5335 quidem
2981 5266 3036 5319 in
3063 5267 3355 5337 principio,

1764 5368 1940 5423 neque
1972 5362 2194 5424 propter
2228 5355 2682 5425 magnitudinem,
2727 5372 2830 5412 nec
2859 5358 3346 5427 pulchritudinem,

1763 5461 1868 5501 nec
1897 5446 2065 5501 ullum
2103 5446 2269 5500 alium
2311 5458 2567 5502 ornatum
2608 5456 2702 5503 aut
2747 5449 3230 5519 magnificentiam,
3262 5452 3354 5506 di-

1764 5555 1929 5612 gnum
1956 5540 2099 5610 quod
2132 5548 2487 5610 spectaretur.
2525 5542 2630 5596 Sed
2660 5541 2770 5596 Deo
2796 5542 3025 5598 omnino
3062 5559 3209 5599 cura:
3252 5544 3355 5599 fuit

1764 5634 2001 5688 tribuere
2058 5633 2230 5696 huic,
2297 5634 2456 5703 quale
2502 5650 2649 5688 nunc
2707 5636 2971 5698 cernitur,
3024 5635 3352 5706 magnitudi-

1763 5740 1887 5779 nem
1911 5735 1963 5780 et
1986 5726 2468 5795 pulchritudinem.
2498 5726 2861 5791 Quamobrem
2890 5727 3176 5781 Gennadio
3214 5744 3352 5796 quo-

1761 5835 1867 5889 que
1901 5822 2222 5889 patriarchm
2255 5822 2436 5876 divina
2468 5822 2713 5890 quaedam
2740 5831 2965 5890 apparet
3001 5822 3156 5875 visio.
3195 5820 3349 5874 Dire-

1765 5914 1843 5967 l,a:
1902 5924 2081 5972 autem
2130 5915 2307 5970 visio:
2366 5913 2524 5969 Solve
2581 5914 2681 5969 hoc
2742 5915 3043 5983 templum:
3100 5925 3345 5980 tempore
