4128 6488
695 435 800 498 U13

1925 432 2210 494 MENSIS
2250 431 2721 508 JANUARIUS,

3845 432 3958 493 ΗΔ

697 548 841 596 «nim
892 546 964 597 tui
1017 545 1345 597 successoris
1396 561 1513 598 sum
1571 547 1620 598 id
1675 559 1860 598 rursus
1909 544 2266 598 excitaturus.

2399 545 2471 594 :a‘t
2522 541 2612 594 τὸν
2649 542 2762 610 βίον
2811 542 3074 611 ἐπλήρου.
3127 542 3448 612 Μαρκιανὸς
3497 542 3555 595 δέ
3605 545 3633 594 ό
3678 542 3816 601 θεῖος
3869 547 3950 592 εί.

699 643 875 706 Atque
909 637 994 690 ille
1034 636 1251 704 quidem
1285 637 1440 691 simul
1473 638 1683 705 jussum
1731 636 1989 706 implevit,
2020 645 2068 689 et
2107 635 2271 687 vitam

702 733 858 783 tiniit.
897 729 1200 784 Marcianus
1249 742 1430 784 autem
1487 733 1573 782 ille
1620 730 1979 792 admirabilis,
2032 744 2154 781 cum
2205 727 2272 780 ad

699 825 817 890 ejus
865 838 1025 875 aures
1066 822 1398 892 pervenisset
1447 823 1563 876 haec
1611 822 1767 884 visio,
1803 828 1965 890 alque
2013 819 2061 872 ei
2110 819 2272 872 etiam

702 915 892 966 luisset
927 915 1117 967 tradita
1149 929 1351 982 magnae
1394 913 1649 967 Ecclesiae
1679 911 2033 981 dispensatio,
2085 907 2277 962 existi-

703 1024 857 1060 mans
900 1009 1170 1060 somuimn
1219 1007 1268 1060 id
1308 1005 1371 1059 ad
1417 1022 1475 1060 se
1522 1005 1756 1069 deferre,
1809 1006 1982 1059 varias
2029 1003 2172 1071 apud
2217 1018 2275 1055 se

711 1101 958 1153 versabat
990 1099 1365 1169 cogitationes,
1392 1115 1627 1168 quonam
1656 1099 1816 1153 modo
1844 1097 1955 1152 ﬁeri
1991 1106 2190 1166 posset,
2219 1105 2277 1150 ut

703 1193 756 1244 ei
798 1192 1112 1245 θυοσκόοι-ει
1157 1192 1259 1245 hoc
1302 1207 1438 1260 opus
1483 1206 1546 1244 ex
1592 1192 1881 1245 sententia.
1918 1188 2278 1241 inscientibus

704 1285 885 1351 itaque
915 1285 1026 1337 fere
1051 1284 1326 1346 (minibus,
1358 1298 1480 1335 cum
1513 1283 1701 1351 paucis
1728 1281 1931 1350 aliquot
1958 1280 2082 1333 illuc
2106 1279 2274 1333 venit.

707 1377 910 1431 Deinde
962 1377 1122 1430 etiam
1177 1391 1302 1430 eum
1346 1376 1493 1444 ipsos
1531 1376 1784 1443 jussissi-t
1830 1373 2122 1427 recedere:
2166 1373 2279 1439 jam

707 1469 849 1520 enim
915 1476 1033 1520 erat
1101 1483 1208 1520 nox
1263 1483 1274 1518 ε
1333 1467 1480 1520 solus
1537 1479 1591 1518 et
1634 1480 1775 1534 genu
1818 1475 1872 1518 et
1917 1465 2098 1518 anima
2171 1465 2280 1516 Deo

706 1559 984 1623 inclinata,
1019 1560 1108 1614 ubi
1131 1575 1274 1612 nunc
1305 1573 1456 1613 sacra
1499 1573 1592 1611 ara
1623 1568 1705 1612 est
1737 1560 1928 1628 posita,
1970 1559 2129 1617 Deus,
2164 1571 2283 1609 ora-

706 1653 820 1714 bat,
861 1653 1070 1714 dicens,
1111 1653 1202 1718 qui
1247 1650 1579 1704 exsecranda
1622 1649 1819 1716 templa
1866 1647 2280 1701 simulacrorum

711 1752 803 1792 tuo
834 1756 966 1792 ιιιιιιι
1006 1750 1060 1794 et
1093 1740 1316 1793 salutari
1352 1741 1632 1793 voluntate
1675 1738 1936 1802 evertisti,
1982 1738 2050 1791 ab
2094 1754 2282 1791 eorum

707 1843 886 1882 autem
913 1830 1236 1898 deceptione
1275 1846 1411 1899 opus
1448 1840 1664 1882 tuarum
1705 1843 1964 1882 manuum
2000 1829 2238 1883 hberasti
2267 1869 2283 1895 ,

706 1922 848 1972 aedes
879 1931 1061 1973 autent
1106 1935 1287 1972 sacras
1323 1929 1374 1973 et
1422 1921 1620 1989 templa
1668 1930 1850 1973 sancta
1897 1920 2120 1974 excitari
2165 1921 2284 1990 jus-

705 2017 847 2079 sisti,
889 2017 938 2068 in
990 2015 1188 2084 quibus
1244 2025 1297 2068 tu
1351 2031 1567 2085 quoque
1629 2031 1843 2084 semper
1887 2015 2068 2068 divina
2118 2017 2284 2070 multa

709 2107 856 2169 signa
901 2103 1151 2172 peragis:
1187 2103 1302 2171 ip~e
1349 2121 1490 2157 nunc
1523 2121 1736 2173 quoque
1772 2106 2164 2159 convenienter
2193 2114 2286 2160 tuo

707 2197 891 2248 duino
929 2197 1212 2266 promisso,
1259 2197 1324 2249 ad
1373 2198 1517 2250 hunc.
1563 2199 1738 2252 locum
1789 2200 2019 2266 respice,
2062 2207 2116 2252 et
2160 2215 2282 2253 eum

707 2287 984 2340 sanctilica
1020 2297 1108 2340 tua
1144 2288 1399 2342 inell‘abili
1433 2299 1598 2358 gratia
1648 2299 1703 2342 et
1750 2291 1946 2343 virtute
1977 2307 1988 2342 :
2018 2305 2114 2358 per
2161 2307 2285 2354 nos,

713 2377 958 2436 Domine.
993 2378 1236 2432 excitans
1267 2380 1377 2447 jam
1417 2379 1510 2432 tibi
1547 2379 1928 2448 prmcognitam
1961 2381 2181 2434 domum
2218 2380 2285 2434 ad

711 2481 858 2523 tuam
892 2471 1135 2540 gloriam,
1160 2471 1224 2522 ad
1249 2481 1488 2523 nostram
1523 2471 1964 2534 exsultationem,
1999 2472 2064 2524 ad
2101 2471 2288 2525 multa-

712 2579 828 2614 rum
883 2563 1186 2615 animarum
1224 2563 1478 2627 salutem,
1528 2577 1648 2630 qua:
1699 2571 1850 2615 tuum
1893 2579 2088 2617 nomen
2132 2562 2289 2617 invo-

713 2667 854 2708 cant.
891 2656 1051 2708 Certe
1099 2657 1240 2709 lleus
1282 2665 1336 2708 et
1376 2672 1467 2708 rex
1513 2656 1780 2715 Olllltltllll,
1824 2657 1981 2724 cujus
2027 2655 2290 2710 voluntati

713 2749 915 2801 cedunt
963 2749 1164 2810 ontuia,
1230 2757 1284 2801 ct
1330 2750 1486 2816 cujus
1534 2763 1661 2802 vere
1705 2758 1786 2801 est
1829 2765 1965 2818 opus
2012 2751 2287 2820 cogitatio.

714 2843 849 2894 tlinn
904 2844 980 2893 sic
1043 2851 1273 2904 orasset,
1330 2841 1448 2910 ejus
1505 2839 1677 2894 oculis
1741 2855 1994 2894 somnum
2051 2843 2291 2896 immittit

720 2933 879 2994 Dens,
916 2943 968 2985 ct
1002 2935 1180 2986 statim
1218 2934 1266 2987 ei
1310 2932 1547 2986 ostendit
1573 2933 1628 2986 in
1661 2932 1888 2996 somnis,
1921 2945 1971 2986 et
2005 2933 2186 3002 templi
2218 2933 2292 2986 si-

720 3036 854 3087 tam,
887 3036 938 3077 et
979 3025 1435 3094 magnitudinem,
1469 3035 1523 3078 et
1549 3024 1706 3078 aliam
1741 3039 1959 3078 onmem
1983 3026 2291 3079 aEdilicatio-

721 3133 865 3170 nem.
918 3117 1121 3169 Deinde
1173 3117 1335 3168 etiam
1387 3116 1628 3169 divinam
1679 3125 1931 3185 tanquam
1989 3117 2040 3168 in
2090 3117 2297 3170 somnis

721 3211 924 3264 audivit
969 3226 1151 3266 vocem
1189 3228 1200 3264 :
1253 3209 1297 3265 Ο
1343 3210 1632 3272 Marciane,
1679 3210 1793 3264 ﬁeri
1840 3220 2065 3280 possunt
2113 3212 2293 3264 omnia

721 3305 986 3358 credenti.

796 3394 924 3449 Xlll.
971 3396 1104 3449 Cum
1165 3397 1344 3465 itaque
1396 3395 1744 3456 surrexisset,
1795 3404 1938 3448 metu
2000 3404 2054 3446 et
2105 3394 2299 3464 gaudio

725 3489 936 3556 plenus,
972 3488 1179 3541 accedit
1209 3487 1274 3540 ad
1323 3488 1820 3557 archiepiscopum,
1865 3497 1920 3540 et
1967 3488 2185 3555 exponit
2219 3487 2297 3538 vi-

724 3580 955 3630 sionem.
992 3579 1135 3632 lllius
1180 3587 1358 3631 autem
1403 3590 1614 3648 gratum
1662 3594 1946 3631 assensum
1995 3589 2296 3643 assecutus,

725 3671 791 3724 ad
835 3687 972 3740 opus
1004 3671 1332 3742 aggreditur,
1367 3679 1422 3724 et
1469 3681 1546 3732 ut,
1581 3679 1741 3739 prout
1784 3670 1834 3723 ei
1879 3681 2153 3723 ostensum
2191 3670 2303 3723 fue-

729 3772 832 3822 rat,
891 3764 1061 3816 wdcm
1124 3760 1328 3814 faceret
1392 3761 1754 3830 magniﬁcam,
1823 3776 1945 3814 cum
2003 3762 2304 3829 proximum

731 3873 897 3913 mare.
943 3855 1084 3923 quod
1133 3864 1260 3908 tunc
1292 3854 1473 3922 templi
1531 3853 1672 3907 fores
1709 3854 2093 3922 propemodum
2137 3855 2303 3907 allue-

731 3949 840 4007 bat,
876 3948 1056 3999 labore
1108 3957 1160 3998 et
1202 3947 1410 4013 magnis
1443 3945 1748 4013 sumptibus
1788 3945 2082 4009 eﬂ‘odisset,
2117 3947 2301 4015 templi

733 4041 811 4092 sic
839 4041 969 4107 jaeit
1001 4039 1410 4091 fundamentum
1447 4056 1458 4089 :
1495 4038 1629 4091 adeo
1675 4047 1731 4090 ut
1772 4039 1899 4091 huic
1928 4022 2140 4106 quoque
2171 4049 2304 4091 tem-

735 4133 820 4200 plo
858 4133 1166 4192 conn-niat,
1199 4130 1340 4195 quod
1371 4129 1572 4182 dictum
1607 4139 1688 4182 est
1722 4147 1733 4181 :
1783 4131 1896 4197 lpse
1932 4146 2096 4196 super
2139 4130 2304 4181 maria

734 4226 982 4280 fumlavit
1009 4240 1149 4284 eam,
1185 4224 1428 4275 omnium
1462 4224 1668 4275 scilicet
1695 4223 1893 4292 Opifex.
1931 4223 2098 4276 Jactis
2127 4232 2303 4276 autem

733 4319 1123 4378 fundamentis,
1162 4315 1368 4383 reliqua
1403 4330 1619 4383 quoque
1650 4316 1824 4384 pergit
1863 4315 2148 4369 mdiﬁcare.
2194 4314 2306 4368 Ma—

734 4410 956 4478 gnilicas
976 4409 1117 4460 enim
1141 4408 1420 4459 columnas
1441 4422 1537 4476 per
1554 4405 1748 4458 seriem
1769 4405 2019 4473 utrinque
2041 4416 2306 4470 statuens,

734 4500 929 4551 deinde
961 4499 1093 4550 alias
1149 4499 1211 4550 iis
1258 4514 1492 4566 superne
1528 4498 1835 4565 imponens,
1870 4497 2049 4551 eﬂecit
2084 4497 2310 4550 inferio-

2375 635 2552 702 ἀκοήν
2582 651 2641 685 τε
2667 634 2765 702 τῆς
2791 634 2969 704 ὅψεως
2993 635 3200 702 ταύτης
3233 633 3425 696 ἐλθὼν,
3459 633 3595 687 ἀλλὰ
3625 635 3718 685 καὶ
3748 634 3848 701 τὴν
3877 635 3959 684 oi-

2375 725 2632 794 κονομίαν
2664 727 2763 797 ἤδη
2792 728 2888 796 τῆς
2922 728 3186 795 Μεγάλης
3214 725 3539 794 Ἐκκλησίας
3569 726 3956 794 ἐγχειρισθεὶς,

2375 819 2452 880 εἰς
2490 818 2648 871 αὑτὸν
2700 820 2886 889 φέρειν
2927 821 3018 872 τὸν
3055 819 3264 886 ὄνειρον
3315 818 3545 888 οἰηθεὶς,
3581 818 3860 876 ποικίλους
3886 809 3958 883 ἦν

2377 915 2624 984 στρέφων
2671 916 2794 968 καθ’
2825 916 3018 969 ἐαυτὸν
3062 915 3358 985 λογισμοὺς
3384 954 3399 978 ,
3437 913 3554 976 πῶς
3589 913 3656 966 ἂν
3687 913 3836 981 αὑτῷ
3857 913 3952 977 γέ-

2377 1024 2518 1061 νοιτο
2547 1009 2642 1060 καὶ
2671 1011 2822 1062 τουτὶ
2855 1008 2916 1061 τὸ
2942 1007 3102 1078 ἔργον
3133 1008 3273 1060 κατὰ
3293 1007 3418 1059 νοῦν
3439 1006 3730 1074 ἀποϐῆναι.
3757 1004 3958 1057 Δαθὼν

2375 1101 2661 1172 τοιγαροῦν
2681 1102 2868 1172 σχεδὸν
2904 1105 3174 1165 ἅπαντας,
3217 1101 3335 1170 μετ’
3382 1099 3579 1167 ὀλίγων
3627 1098 3785 1151 τινῶν
3834 1099 3958 1149 ἐκεῖ

2378 1197 2608 1264 γίνεται.
2648 1193 2776 1248 Εἶτα
2805 1197 2900 1248 καὶ
2928 1195 3125 1255 αὑτοὺς
3156 1191 3424 1253 κελεύσας
3474 1192 3779 1259 ὑποχωρεῖν
3827 1188 3957 1257 (ἤδη

2379 1291 2486 1356 γὰρ
2529 1289 2620 1340 καὶ
2651 1288 2744 1354 νὺξ
2788 1283 2901 1357 ἦν),
2947 1286 3106 1356 μόνος
3155 1285 3214 1338 τὸ
3254 1283 3382 1354 γόνυ
3418 1281 3514 1335 καὶ
3545 1284 3644 1349 τὴν
3672 1279 3848 1348 ψυχὴν
3879 1279 3961 1344 τῷ

2381 1379 2500 1448 Θεῴ
2531 1378 2741 1444 κλίνας,
2776 1379 2861 1430 ἵνα
2891 1377 2951 1430 τὸ
2990 1378 3144 1444 ἅγιον
3193 1375 3288 1428 νῦν
3306 1375 3687 1442 θυσιαστήριον
3719 1371 3958 1439 ἵδρυται,

2396 1471 2453 1523 '0
2487 1471 2641 1531 Θεὸς,
2673 1471 3015 1540 προσηύχετο
3046 1468 3240 1534 λέγων,
3279 1465 3348 1518 τά
3377 1464 3476 1534 μὲν
3513 1462 3745 1516 εἰδώλων
3785 1461 3964 1530 μιαρὰ

2388 1565 2590 1635 τεμένη
2620 1562 2697 1633 τῷ
2742 1563 2821 1632 σῷ
2870 1562 3100 1632 νεύματι
3142 1562 3237 1613 καὶ
3286 1558 3548 1629 θελήματι
3590 1555 3667 1625 τῷ
3707 1554 3966 1622 σωτηρίῳ

2387 1655 2928 1726 καταστρεψάμενος,
2966 1655 3267 1725 ῥυσάμενος
3296 1652 3352 1704 δὲ
3381 1652 3478 1720 τῆς
3540 1648 3719 1703 αὑτῶν
3743 1648 3964 1713 ἀπάτης

2385 1751 2448 1802 τὸ
2486 1749 2592 1803 τῶν
2616 1749 2723 1802 σῶν
2754 1746 2956 1817 χειρῶν
2981 1745 3395 1816 δημιούργημα,
3433 1741 3554 1812 ἱερὰ
3592 1741 3649 1794 δέ
3681 1743 3774 1794 καὶ
3799 1742 3966 1799 ναοὺς

2390 1843 2577 1910 ἁγίους
2622 1840 2930 1910 ἀναστῆσαι
2984 1837 3272 1900 κελεύσας,
3313 1840 3370 1890 ἐν
3405 1830 3485 1899 οἷς
3527 1835 3621 1887 καὶ
3650 1832 3848 1894 πολλὰς
3877 1832 3968 1882 ἀεί

2392 1951 2520 1988 ποτε
2560 1933 2658 1995 τὰς
2687 1933 3018 2002 θεοσημείας
3045 1931 3334 1993 ἐπιτελεῖς,
3366 1931 3532 1993 αὐτὸς
3567 1928 3794 1989 καὶνῦν,
3821 1927 3970 1978 κατὰ

2390 2029 2488 2098 τὴν
2537 2026 2742 2095 ἀψευδῆ
2797 2044 2888 2079 σου
2938 2025 3292 2093 ἐπαγγελίαν,
3343 2023 3632 2090 ἐπίϐλεψον
3677 2022 3771 2073 ἐπὶ
3813 2020 3970 2070 τόνδε

2387 2115 2479 2167 τὸν
2506 2115 2687 2177 τόπον,
2732 2115 2826 2166 καὶ
2875 2114 3101 2180 ἁγίασον
3151 2115 3314 2166 αὑτὸν
3360 2113 3585 2184 ἀρρήτῳ
3634 2127 3727 2164 σου
3782 2111 3970 2178 χάριτι

2389 2204 2485 2256 καὶ
2541 2205 2789 2272 δυνάμει,
2836 2205 3092 2268 ἁνιστῶν,
3115 2206 3384 2266 Δέσποτα,
3428 2203 3494 2255 δι’
3537 2201 3696 2270 ἡμῶν
3737 2200 3827 2252 τὶν
3856 2199 3965 2268 ἤδη

2391 2311 2474 2346 σοι
2510 2295 2959 2364 προεγνωσμένον
2986 2291 3134 2348 οἷκον
3156 2295 3234 2357 εἰς
3265 2294 3419 2358 δόξαν
3445 2293 3541 2363 τὴν
3568 2294 3687 2362 σὴν,
3721 2293 3799 2354 εἰς
3832 2289 3972 2358 ἐμὸν

2391 2387 2729 2455 ἁγαλλίαμα,
2766 2388 2844 2450 είς
2875 2386 3087 2439 πολλῶν
3113 2386 3302 2456 ψυχῶν
3335 2385 3610 2454 σωτηρίαν
3644 2385 3749 2435 τῶν
3773 2382 3830 2433 τὸ
3869 2382 3970 2432 σὸν

2392 2477 2565 2547 ὄνομα
2597 2478 3064 2547 ἐπικαλουμένων.
3106 2478 3240 2540 Ναὶ,
3274 2477 3374 2529 Θεὲ
3407 2478 3616 2528 πάντων
3669 2474 3763 2526 καὶ
3811 2472 3973 2541 βασι-

2392 2571 2507 2631 λεῦ,
2559 2565 2622 2625 οὗ
2651 2572 2728 2643 τῷ
2760 2572 3026 2641 θελήματι
3067 2572 3242 2625 πάντα
3275 2569 3432 2631 εἴκει,
3460 2569 3550 2622 καὶ
3597 2561 3768 2636 οὗπερ
3808 2565 3975 2635 ἔργον

2394 2663 2610 2733 ἀληθῶς
2633 2663 2692 2716 τὸ
2725 2665 2986 2734 ἐννόημα.
3024 2663 3211 2726 Οὑτως
3266 2661 3415 2731 αὑτῷ
3469 2659 3753 2729 εὐξαμένῳ
3799 2657 3977 2710 ὕπνον

2397 2756 2658 2825 ἐμϐάλλει
2679 2759 2791 2818 τοῖς
2817 2755 3117 2824 ὀφθαλμοῖς
3141 2754 3170 2805 δ
3199 2751 3354 2815 Θεὸς,
3382 2752 3474 2803 καὶ
3488 2750 3618 2820 mp
3645 2749 3806 2811 εὐθὺς
3842 2764 3982 2818 παρ·

2398 2848 2578 2916 ίστησι
2620 2849 2720 2918 τήν
2755 2864 2813 2899 τε
2845 2847 2995 2899 θέσιν
3041 2844 3137 2898 τοῦ
3166 2842 3313 2912 ἱεροῦ
3357 2844 3452 2894 καὶ
3493 2842 3553 2894 τὸ
3587 2840 3837 2908 μέγεθος,
3879 2844 3979 2891 καὶ

2395 2940 2496 3008 τὴν
2523 2939 2692 3008 ἄλλην
2750 2941 2927 2992 πᾶσαν
2974 2934 3312 3004 οἰκονομίαν.
3350 2927 3483 2985 Εἶτα
3510 2934 3604 2984 καὶ
3633 2931 3780 2990 θείας
3811 2929 3886 2990 ὼς
3921 2931 3981 2980 ἐν

2397 3030 2628 3100 ὀνείροις
2679 3030 2868 3082 ἀκούει
2934 3025 3117 3097 φωνῆς
3143 3043 3158 3058 ·
3190 3025 3496 3097 Μαρκιανέ,
3557 3024 3734 3076 πάντα
3772 3021 3979 3074 δυνατά

2400 3119 2476 3188 τῷ
2509 3111 2842 3174 πιστεύοντι.

2476 3381 2575 3436 ΙΓ¹.
2617 3382 2878 3444 Ἀναστὰς
2917 3380 3012 3434 οὖν
3055 3380 3221 3449 φόϐου
3268 3383 3360 3434 καὶ
3385 3381 3560 3450 χαρᾶς
3593 3380 3852 3449 ἔμπλεως
3905 3381 3984 3450 τῷ

2403 3473 2821 3544 ἀρχιεπισκόπῳ
2851 3474 3154 3542 πρόσεισιν,
3189 3473 3284 3526 καὶ
3311 3473 3372 3524 τὸ
3417 3473 3602 3542 ὅραμα
3655 3470 3939 3541 ἐξηγεῖται
3966 3489 3979 3502 ⁶

2405 3570 2660 3620 κάκείνου
2691 3567 2747 3618 δὲ
2784 3565 3230 3628 συνευδοκοῦντος
3264 3564 3444 3634 τυχὼν
3489 3565 3566 3634 τῷ
3606 3566 3752 3634 ἔργῳ
3784 3567 3985 3618 ἐαυτὸν

2404 3658 2609 3722 δίδωσι,
2643 3660 2736 3710 καὶ
2765 3657 2852 3710 ἵνα
2883 3657 3018 3724 πρὸς
3048 3657 3108 3708 τὸ
3132 3655 3450 3725 ὑποδειχθέν
3472 3655 3617 3724 αὑτῴ
3653 3656 3845 3724 σχῆμα
3877 3673 3985 3720 με-

2406 3751 2728 3821 γαλοπρεπῆ
2768 3750 2856 3802 τὸν
2895 3745 3040 3801 οἷκον
3075 3749 3397 3818 ἐργάσηται,
3443 3747 3539 3816 τὴν
3567 3749 3856 3815 ἐγγυτάτω
3884 3747 3984 3798 θά-

2407 3846 2612 3896 λασσαν
2650 3843 2796 3912 πόνῳ
2833 3859 2890 3894 τε
2945 3843 3039 3894 καὶ
3078 3841 3348 3904 δαπάναις
3397 3841 3619 3902 πολλαῖς
3665 3842 3988 3910 ἀναχωςας,

2410 3937 2538 4007 ἄχρι
2574 3939 2694 3990 τότε
2718 3937 2816 3997 τὰς
2855 3935 2948 3987 τοῦ
2985 3934 3132 4005 ἱεροῦ
3165 3933 3334 4003 θύρας
3369 3934 3553 4002 σχεδὸν
3584 3934 3992 3994 ἐπικλύζουσα-ι

2410 4029 2551 4080 οὑτω
2580 4029 2679 4096 τὴν
2723 4027 2961 4096 κρηπῖδα
3013 4025 3107 4076 τοῦ
3154 4025 3283 4076 ναοῦ
3340 4023 3761 4082 καταϐάλλεται,
3788 4023 3864 4084 ὡς
3922 4024 3992 4075 ἂν

2412 4121 2504 4172 καὶ
2537 4121 2629 4172 ἐπὶ
2653 4120 2731 4188 τῷ
2752 4118 2866 4184 ναῷ
2888 4115 3020 4185 τῷδε
3062 4115 3301 4187 ἁρμόζον
3341 4115 3425 4185 εἴη
3459 4116 3518 4166 τὸ
3540 4115 3829 4185 εἰρημένον
3852 4131 3863 4144 ·
3889 4115 3996 4165 Αὑ-

2410 4213 2501 4272 τὸς
2528 4214 2619 4264 ἐπὶ
2653 4210 2936 4263 θαλασσῶν
2970 4208 3334 4277 ἐθεμελίωσεν
3364 4208 3554 4276 αὑτὴν,
3585 4209 3612 4258 ὁ
3648 4207 3864 4257 πάντων
3895 4205 3993 4274 δτι-

2411 4303 2589 4355 λονότι
2623 4301 2988 4370 Δημιουργός.
3024 4300 3180 4352 Μετὰ
3217 4299 3272 4351 δέ
3319 4298 3416 4368 τὴν
3452 4299 3562 4350 τῶν
3590 4297 3856 4366 θεμελίων
3891 4315 3996 4348 κα-

2412 4394 2673 4463 ταϐολὴν,
2728 4393 3038 4454 ἀκολούθως
3096 4392 3292 4445 καὶτὰ
3342 4392 3504 4444 λοιπὰ
3547 4391 3644 4459 τῆς
3695 4391 3994 4457 oixoﬁoui,

2413 4488 2659 4542 ἐπεδίδου
2685 4503 2698 4515 ·
2731 4487 2914 4548 κίονας
2953 4485 3062 4557 γὰρ
3103 4485 3427 4555 διαπρεπεῖς
3477 4483 3755 4552 στοιχηδὸν
3795 4483 3999 4535 ἐκατέο

738 4606 823 4642 res
846 4599 899 4643 et
933 4589 1240 4657 superiores
1270 4590 1535 4656 porticus.
1563 4587 1767 4640 Deinde
1799 4602 1920 4640 cum
1949 4596 2113 4639 totam
2139 4587 2295 4640 mden‘

2419 4580 2591 4649 ρωθεν
2620 4580 2846 4646 στήσας,
2875 4577 2995 4630 εἶτα
3034 4575 3244 4639 τούτοις
3269 4574 3459 4638 ἄλλους
3487 4575 3600 4628 ἅνω
3629 4574 3862 4635 ἐπιθεὶς,
3889 4575 3998 4637 τάς

739 4683 882 4733 oiuni
901 4698 960 4732 ex
984 4691 1130 4746 parte.
1153 4678 1658 4747 comprehendisset
1696 4678 1924 4732 subdiali
1948 4679 2311 4732 deambulato-

739 4776 836 4833 rio,
872 4774 940 4825 ita
963 4783 1160 4825 tectum
1187 4771 1434 4839 imponit,
1464 4771 1709 4825 mavimis
1733 4771 1783 4824 id
1806 4773 2117 4840 complexus
2153 4773 2312 4824 trabi-

740 4872 856 4922 bus.
908 4869 1008 4932 Qui
1065 4878 1244 4919 autem
1283 4866 1481 4919 dixerit
1508 4864 1798 4934 quispiam,
1827 4880 1986 4933 quam
2017 4867 2124 4919 sint
2152 4865 2308 4919 validi

743 4970 996 5027 parietes,
1056 4972 1217 5026 quam
1251 4958 1320 5009 sit
1364 4970 1639 5009 amoenum
1697 4955 2086 5024 pavimentum,
2150 4973 2310 5024 quam

742 5056 850 5106 sint
880 5053 980 5103 alia
1013 5051 1192 5102 omnia
1225 5059 1436 5114 ornata,
1469 5059 1740 5107 accurata,
1771 5058 1825 5102 et
1853 5049 2154 5119 elegantia?
2179 5048 2311 5102 Nam

745 5141 1062 5208 ubicunque
1104 5140 1372 5208 quispiam
1423 5139 1637 5192 ocuhnn
1688 5139 1959 5204 deﬁxerit,
1994 5140 2312 5193 existimans

743 5249 800 5287 se
835 5233 1110 5285 immorari
1144 5232 1200 5284 in
1235 5246 1321 5293 eo,
1359 5232 1500 5300 quod
1528 5241 1610 5285 est
1641 5233 2087 5301 pulcherrimum,
2117 5232 2314 5286 deinde

746 5341 933 5379 rursus
991 5323 1136 5378 aliud
1202 5323 1494 5378 attenderit
1549 5344 1559 5377 :
1615 5340 1740 5378 eum
1794 5324 2079 5393 ptenitcbit
2125 5340 2310 5389 mone,

746 5433 905 5488 quam
955 5419 1007 5470 in
1055 5417 1234 5486 priore
1276 5418 1542 5470 traxerit:
1587 5428 1642 5471 et
1678 5419 1756 5472 sic
1799 5416 1980 5470 omnia
2015 5417 2315 5485 pervadens

749 5511 1011 5572 inveniet,
1040 5525 1159 5563 cum
1193 5525 1410 5579 semper
1442 5509 1516 5574 id,
1561 5510 1700 5578 quod
1745 5511 2040 5581 praecessit,
2073 5513 2317 5565 videatur

748 5603 891 5656 vinci
922 5603 990 5656 ab
1034 5618 1098 5655 eo
1143 5603 1283 5669 quod
1314 5603 1486 5656 adest.
1540 5601 1854 5670 Cujusmodi
1895 5613 2075 5656 autem
2121 5603 2317 5657 invasit

749 5714 964 5768 quoque
1014 5695 1247 5757 daemon,
1309 5697 1410 5751 hoc
1466 5695 1786 5764 prmclarum
1848 5711 1985 5766 opus
2049 5696 2314 5763 impedire

752 5787 1106 5856 aggrediens?
1155 5785 1284 5838 Nam
1335 5804 1456 5838 cum
1489 5788 1607 5841 dua:
1641 5802 1846 5856 magna:
1879 5787 2161 5848 columine,
2196 5803 2316 5854 «pne

753 5888 963 5932 statum
1007 5887 1158 5931 erant
1206 5889 1329 5932 ante
1361 5895 1505 5931 aram
1559 5879 1948 5943 venerati-lam,
1982 5881 2087 5946 jam
2136 5888 2315 5931 essent

2415 4689 2474 4725 τε
2507 4673 2657 4725 κάτω
2686 4671 2867 4732 στοὰς,
2921 4668 3013 4721 καὶ
3066 4668 3162 4731 τὰς
3210 4669 3613 4736 ὑπερκειμένας
3667 4665 3996 4733 εἰργάσατο.

2418 4759 2551 4816 Εἶτα
2579 4763 2848 4814 διαλαϐὼν
2878 4758 3170 4828 ὑπαίθροις
3198 4758 3290 4810 τὸν
3317 4753 3466 4808 οἷκον
3501 4755 3865 4824 πανταχόθεν.
3897 4755 3998 4808 οὒ-

2415 4876 2493 4911 τω
2540 4860 2640 4926 τὴν
2687 4855 2891 4927 ὀροφὴν
2934 4851 3232 4921 ἐπιτίθησι,
3265 4849 3439 4915 ξύλοις
3479 4850 3649 4920 αὐτὴν
3711 4849 4002 4917 μεγίστοις

2417 4949 2726 5021 περιλαϐὼν
2755 4989 2769 5014 ,
2795 4950 2890 5001 κοιλ⁵
2914 4945 3159 5016 μολύϐδῳ
3195 4943 3468 5012 καλύψας.
3509 4943 3573 4995 Τί
3611 4943 3674 4994 ἄν
3719 4957 3801 5002 τις
3843 4942 4001 4992 εἷπε-ι

2417 5045 2545 5114 περὶ
2570 5044 2668 5112 τῆς
2699 5042 2807 5096 τῶν
2830 5042 3026 5111 τοίχων
3061 5038 3444 5109 στερρότητος,
3466 5036 3594 5105 περὶ
3623 5034 3720 5102 τῆς
3743 5033 3836 5085 τοῦ
3874 5034 3974 5085 ὲ.δή

2418 5153 2551 5205 φους
2577 5134 2961 5205 τερπνότητος,
2996 5133 3124 5201 περὶ
3164 5131 3263 5200 τῆς
3292 5129 3401 5182 τῶν
3426 5128 3600 5181 ἄλλων
3631 5126 3845 5180 πάντων
3904 5141 3966 5177 ιιη
3996 5157 4000 5160 -

2417 5225 2650 5295 κοσμίας
2681 5223 2943 5294 ἀκριϐοῦς
2985 5222 3079 5276 καὶ
3115 5220 3264 5290 ὥρας
3292 5238 3306 5286 ;
3338 5219 3506 5272 Ἔνθα
3564 5219 3670 5287 γὰρ
3696 5217 3758 5270 ἂν
3788 5232 3874 5276 τις
3910 5217 4006 5266 τὶν

2415 5319 2690 5390 ὀφθαλμὸν
2707 5319 2923 5387 ἐρείσας
2946 5312 3282 5385 προσμείνοι,
3316 5311 3393 5380 τῷ
3420 5309 3694 5376 καλλίστῳ
3727 5307 3974 5374 προσκεῖ

2419 5413 2542 5466 σθαι
2589 5409 2796 5472 δοκῶν.
2843 5405 2964 5463 εἶτα
3016 5407 3178 5462 πάλιν
3229 5405 3403 5475 ἑτέρῳ
3458 5401 3763 5470 προσχοίη·
3825 5415 4011 5467 μετα-

2421 5507 2646 5577 μελήσει
2729 5503 2905 5573 τούτῳ
2975 5502 3076 5571 τῆς
3131 5499 3404 5568 προτέρας
3483 5492 3805 5563 διατριϐῆς,
3904 5494 4008 5543 καὶ

2418 5599 2557 5651 οὑτω
2583 5598 2671 5651 διὰ
2699 5598 2918 5650 ¹ιἰάντων
2972 5595 3144 5647 ἐπιὼν
3188 5592 3434 5662 εὑρήσει,
3491 5586 3585 5639 τοῦ
3632 5581 4011 5654 προλαϐόντος

2418 5689 2502 5742 ἀεί
2583 5703 2712 5739 ποτε
2782 5683 3031 5738 νικᾶσθαι
3119 5682 3444 5751 φαινομένου
3520 5676 3596 5740 τῷ
3660 5675 4008 5742 παρεστῶτι,

2421 5777 2541 5843 Οἷος
2609 5778 2665 5832 δὲ
2725 5777 2819 5831 καὶ
2873 5778 2901 5828 ὁ
2959 5775 3168 5844 δαίμων
3225 5771 3422 5840 ἐπῆλθε
3486 5769 3562 5838 τῷ
3619 5764 3768 5834 καλῴ
3825 5767 4016 5832 τούτῳ

2423 5876 2562 5944 ἔργῳ
2597 5872 2905 5944 ἐμποδίζειν
2940 5860 3233 5939 ἐπιχειρῶν
3259 5869 3268 5916 l
3299 5865 3418 5918 τῶν
3458 5864 3563 5933 γὰρ
3595 5859 3845 5933 μεγάλων
3882 5875 3978 5910 το.
4003 5887 4016 5895 -
