4128 6488
136 510 215 570 445
1062 495 1236 553 Vl'l‘A
1280 492 1335 549 S.
1388 484 1744 547 MARCIAN.

1806 485 2142 544 PRESBYT
2158 487 2307 544 Elii.

3242 494 3271 553 4
3290 495 3347 553 iii

136 641 216 675 των
238 620 321 672 δύο
348 616 544 669 κιόνων
593 613 700 666 τῶν
745 609 947 663 σεπτοῦ
981 605 1343 679 προεστώτων
1372 602 1665 667 θυσιαστη-
1697 599 1744 656 Δ

1775 599 2064 669 erigendae,
2090 600 2255 653 altera
2288 615 2351 652 ex
2378 600 2440 653 iis
2466 604 2711 656 manibus
2738 605 3014 657 hominum
3039 605 3130 659 diu
3155 622 3346 674 parcre

137 712 225 777 ρίου
266 706 566 773 ἀναστῆναι
616 702 716 770 ἠδη
750 697 1078 767 μελλόντων,
1111 696 1299 763 ’ἑτερος
1336 692 1516 744 αὐτῶν
1550 693 1669 740 ὲπι-

138 801 237 851 πολὺ
266 800 380 857 ταῖς
411 796 599 865 χερσὶν
632 790 871 861 ἠπείθει,
925 790 1020 840 καὶ
1071 787 1401 852 δυσκάτοχος
1438 777 1527 851 ἦν,
1572 780 1668 831 καὶ

137 897 208 958 τῆς
231 888 563 957 εύαρμόστου
594 885 835 944 στάσεως
860 880 1258 948 παρετρέπεέο,
1294 878 1361 927 τά
1381 893 1437 927 τε
1459 876 1669 943 δργανα

139 980 333 1051 συνεχῶς
366 978 754 1050 διερρήγνυτο,
781 977 876 1027 καὶ
906 976 1019 1034 τοῖς
1049 972 1185 1042 πρὸς
1210 970 1369 1023 τοῦτο
1390 970 1668 1021 διακονου-

139 1076 281 1140 μένοις
312 1071 638 1138 ἀπέκαμνεν
676 1070 708 1138 ἡ
752 1066 979 1135 σπουδή.
1015 1064 1179 1125 Τέλος
1214 1059 1307 1115 οὖν
1348 1061 1665 1129 συμφρονή-

139 1181 289 1224 σαντες
305 1165 398 1214 καὶ
418 1161 589 1213 οἱονεὶ
613 1160 708 1228 τὴν
740 1156 939 1227 πρᾶξιν
966 1152 1448 1223 ἀπαγορεύσαντες
1475 1150 1668 1202 ἀπίασι

138 1257 239 1323 ape;
263 1253 346 1305 τὸν
382 1253 562 1319 ἆγιον,
594 1252 690 1304 καὶ
727 1250 786 1300 τὸ
834 1247 1056 1315 γεγονὸς
1093 1242 1553 1313 ἀπαγγέλλουσιν.
1606 1240 1666 1292 Ὀ

136 1348 278 1399 οὐκ
308 1347 448 1412 ἔγνω
500 1342 743 1415 ῥᾳθυμία
787 1340 1099 1410 προσέχειν,
1120 1337 1247 1390 οὔτε
1292 1337 1399 1406 μὴν
1444 1334 1669 1401 ἀπέγνω

138 1458 208 1507 την
242 1438 553 1506 θεραπείαν,
610 1434 866 1503 ἀσθενείᾳ
908 1430 1184 1499 λογισμῶν
1226 1446 1285 1481 τε
1333 1429 1427 1480 καὶ
1467 1427 1669 1497 χειρῶν

138 1530 453 1597 ἀνθρωπίνων
478 1527 757 1597 ἐμϐλέψας
782 1541 796 1555 ·
822 1524 958 1577 ἀλλά
981 1528 1045 1594 τῇ
1084 1522 1219 1592 πρὸς
1244 1521 1375 1573 Θεὸν
1405 1519 1581 1572 ἐλπίδι
1610 1518 1669 1569 τὸ

140 1625 217 1673 πὶν
241 1621 554 1690 ἐπιτρέψας,
588 1622 680 1672 ἐπὶ
718 1618 812 1671 τὸν
849 1619 1014 1669 τόπον
1054 1616 1264 1685 ἐφοίτα.
1323 1613 1435 1665 Καὶ
1475 1611 1667 1681 πρῶτα

142 1716 214 1780 μὲν
242 1715 328 1775 τὰς
358 1716 549 1782 χεῖρας
587 1711 833 1772 ἐκτείνας
875 1710 972 1761 καὶ
997 1708 1117 1760 ὅλον
1156 1706 1353 1759 ὲαυτδν
1390 1704 1668 1767 συντείνας

139 1808 193 1862 si;
218 1803 531 1870 προσευχὴν,
566 1802 661 1853 τόν
691 1817 751 1851 τε
788 1798 882 1852 τοῦ
914 1798 1151 1864 σταυροῦ
1191 1796 1361 1848 τύπον
1392 1796 1668 1865 ἐπισημή-

139 1913 226 1957 νις,
255 1895 325 1963 τῷ
352 1895 461 1946 τῶν
515 1892 871 1963 ὲμποδισμῶν
914 1893 1072 1959 αἰτίῳ
1125 1889 1334 1960 δαίμονι
1388 1888 1624 1956 ἐπετίμα
1650 1902 1665 1917 ·
1696 1934 1744 1994 Β

139 1989 315 2059 Ἐχθρὲ,
339 1988 537 2055 λέγων,
583 1987 787 2049 παντὸς
810 1983 1016 2051 ἀγαθοῦ
1049 1982 1302 2051 πολέμιε,
1331 1980 1541 2033 παῦσαι
1572 1978 1668 2049 βα-

142 2080 354 2143 σκαίνων,
386 2079 481 2130 καὶ
515 2079 627 2139 τοῖς
655 2076 796 2146 πρὸς
819 2074 977 2138 δόξαν
994 2073 1129 2126 Θεοῦ
1154 2071 1462 2141 γινομένοις
1496 2071 1670 2138 ἐμπο-

138 2170 263 2232 δὶζων
297 2168 399 2222 ἀεί.
435 2168 672 2219 Ἔπειτα
702 2166 795 2217 xu".
831 2164 993 2226 αὐτὸς
1024 2163 1119 2216 τοῦ
1153 2161 1317 2231 ἔργου
1347 2162 1459 2222 τοῖς
1488 2158 1668 2221 ἄλλοις

140 2261 564 2328 συνεφαψάμενος,
634 2257 821 2329 χερσὶν
866 2257 966 2328 ἤδη
1016 2253 1415 2325 γεγηρακυίαις
1465 2252 1667 2321 πολλὴν

137 2354 267 2404 ὲΞωκε
291 2352 381 2422 τὴν
420 2351 619 2422 ῥοπὴν,
644 2354 708 2403 ἐκ
736 2349 829 2401 τοῦ
858 2349 1163 2416 πνεύματος
1198 2345 1397 2415 μᾶλλον
1428 2346 1603 2396 εἰπεῖν
1633 2343 1665 2397 ἦ

135 2445 205 2496 «ιιῦ
256 2444 495 2513 σώματος
519 2459 533 2473 ⁸
569 2444 663 2496 καὶ
701 2443 735 2511 ἡ
769 2441 959 2503 στάσις
1002 2439 1203 2501 εὐθέως
1254 2439 1533 2505 ὲνδόσιμος
1576 2432 1666 2507 ἦν,

139 2538 207 2586 καί
229 2538 334 2598 ταῖς
381 2535 572 2605 χερσὶν
611 2536 855 2587 εἴκουσα.
901 2532 1199 2603 Πρόκειται
1236 2529 1331 2582 τοῦ
1391 2528 1668 2598 θαύματος

140 2627 345 2694 αχρικαὶ
373 2626 470 2678 νῦν
500 2628 535 2694 ἡ
568 2626 803 2694 δήλωσις
847 2624 925 2692 τῷ
962 2623 1102 2676 κίονι
1140 2621 1535 2691 ἐπιφαινομένη
1578 2620 1668 2673 διὰ

136 2716 209 2783 τῆς
238 2718 402 2785 ὀλίγον
434 2736 487 2770 τι
516 2715 611 2768 τοῦ
642 2717 760 2770 λίαν
808 2714 971 2785 ὀρθοῦ
1027 2714 1441 2784 παρεκκλίσεως
1465 2730 1478 2743 '
1514 2714 1667 2766 κίονα

137 2808 361 2862 {ito-316v
405 2826 588 2878 φαμεν
630 2809 687 2870 ὃς
725 2811 783 2874 ἐξ
827 2808 1135 2878 ἀριστερῶν
1176 2806 1271 2861 τοῦ
1305 2807 1451 2878 ἱεροῦ
1483 2807 1669 2860 θυσια-

139 2902 316 2967 amplae
340 2900 444 2951 τῶν
472 2900 728 2968 ὁρώντων
755 2899 893 2970 πρὸς
941 2900 1206 2963 ἀνατολὰς
1233 2901 1467 2970 ἵδρυται.

188 2989 267 3042 ῐΔ’.
302 2990 457 3042 Ἀλλά
512 2990 634 3052 πῶς
684 2988 795 3061 ἀρα
826 2992 937 3043 ικαὶ
982 2990 1076 3043 τοῦ
1127 2991 1668 3054 κατασκευασθέντος

136 3081 252 3148 αὖτῷ
282 3082 568 3149 παγκάλου
590 3083 982 3153 φωτιστηρίου,
1017 3084 1045 3135 δ
1066 3085 1129 3154 δὴ
1155 3085 1251 3136 xui.
1273 3084 1667 3153 βαπτιστηριον

138 3170 280 3223 καλεῖν
317 3172 613 3241 είὼθαμεν,
634 3174 701 3225 δι’
723 3174 903 3243 ὀλίγου
944 3192 1028 3237 τις
1059 3174 1323 3245 ἐκφράσαι
1347 3174 1446 3242 τὴν
1474 3176 1667 3227 καλλο-

1774 691 1968 752 noluit,
2001 691 2194 759 vixque
2226 692 2493 745 contineri
2541 704 2771 761 poterat,
2803 704 2856 747 et
2885 714 2913 748 ιι
2945 705 3088 749 statu
3117 700 3345 751 concin-

1773 798 1842 834 no
1875 783 2195 840 divertebat.
2224 794 2274 835 et
2298 784 2658 836 instrumenta
2690 788 3035 840 continenter
3068 789 3345 858 dirumpe-

1772 873 2010 927 bantur:
2050 875 2242 942 iisque,
2277 877 2367 942 qui
2400 877 2465 928 ad
2500 877 2603 929 hoc
2636 876 3110 943 administrabant,
3146 881 3341 935 defati-

1772 976 1891 1033 gata
1926 966 2035 1032 jam
2080 974 2197 1017 erat
2243 965 2529 1022 industria.
2565 968 2803 1021 Tandem
2854 985 2977 1021 cum
3026 972 3135 1023 lieri
3186 988 3342 1040 posse,

1773 1058 1935 1109 veluti
1981 1058 2378 1126 desperassent,
2407 1062 2471 1110 ad
2514 1070 2759 1114 sanctum
2809 1078 2916 1113 uno
2945 1078 3215 1115 consensu
3257 1082 3345 1117 ae-

1772 1151 1991 1211 ccdunt,
2039 1160 2092 1203 et
2144 1152 2215 1214 id,
2257 1150 2399 1218 quod
2449 1150 2644 1203 factum
2685 1154 2878 1219 fuerat,
2915 1158 3255 1209 renuntiant.
3297 1158 3345 1210 Is

1772 1254 1953 1297 autem
2016 1261 2121 1297 non
2185 1248 2368 1299 statuit
2428 1262 2485 1299 se
2540 1246 2740 1300 debere
2798 1252 2908 1303 otio
2958 1260 3011 1304 et
3061 1255 3343 1308 socordiae.

1770 1338 1956 1406 Neque
2006 1356 2132 1392 vero
2162 1340 2424 1393 aﬂ'ercndi
2466 1342 2688 1395 remedii
2734 1359 2884 1411 spem
2925 1346 3144 1413 abjecit,
3176 1349 3333 1416 respi-

1771 1431 1920 1484 ciens
1949 1431 2371 1485 intbeeillitatem
2412 1433 2798 1502 cogitationum
2844 1444 2899 1488 et
2941 1452 3202 1490 manuum
3246 1439 3345 1491 liu-

1771 1540 2101 1578 manarum:
2139 1525 2231 1577 sed
2279 1526 2391 1593 spei
2443 1525 2495 1577 in
2549 1525 2716 1579 Deum
2754 1529 3066 1582 universum
3118 1531 3345 1598 permit-

1772 1625 1911 1677 tens,
1945 1617 2091 1670 venit
2124 1618 2187 1670 ad
2224 1618 2421 1670 locum.
2459 1616 2524 1670 Et
2553 1635 2675 1671 cum
2720 1622 2897 1689 primo
2935 1638 3128 1676 manus
3158 1633 3346 1677 exten-

1771 1708 1961 1770 disset,
2024 1717 2081 1761 et
2119 1725 2177 1761 se
2239 1719 2408 1762 totum
2454 1711 2777 1765 contulisset
2837 1712 2903 1766 ad
2953 1716 3343 1781 precationem,

1772 1810 1826 1853 et
1871 1800 2095 1869 ﬁguram
2142 1800 2318 1853 crucis
2353 1801 2639 1869 signasset,
2684 1803 2983 1871 increpavit
3018 1806 3345 1867 daemonem,

1772 1889 1862 1958 qui
1906 1900 2023 1942 erat
2069 1906 2228 1942 causa
2278 1891 2694 1959 impedimenti:
2742 1892 2984 1957 lnimice,
3041 1894 3245 1959 dicens,
3293 1904 3348 1948 et

1774 1982 1943 2036 hostis
1973 1982 2153 2035 omnis
2184 1982 2332 2044 boni,
2372 1998 2525 2035 cessa
2570 1982 2813 2036 invidere
2846 1992 2901 2036 et
2948 1998 3010 2037 ea
3061 1984 3343 2051 impedire,

1771 2090 1891 2144 qua}
1918 2073 2051 2126 fiunt
2084 2073 2148 2125 ad
2183 2073 2272 2126 Dei
2305 2073 2550 2143 gloriam.
2586 2074 2787 2127 Deinde
2826 2075 2941 2145 ipse
2972 2090 3188 2144 quoque
3221 2092 3343 2130 cum

1771 2165 1913 2226 aliis,
1961 2164 2212 2216 manibus
2249 2160 2360 2231 jam
2408 2164 2561 2217 senio
2596 2164 2825 2227 allectis,
2858 2181 2994 2233 opus
3026 2182 3132 2219 una
3174 2167 3343 2219 attin-

1771 2272 1925 2326 gens,
1951 2271 2202 2324 magnum
2225 2254 2406 2309 attulit
2434 2263 2792 2318 momentum,
2826 2271 2889 2308 ex
2920 2257 3109 2324 spiritu
3142 2257 3341 2325 potius,

1774 2358 1832 2401 ut
1859 2349 1928 2401 ita
1961 2348 2157 2411 dicam,
2191 2362 2350 2416 quam
2381 2363 2445 2399 ex
2471 2362 2695 2416 corpore
2730 2365 2743 2399 :
2772 2357 2824 2400 et
2854 2348 3105 2415 protinus
3135 2348 3342 2401 mereri

1770 2434 1935 2503 cmpit
1967 2434 2237 2489 columna:
2268 2444 2459 2499 status,
2498 2444 2551 2487 et
2584 2435 2749 2489 cessit
2793 2437 3065 2489 manibus.
3104 2440 3344 2507 Apparet

1770 2538 1950 2582 autem
1982 2529 2037 2581 in
2069 2528 2391 2581 hodiernum
2427 2542 2599 2595 usque
2630 2528 2771 2581 diem
2806 2529 2858 2581 in
2896 2530 3146 2583 columna
3179 2532 3343 2584 mira-

1770 2622 1951 2674 culum
1982 2636 2077 2688 per
2112 2619 2215 2674 hoc
2248 2620 2391 2688 quod
2421 2635 2449 2672 a
2481 2629 2627 2673 recto
2658 2620 2934 2688 paululum
2968 2620 3342 2674 declinaverit.

1772 2712 1921 2767 llanc
1952 2723 2132 2767 autem
2169 2713 2400 2767 dicimus
2432 2713 2762 2775 columnam,
2795 2729 2914 2782 qua:
2966 2713 3141 2782 posita
3190 2724 3271 2766 est
3316 2729 3345 2765 a

1770 2808 2004 2861 sinistris
2034 2823 2139 2861 ara:
2182 2822 2349 2861 sacra:
2382 2806 2446 2860 iis
2501 2807 2594 2876 qui
2625 2808 2897 2876 aspiciunt
2940 2808 3006 2861 ad
3055 2808 3344 2865 orientem.

1843 2995 1979 3049 XIV.
2020 2994 2125 3049 Sed
2159 2993 2433 3063 quomodo
2481 2992 2832 3064 pulcherrimi
2884 3007 3099 3062 quoque
3158 2995 3224 3045 ab
3282 3008 3347 3045 eo

1772 3088 2070 3143 constructi
2103 3085 2495 3147 illuminatorii,
2526 3086 2669 3154 quod
2703 3086 2921 3155 quidem
2965 3086 3203 3138 solemus
3251 3101 3348 3138 v0-

1773 3198 1897 3236 eare
1952 3179 2352 3250 baptisterium,
2419 3179 2607 3248 paucis
2663 3179 2936 3247 explicare
2999 3178 3120 3245 quis
3175 3179 3347 3246 possit

138 3263 225 3328 νὴν,
256 3265 446 3334 πολλὴν
478 3266 809 3335 προχέοντος
858 3268 996 3335 μετά
1037 3265 1317 3336 θαύματος
1360 3270 1472 3329 τοῖς
1502 3270 1668 3337 ὁρῶσι
1696 3271 1739 3328 C

1774 3273 2253 3345 pulchritudinem,
2287 3271 2430 3339 quod
2464 3271 2775 3324 videntibus
2820 3286 2942 3323 cum
2989 3268 3347 3321 admiratione

137 3355 209 3420 τὴν
253 3358 476 3428 tam;
550 3359 717 3410 Πέντε
777 3360 883 3428 γὰρ
933 3360 1241 3430 διείληπται
1287 3363 1409 3422 ταῖς
1465 3364 1668 3425 στοαῖς,

136 3444 285 3516 ὥςπερ
312 3450 413 3518 ἄρα
455 3451 560 3502 καὶ
603 3450 702 3519 τὴν
743 3449 1099 3522 Ἰερουσαλὴμ
1152 3452 1488 3522 προϐατικήν
1537 3469 1670 3520 φασι

136 3538 515 3608 κολυμϐήθραν·
571 3539 688 3592 ἀλλ’
733 3539 971 3594 ἐνταῦθα
1030 3542 1126 3593 xui.
1180 3541 1351 3609 μείζω
1393 3559 1483 3611 μοι
1526 3543 1673 3595 δοκεῖ

138 3629 299 3694 μᾶλλον
341 3632 372 3699 ἢ
415 3634 543 3685 ἐκεῖ
588 3632 858 3685 τελεῖσθαι
913 3634 981 3686 τά
1034 3633 1310 3701 θαύματα.
1352 3634 1440 3687 Ἐν
1487 3634 1669 3705 ἐκείνῃ

139 3721 211 3786 μὲν
237 3722 335 3792 γὰρ
378 3723 687 3792 ἐπιφοιτῶν
730 3724 959 3791 ἄγγελος
1006 3720 1097 3795 ἦν,
1127 3725 1222 3777 καὶ
1259 3726 1397 3778 κατά
1434 3726 1563 3793 μίαν
1590 3719 1669 3789 εἷς

134 3812 309 3882 ἡμέραν
344 3813 443 3882 τῆς
474 3814 677 3875 ἰάσεως
719 3811 1037 3883 ἀξιούμενος
1058 3832 1071 3843 ·
1103 3814 1337 3868 ἐνταῦθα
1375 3816 1430 3869 δὲ
1464 3818 1525 3869 οὐ
1548 3817 1670 3870 δοῦ-

241 3907 376 3956 ὲστιν
421 3908 452 3958 ὁ
486 3904 935 3974 διακονούμενος,
984 3906 1118 3959 ἀλλὰ
1143 3909 1447 3978 Δεσποτικὴ
1504 3910 1668 3981 μὲνὴ

136 3995 452 4066 ἐπιεοίτησις.
488 3997 556 4049 Ἢ
600 3997 656 4049 δέ
689 4014 751 4064 γε
802 3998 945 4060 ίασις
980 3999 1041 4050 οὐ
1099 4002 1239 4051 κατὰ
1271 4001 1400 4070 μίαν
1433 4002 1666 4073 ἡμέραν,

136 4088 238 4137 ἀλλὰ
261 4090 522 4157 συνεχῶς’
554 4090 655 4142 καὶ
684 4091 738 4141 αἱ
766 4089 1056 4159 θεραπεῖαι
1085 4092 1186 4144 οὐκ
1217 4094 1295 4154 είς
1341 4093 1435 4145 ἕνα
1454 4093 1629 4162 ,μόνον
1651 4136 1665 4158 ,

137 4180 237 4233 πλλά
256 4184 341 4234 καὶ
369 4185 449 4245 εἰς
474 4182 736 4245 πολλούς·
779 4183 869 4234 καὶ
907 4184 966 4234 οὐ
1002 4184 1271 4251 σωμάτων
1318 4185 1502 4253 μόνον,
1535 4186 1669 4239 ἀλλὰ

137 4274 398 4343 κιὶψυχῶν
444 4275 739 4344 ἄντικρυς.
776 4274 981 4339 Ἕδειξε
1014 4275 1070 4327 δὲ
1117 4276 1435 4345 Μαρκιανὸς
1470 4279 1497 4330 ὁ
1531 4278 1669 4341 θεῖος

136 4365 197 4412 x2"
217 4364 284 4434 τῷ
314 4364 437 4435 περὶ
457 4364 523 4416 τὺ
552 4362 948 4433 βαπτιστήριον
967 4365 1125 4417 τοῦτο
1145 4368 1407 4435 σχήματι,
1427 4367 1508 4419 ὅτι
1532 4369 1669 4438 πρὸς

137 4452 266 4507 τύπον
289 4458 455 4509 ἐποίει
487 4456 553 4508 τὸ
587 4457 699 4507 πᾶν
742 4455 841 4524 τῆς
886 4456 1291 4527 Θρυλλουμένης
1340 4459 1541 4528 ταύτης
1577 4478 1665 4512 κο-

136 4546 424 4616 λυμϐήθρας,
450 4549 569 4617 Τὴν
584 4547 698 4615 γὰρ
723 4548 927 4615 ὀροφὴν
945 4547 1117 4611 θόλοις
1142 4550 1541 4619 καταμερίσας,
1572 4552 1667 4603 καὶ

138 4643 318 4704 χρυσαῖς
344 4640 544 4709 ψηφῖσι
574 4640 650 4692 τὰ
686 4637 903 4704 ἐκείνης
925 4639 1102 4693 πάντα
1129 4640 1433 4710 κοσμήσας,
1462 4643 1529 4695 τὰ
1555 4643 1663 4696 τῶν

136 4731 386 4783 νοσούντων
418 4747 479 4783 τε
536 4730 687 4799 πρὸς
735 4729 795 4782 τὸ
821 4730 1046 4799 ἀκριϐὲς
1073 4730 1356 4801 ὑπέγραψε
1389 4732 1661 4802 σχήματα,

138 4820 237 4887 πρὸς
260 4822 311 4873 δὲ
339 4825 429 4874 καὶ
466 4820 716 4892 Χριστὸν
739 4822 865 4883 τοὺς
906 4820 1268 4884 ἀσθενοῦντας
1298 4824 1547 4892 ἰώμενον,
1582 4825 1667 4875 ἵνα

139 4910 193 4975 μὴ
218 4912 322 4974 τοὺς
351 4910 650 4973 νοσοῦντας
687 4909 867 4978 μόνον,
898 4909 1035 4963 ἀλλά
1084 4912 1177 4963 καὶ
1227 4912 1318 4963 τὸν
1363 4913 1545 4982 ἰατρὸν
1574 4914 1666 4983 ἐξῇ

140 5000 349 5072 καθορᾷ-ι.
382 5004 554 5057 Οὐδὲν
588 5003 651 5055 δὲ
694 4996 805 5053 οἷον
826 5001 920 5054 τοῦ
960 5004 1158 5067 παντὸς
1189 5004 1475 5073 δεηθέντος
1510 5006 1668 5073 λόγου

138 5092 286 5155 αὑταῖς
325 5095 483 5163 ὄψεσι
537 5094 613 5147 τὰ
676 5092 945 5163 εἰρημένα
987 5095 1326 5165 παραλαϐεῖν
1352 5112 1364 5125 ·
1408 5097 1531 5149 ἐπει
1579 5098 1669 5151 καὶ

139 5185 324 5249 κρείττω
356 5186 518 5256 λόγου
560 5187 637 5238 τὰ
682 5186 800 5237 ἐκεῖ
835 5183 1059 5254 νομίζω,
1094 5185 1186 5237 καὶ
1223 5184 1521 5255 ὀφθαλμοῖς
1574 5188 1669 5256 μό-

139 5293 220 5337 νοις
264 5282 641 5350 συνερχόμενα
691 5278 829 5347 πρὸς
877 5278 1201 5349 κατάληψιν.
1248 5279 1338 5331 Διδ
1381 5280 1669 5332 καὶταῦτα

142 5370 214 5435 μὲν
237 5376 512 5443 παρελθεῖν
546 5391 647 5443 μοι
682 5371 845 5424 δοκῶ.
880 5374 947 5426 Ἀ
989 5373 1044 5425 δὲ
1078 5372 1284 5441 ἀδελφά
1328 5373 1536 5436 τούτοις
1576 5374 1669 5427 καὶ

141 5462 224 5527 ita:
242 5466 307 5534 τῷ
332 5468 517 5537 χρόνῳ
534 5464 833 5537 προσεχῶς
869 5464 1121 5531 ἐτελεῖτο,
1143 5465 1316 5519 ταῦτα
1336 5466 1400 5536 δὴ
1422 5466 1518 5520 καὶ
1535 5467 1665 5537 ἐρῶ,

142 5556 208 5603 ni
233 5557 308 5607 τὸν
338 5560 435 5630 ήδη
461 5577 553 5629 μοι
576 5557 677 5611 διὰ
707 5558 927 5627 μνήμης
964 5557 1257 5626 γενόμενον
1289 5558 1558 5627 Ίσιδὼρου
1574 5558 1666 5611 τοῦ

143 5642 248 5699 θείου
278 5651 393 5704 ναὸν
451 5654 513 5706 ὲν
553 5651 763 5723 μνήμῃ
824 5648 919 5701 καὶ
980 5648 1061 5703 ἔτι
1112 5650 1478 5721 διαρκεστέρᾳ
1510 5653 1667 5722 ποιή-

146 5752 282 5802 τῡμαι,

192 5825 630 5903 ΙΕ’.Δριμύτατὸν
682 5852 805 5886 τινα
856 5838 953 5904 τῆς
1003 5835 1111 5887 τῶν
1166 5836 1471 5905 εύκτηρίων
1501 5836 1665 5889 οἴκων

146 5932 155 5949 '
185 5922 374 5994 ’τμξηιῆς
403 5928 544 5997 ἐρῶν
577 5928 769 5997 ἔρωτα
791 5928 816 5978 ὁ
838 5927 1068 5994 χρηστὸς
1093 5928 1165 5997 τῷ
1187 5929 1299 5980 δντι
1327 5929 1663 5999 Μαρκιανὸς,

1775 3381 2021 3435 magnam
2086 3363 2365 3432 profundit
2442 3360 2812 3431 voluptatem?
2876 3360 3346 3429 Comprehensum

1774 3458 1918 3511 enim
1953 3466 2036 3510 est
2078 3471 2107 3508 a
2154 3448 2399 3524 quinque
2445 3454 2763 3522 porticibus,
2819 3452 2959 3505 sicut
3010 3451 3345 3521 probatit-am

1774 3566 1986 3620 quoque
2015 3549 2167 3602 aiunt
2197 3547 2480 3616 piscinam,
2510 3561 2629 3613 qua:
2660 3552 2744 3598 est
2785 3544 2837 3597 in
2878 3544 3198 3598 Jerusalem.
3238 3544 3344 3597 Sed

1775 3641 1861 3695 hic
1895 3655 2109 3710 quoque
2141 3640 2369 3707 majora,
2401 3652 2561 3706 quam
2594 3637 2721 3703 illic,
2755 3637 3007 3692 videntur
3036 3638 3148 3690 ﬁeri
3183 3639 3347 3690 mira-

1774 3735 1916 3788 cula.
1946 3714 2077 3785 Nam
2115 3733 2168 3785 in
2214 3732 2300 3783 illa
2332 3731 2546 3799 quidem
2593 3740 2708 3783 erat
2743 3730 2832 3799 qui
2866 3730 3157 3783 accedebat
3182 3746 3347 3797 ange-

1774 3828 1878 3893 lus,
1910 3835 1961 3878 et
1996 3840 2103 3878 uno
2148 3824 2235 3877 die
2266 3838 2406 3875 unus
2437 3822 2829 3889 assequebatur
2858 3822 3213 3875 curationem.
3248 3822 3346 3874 llic

1774 3929 1953 3973 autem
1986 3932 2093 3970 non
2134 3925 2218 3969 est
2268 3929 2459 3967 servus
2506 3914 2599 3980 qui
2643 3912 2934 3976 ministrat,
2985 3913 3077 3965 sed
3124 3913 3347 3965 advenit

1773 4012 1991 4081 quidem
2026 4008 2303 4061 Dominus.
2338 4005 2557 4060 Curatio
2602 4014 2781 4057 autem
2836 4020 2941 4057 non
2993 4020 3102 4057 uno
3147 4004 3206 4057 Iit
3234 4005 3344 4068 die,

1772 4099 1866 4152 sed
1902 4096 2159 4152 assidue:
2188 4103 2243 4148 et
2292 4110 2399 4147 non
2452 4094 2625 4147 solum
2672 4108 2980 4162 corporum,
3030 4094 3124 4146 sed
3181 4095 3343 4147 etiam

1772 4200 1958 4259 aperte
1988 4189 2315 4241 animarum.
2360 4184 2609 4238 Ostendit
2653 4196 2830 4239 autem
2864 4186 3080 4239 divinus
3112 4185 3345 4239 Marcia-

1771 4299 1876 4337 nus
1924 4283 2024 4335 bac
2070 4294 2283 4349 quoque
2344 4278 2511 4348 ﬁgura
2566 4276 2889 4345 baptisterii,
2925 4292 2983 4331 se
3027 4276 3340 4331 universum

1775 4376 1967 4432 fecisse
2003 4374 2068 4428 ad
2117 4371 2341 4426 formam
2386 4371 2569 4439 hujus,
2614 4385 2734 4438 qua:
2762 4384 3011 4422 sermone
3036 4370 3343 4423 celebratur

1772 4469 2010 4538 piscinae.
2043 4464 2178 4517 Cum
2217 4462 2362 4516 enim
2392 4471 2591 4515 tectum
2623 4461 2785 4513 tholis
2814 4460 3111 4526 divisisset,
3152 4472 3205 4516 et
3244 4478 3341 4515 au.

1772 4557 1879 4609 reis
1930 4552 2127 4621 lapillis
2177 4565 2513 4619 quaecunque
2562 4558 2717 4602 erant
2768 4549 2914 4602 iUius
2966 4562 3232 4612 ornasset,
3288 4564 3342 4604 et

1773 4655 2096 4717 azgrotorum
2134 4642 2331 4711 ﬁguras
2360 4640 2647 4709 descripsit
2688 4641 2752 4693 ad
2796 4657 3049 4711 unguem,
3083 4652 3135 4695 et
3166 4642 3340 4710 ipsum

1771 4739 1934 4792 etiam
1965 4734 2241 4788 Christum
2282 4740 2512 4801 aegrotos
2556 4741 2834 4784 curantem
2873 4750 2885 4785 :
2923 4741 2980 4785 ut
3022 4748 3127 4785 non
3166 4735 3339 4787 solum

1771 4846 1866 4883 eos
1889 4828 1977 4897 qui
2005 4827 2273 4889 laborant,
2296 4824 2389 4876 sed
2424 4823 2689 4875 medicum
2718 4838 2931 4891 quoque
2954 4824 3135 4877 videre
3159 4826 3339 4880 lice-t.

1770 4915 2044 4984 Optimum
2094 4922 2273 4965 autem
2330 4910 2510 4975 fuerit,
2565 4927 2671 4964 non
2725 4913 2796 4965 ita
2844 4913 3000 4967 valde
3053 4915 3341 4984 indigendo

1770 5003 2022 5075 praesenti
2055 5002 2321 5064 oratione,
2363 5016 2425 5055 ea
2455 5016 2575 5069 qua:
2607 5001 2750 5055 dicta
2801 5012 2945 5067 sunt,
2998 5003 3130 5071 ipsis
3170 5006 3340 5059 oculis

1770 5094 2203 5165 apprehendere.
2256 5092 2388 5145 Nam
2435 5106 2556 5159 quae
2603 5092 2711 5144 illic
2759 5102 2908 5153 sunt,
2963 5095 3169 5161 majora
3217 5111 3339 5149 esse

1770 5188 2042 5249 existimo,
2079 5199 2238 5253 quam
2287 5191 2345 5235 ut
2372 5197 2434 5235 ea
2478 5182 2750 5250 possimus
2778 5183 3022 5237 oratione
3055 5187 3334 5255 consequi,

1769 5290 1825 5335 et
1852 5295 1971 5349 qua:
2003 5278 2171 5346 possit
2212 5274 2359 5329 solus
2382 5273 2529 5327 visus
2553 5272 3035 5343 comprehendere.
3068 5274 3339 5339 Quamob-

1771 5388 1885 5427 rem
1950 5386 2011 5424 ea
2044 5368 2259 5438 quidem
2293 5374 2473 5421 statuo
2507 5366 2942 5435 prmtennittere.
2973 5366 3105 5430 Quae
3155 5376 3335 5421 autem

1769 5472 1897 5519 sunt
1926 5460 2010 5513 his
2044 5472 2318 5529 germana,
2343 5464 2398 5510 et
2421 5456 2581 5510 simul
2611 5456 2913 5525 pr0pinquo
2944 5466 3186 5526 tempore
3215 5474 3338 5526 per-

1769 5555 1909 5610 fecta
1939 5553 2111 5615 fuere,
2136 5566 2197 5603 ea
2228 5549 2402 5604 dicam
2434 5548 2618 5616 utique
2649 5565 2661 5599 :
2695 5556 2749 5601 et
2772 5547 2915 5616 quod
2943 5548 3053 5618 jam
3087 5549 3212 5601 mihi
3238 5549 3339 5605 fuit

1770 5650 1823 5703 in
1864 5646 2142 5707 memoria,
2176 5642 2345 5697 divini
2397 5640 2581 5693 lsidori
2626 5640 2907 5709 templum,
2950 5641 3129 5695 adhuc
3169 5645 3339 5713 magis

1770 5740 1960 5795 litteris
1996 5736 2271 5791 memorize
2310 5732 2595 5787 mandabo.

1837 5832 1949 5885 XV.
2030 5830 2165 5885 Cum
2232 5828 2536 5881 divinorum
2577 5824 2935 5878 oratoriorum
2966 5824 3335 5879 tediiicationis

1768 5926 1998 5995 quodam
2037 5918 2513 5975 vehementissimo
2538 5926 2813 5969 teneretur
2836 5932 3019 5977 amore
3048 5917 3221 5971 bonus
3249 5934 3325 5971 rem
