4128 6488
742 430 842 491 44'?

2015 423 2296 485 MENSIS
2329 424 2790 488 JANUARIUS.

3902 426 4012 490 M8

747 561 872 600 vera
938 543 1273 607 Marcianus;
1331 557 1433 597 nec
1489 557 1740 612 magnum
1794 557 2011 611 quoque
2083 543 2319 613 neglexit

2440 540 2539 592 ιὺδὲ
2572 540 2637 592 τὰ
2678 541 2806 609 περὶ
2842 540 2933 594 τὸν
2986 541 3162 612 μέγαν
3204 542 3470 616 Ἰσίδωρον
3536 546 3757 616 ἀμελῶς
3801 549 3976 603 ἐτίθει

748 640 1010 692 Ικὶιιοιίιηι
1040 655 1052 690 :
1087 636 1181 690 sed
1229 646 1287 690 ut
1333 636 1451 704 ejus
1486 650 1668 689 sacras
1697 633 1918 688 afferret
1951 635 2230 704 reliquias,
2269 644 2325 690 et

747 728 1338 799 magnificentissimam
1395 727 1443 782 ei
1495 728 1665 781 tndem
1741 737 2066 792 exstrueret,
2128 743 2324 796 magno

749 823 847 875 sibi
878 823 1030 876 duxit
1059 821 1242 876 studio
1281 819 1742 875 contendendum.
1778 817 1890 873 Nec
1934 821 2180 874 cessabat
2207 836 2325 873 om-

749 931 873 968 ιιι-ιιι
918 915 1097 968 locum
1156 914 1502 969 considerare
1548 927 1610 966 ac
1653 913 2024 981 contemplari.
2081 913 2148 967 Et
2200 915 2324 968 idco

747 1007 928 1060 adhuc
963 1007 1178 1075 quidem
1213 1004 1560 1058 differebatur
1610 1003 1916 1069 aedificatio;
1970 1020 2094 1059 cum
2141 1016 2322 1060 autem

749 1099 870 1164 ejus
899 1100 1200 1168 collegisset
1230 1097 1503 1166 reliquias,
1543 1105 1598 1150 et
1645 1095 1698 1148 in
1744 1095 1921 1149 loculo
1957 1097 2322 1166 deposuisset,

751 1203 844 1240 eas
867 1189 1052 1240 statuit
1089 1188 1141 1240 in
1175 1190 1460 1257 pnesentia
1493 1205 1710 1243 servare
1743 1191 1795 1244 in
1825 1193 1926 1247 hoc
1953 1195 2154 1264 templo
2185 1213 2325 1250 mar—

754 1278 902 1348 tyris.
933 1277 1030 1332 Ubi
1070 1289 1250 1333 autem
1287 1281 1432 1334 brevi
1461 1282 1644 1350 aliquo
1675 1293 1796 1351 post
1836 1294 2078 1355 tempore
2109 1303 2326 1358 aggres-

751 1386 843 1423 sus
874 1382 956 1425 est
983 1389 1075 1426 eas
1103 1375 1410 1434 transferre,
1445 1375 1639 1428 accidit
1670 1376 1740 1430 ibi
1768 1377 1970 1446 aliquid
2009 1379 2327 1436 admirabile

750 1469 805 1514 et
830 1477 1108 1514 arcanum.
1140 1461 1322 1532 Neque
1347 1465 1491 1516 enim
1526 1464 1657 1532 ipse.
1686 1481 1785 1520 rrec
1814 1467 1914 1519 alia
1945 1469 2109 1521 multa
2135 1485 2328 1525 manus

753 1553 1033 1605 hominum
1065 1556 1238 1622 potuit
1283 1559 1494 1608 thecam
1531 1556 1762 1623 amplius
1808 1573 2046 1612 movere.
2080 1559 2324 1614 Divinam

750 1661 878 1713 ergo
913 1646 1148 1714 aliquam
1185 1662 1296 1699 rem
1327 1662 1446 1700 esse
1491 1650 1806 1713 arbitratus,
1850 1659 1904 1704 et
1941 1667 2063 1704 cum
2105 1651 2210 1707 alio
2234 1655 2325 1724 qui

752 1737 800 1790 ei
832 1738 882 1790 in
918 1740 1122 1791 somnis
1162 1739 1275 1808 ipse
1304 1740 1668 1810 significasset
1706 1754 1928 1813 martyr,
1971 1760 2030 1798 se
2070 1746 2188 1800 loco
2229 1748 2329 1802 de-

753 1830 960 1893 lectari,
1009 1846 1178 1898 neque
1247 1832 1383 1885 velle
1417 1832 1545 1886 hinc
1575 1849 1702 1887 suas
1734 1835 2014 1888 transferri
2049 1838 2324 1907 reliquias,

2428 631 2562 684 ἀλλὰ
2601 632 2660 684 το
2692 632 2760 686 τὰ
2791 634 2913 704 ἱερὰ
2946 634 3110 688 αὑτοῦ
3143 635 3373 706 λείψανα
3400 640 3754 708 συγκομίσαι,
3783 642 3882 694 καὶ
3914 658 4010 694 σε-

2429 725 2693 793 μνότατον
2723 719 2834 778 οἷον
2859 725 3010 795 αύτῷ
3037 723 3188 780 οἷκον
3223 729 3552 798 ἀναστῆσαι,
3593 731 3794 801 πολλῆς
3845 733 4009 801 ἠξίου

2427 815 2685 886 σπουδῆς.
2718 815 2901 868 Πάντα
2927 833 2988 869 τε
3017 817 3184 870 τόπον
3227 819 3561 892 ἀναθεωρεῖν
3603 822 3702 874 οὐκ
3746 823 4008 886 ἐπαύετο,

2426 909 2520 962 καὶ
2562 908 2649 960 διὰ
2673 907 2830 961 τοῦτο
2869 909 2936 961 τά
2971 909 3070 978 μὲν
3106 910 3205 979 τῆς
3235 913 3524 983 οἰκοδομῆς
3545 914 3767 982 ἔμελλεν
3794 916 3908 967 ἐτιο
3939 917 4010 967 τά

2425 1003 2480 1054 δέ
2504 999 2733 1068 λείψανα
2759 1001 2948 1054 τούτου
2983 1003 3328 1071 συναγαγὼν,
3349 1006 3443 1060 καὶ
3469 1009 3528 1060 ἐν
3554 1009 3698 1080 σορῷ
3723 1009 4010 1074 καταθεὶς,

2428 1091 2718 1158 φυλλάτειν
2746 1092 2906 1156 αὐτὰ,
2927 1092 2986 1145 τό
3021 1109 3084 1159 γε
3111 1092 3206 1145 νῦν
3231 1093 3375 1162 ἕχον,
3401 1096 3458 1146 ἐν
3480 1095 3558 1166 τῷ
3581 1098 3756 1170 καινῷ
3771 1099 3884 1168 ναῷ
3908 1100 4010 1168 τῆς

2437 1182 2717 1251 μάρτυρος
2781 1182 2942 1250 ἔγνω.
2989 1183 3143 1236 Ἐπεὶ
3193 1186 3332 1254 μετὰ
3383 1185 3590 1256 βραχύν
3634 1205 3754 1241 τινα
3813 1189 4012 1260 χρόνον

2433 1277 2766 1346 μεταθήσειν
2822 1279 2962 1332 αὑτά
2999 1279 3299 1348 ἐπεχείρει,
3341 1282 3574 1336 ἐνταῦθα
3619 1282 3748 1349 γοῦν
3783 1284 4008 1354 θαυμα-

2432 1371 2556 1422 στὸν
2586 1366 2698 1423 οἷον
2737 1371 2958 1441 ἀπήντα
2987 1390 3038 1426 τι
3077 1373 3169 1426 καὶ
3201 1374 3537 1444 ἀπόρρητον.
3583 1377 3721 1429 Οὔτε
3760 1378 3871 1448 γὰρ
3908 1380 4012 1431 αὑ-

2429 1464 2519 1525 τὸς
2553 1463 2680 1517 οὔτε
2715 1463 2848 1534 άλλη
2882 1463 3202 1535 πολυχειρία
3229 1465 3575 1520 διασαλεύειν
3602 1469 3681 1522 ἔτι
3705 1470 3801 1538 τήν
3826 1471 4012 1539 θήκην

2428 1555 2630 1627 δυνατὴ
2670 1556 2908 1626 κατέστη
2927 1569 2942 1586 ⁸
2989 1556 3131 1610 θεῖον
3165 1557 3258 1610 οὖν
3287 1576 3338 1610 τι
3365 1559 3424 1611 τὸ
3452 1562 3687 1631 πρᾶγμα
3705 1557 3845 1614 εἶναι
3869 1563 4010 1613 ὑπο-

2432 1649 2636 1714 λαϐὼν,
2666 1649 2847 1712 ἄλλως
2877 1648 2934 1702 δὲ
2960 1649 3056 1701 καὶ
3083 1648 3248 1702 αὑτοῦ
3272 1648 3366 1702 τοῦ
3394 1650 3668 1720 μάρτυρος
3695 1651 3762 1704 δι’
3786 1654 4011 1720 ὀνειράο

2428 1757 2536 1791 των
2555 1738 2705 1808 αὐτῷ
2739 1739 3084 1808 σημήναντος
3102 1737 3179 1800 ὡς
3199 1737 3380 1808 χαίρει
3415 1740 3495 1809 τῷ
3523 1741 3695 1808 τόπῳ,
3722 1741 3815 1793 καὶ
3837 1741 4010 1794 6:60-4-

2430 1831 2604 1900 λήτως
2633 1829 2746 1897 ἔχει
2778 1830 2913 1897 πρὸς
2942 1829 3040 1898 τὴν
3077 1829 3186 1882 τῶν
3223 1829 3491 1898 λειψάνων
3544 1833 3876 1900 μεταφορὰν,
3919 1832 4013 1886 οὔ·

751 1923 1008 1990 deinceps
1063 1939 1260 1991 parens
1317 1925 1532 1990 visioni,
1588 1929 1896 1980 construxit
1949 1929 2089 1984 hanc
2131 1931 2323 1994 aedem,

2440 1942 2506 1976 τω
2536 1923 2720 1976 λοιπὸν
2750 1923 3125 1993 πειθαρχήσας
3146 1925 3210 1992 τῇ
3232 1921 3370 1991 ὕψει,
3399 1925 3612 1976 τουτονὶ
3630 1924 3722 1976 τὸν
3752 1928 4012 1992 προσκεί-

751 2029 872 2081 qua:
900 2014 1000 2066 sita
1026 2024 1109 2069 est
1140 2031 1306 2085 prope
1333 2019 1594 2086 templum
1642 2021 1894 2091 martyris
1942 2021 2142 2078 lrenes.
2173 2024 2328 2089 Quod

754 2110 870 2160 haec
899 2107 1040 2160 :cdes
1081 2118 1261 2163 autem
1312 2111 1555 2180 sitgrata
1608 2115 1850 2184 martyri,
1903 2132 1999 2186 per
2031 2118 2195 2170 multa
2228 2119 2329 2172 hoc

753 2201 902 2259 signa
938 2199 1226 2270 significat,
1260 2201 1542 2256 evidenter
1578 2220 1867 2274 apparens,
1897 2219 1951 2262 et
1988 2226 2180 2280 magna
2231 2212 2330 2264 mi-

756 2293 937 2345 racula
980 2294 1198 2348 assidue
1243 2295 1502 2362 efﬁciens,
1550 2307 1605 2351 et
1653 2314 1682 2352 a
1733 2300 2071 2355 daemonibus
2110 2305 2329 2371 quidem

753 2380 992 2434 liberans
1023 2397 1117 2435 eos
1141 2383 1232 2451 qui
1271 2385 1338 2438 ab
1361 2385 1442 2438 eis
1468 2386 1817 2442 detinentur:
1851 2390 2125 2462 naufragis
2149 2406 2330 2448 autem

755 2472 950 2526 fluctus
992 2475 1209 2536 sedans,
1261 2487 1313 2529 et
1364 2489 1652 2532 ventorum
1700 2481 1960 2535 s:evitiam
2005 2485 2328 2554 increpans:

755 2580 850 2617 eos
875 2567 966 2634 qui
1003 2567 1249 2620 molestia
1299 2568 1626 2635 afﬁciuntur,
1673 2574 1983 2638 consolans,
2016 2586 2070 2629 et
2103 2578 2333 2632 tristitia

757 2673 950 2713 causas
993 2659 1073 2714 eis
1124 2661 1391 2726 adimens,
1448 2673 1501 2716 et
1551 2665 1747 2733 alioqui
1801 2668 2189 2736 mgrotantibus
2241 2681 2336 2725 aut

758 2751 1044 2818 egentibus
1070 2768 1154 2815 ea,
1191 2769 1308 2819 qua!
1342 2765 1467 2809 sunt
1497 2757 1698 2826 gravia,
1732 2774 1946 2813 cessare
1987 2761 2190 2816 faciens
2222 2780 2234 2815 :
2280 2773 2334 2817 et

756 2855 877 2908 quae
911 2841 1049 2895 bona
1079 2852 1228 2904 sunt.
1261 2849 1529 2913 przebens.
1565 2846 1690 2903 "me
1730 2866 1851 2904 cum
1887 2868 2116 2922 magnus
2158 2854 2335 2922 perfe-

757 2934 924 2986 cisset
954 2933 1279 3001 Marcianus,
1324 2947 1378 2990 et
1424 2939 1506 2993 bis
1545 2942 1706 2993 veluti
1751 2942 1870 2997 aliis
1921 2946 2090 2999 muris
2131 2949 2332 3014 aureis,

759 3034 984 3078 ornatus
1018 3026 1186 3094 gratia
1229 3037 1284 3082 ct
1325 3031 1653 3096 securitatis,
1695 3032 1969 3088 civitatem
2003 3038 2335 3106 decorasset,

760 3117 1004 3170 dissolvit
1043 3118 1206 3171 vitam
1249 3120 1303 3173 in
1348 3121 1614 3190 profunda
1663 3135 1970 3190 senectute,
2019 3130 2335 3199 priusquam

2433 2031 2596 2081 μενον
2619 2011 2696 2082 τῷ
2734 2015 2833 2084 τῆς
2853 2012 3132 2082 μάρτυρος
3177 2013 3415 2083 Εἰρήνης
3459 2014 3574 2082 ναῷ
3602 2015 4014 2068 κατεσκεύασεν

2430 2104 2600 2158 οἷκον.
2633 2106 2756 2158 Ὅτι
2803 2105 2987 2174 μέντοι
3035 2106 3433 2175 κεχαρισμένος
3479 2106 3508 2159 δ
3545 2101 3691 2171 οἶκος
3736 2104 3894 2171 οὗτος
3934 2109 4015 2179 τῷ

2435 2200 2692 2269 μάρτυρι,
2731 2197 2894 2251 τοῦτο
2933 2198 3020 2251 διὰ
3056 2197 3268 2251 πολλῶν
3319 2198 3561 2252 δείκνυσι
3607 2200 3712 2253 τῶν
3765 2205 4015 2273 σημείων

2433 2291 2700 2361 διαδήλως
2735 2291 3181 2360 ἐπιφαινόμενος,
3217 2290 3400 2344 καὶτὰ
3424 2291 3633 2360 μεγάλα
3661 2292 3768 2344 τῶν
3795 2293 4018 2362 Θαυμά-

2431 2400 2540 2435 των
2576 2381 2814 2452 συνεχῶς
2867 2381 3260 2451 ἐργαζόμενος,
3297 2384 3391 2436 καὶ
3434 2384 3710 2452 δαιμόνων
3749 2385 3847 2454 μὲν
3879 2388 4019 2438 ἁπο-

2432 2469 2573 2524 λύων
2616 2475 2741 2535 τοὺς
2796 2473 2887 2526 ὑπ’
2924 2473 3148 2526 ἐκείνων
3195 2477 3663 2544 κατεσχημένους,
3710 2478 4015 2544 ναυαγοῦσι

2433 2565 2488 2618 δέ
2518 2565 2738 2634 κύματα
2787 2565 3066 2636 πραΰνων,
3105 2567 3198 2619 καὶ
3251 2567 3473 2637 ἀνέμων
3518 2570 3787 2640 ἐπιτιμῶν
3827 2573 4020 2639 ἀγριό-

2435 2675 2595 2727 τητι,
2631 2659 3009 2729 λυπουμένους
3050 2660 3410 2730 παρακαλῶν,
3453 2663 3547 2715 καὶ
3592 2662 3660 2714 τὰ
3688 2665 3783 2732 τῆς
3836 2663 4020 2732 λύπης

2439 2747 2743 2819 περιαιρῶν
2767 2750 2951 2812 αὐτοῖς
2973 2749 3149 2811 αἴτια,
3182 2751 3293 2812 τοῖς
3320 2752 3422 2818 μὲν
3461 2752 3637 2814 ἄλλως
3681 2770 3740 2805 τε
3769 2753 4022 2805 νοσοῦσι-δ

2436 2838 2470 2908 ἦ
2490 2839 2770 2908 δεομένοις
2801 2843 2870 2893 τὰ
2900 2841 3112 2911 χαλεπὰ
3142 2841 3352 2906 παύων,
3379 2843 3474 2895 καλ⁹
3503 2843 3571 2895 τὰ
3611 2846 3824 2913 χρηστα
3860 2860 4020 2912 παρ-

2439 2933 2718 3001 εχόμενος.
2772 2931 2960 2986 Ταῦτα
2987 2935 3016 2986 ὁ
3061 2934 3232 3002 μέγας
3277 2934 3618 3005 Μαρκιανὸς,
3657 2937 3750 2988 καὶ
3796 2937 4014 2999 τούτοις

2437 3022 2624 3093 ὥσπερ
2659 3024 2866 3093 ἐτέροις
2912 3027 3133 3093 χρυσοῖς
3185 3025 3388 3093 τείχεσι
3437 3027 3642 3094 κόσμου
3676 3027 3774 3078 καὶ
3838 3033 4026 3094 ἀσφα-

2439 3114 2584 3176 λείας
2615 3115 2776 3168 ’ἐνεκα
2811 3117 2907 3185 τὴν
2933 3115 3088 3168 πόλιν
3110 3116 3603 3185 καταλαμπρύνας,
3637 3119 3902 3170 καταλύει
3931 3124 4024 3169 τὶν

762 3211 996 3264 maximo
1028 3211 1224 3280 templo
1262 3212 1444 3267 lrenes
1473 3215 1772 3271 celebraret
1804 3221 2044 3274 encaenia
2075 3242 2087 3276 :
2119 3223 2218 3276 boc
2247 3240 2336 3277 ve-

2445 3205 2558 3274 βίον
2594 3207 2649 3256 ἐν
2683 3207 2842 3275 γήρει
2871 3205 3046 3274 βαθεῖ,
3081 3207 3211 3275 πρὶν
3245 3207 3387 3276 ἢτὸν
3418 3209 3771 3279 ἐγκαινισμον
3800 3211 4026 3262 τελέσαι

763 3301 858 3354 Ιιιιί
896 3303 1191 3356 excedendi
1235 3305 1544 3374 appositum
1579 3309 1856 3377 quidpiam
1889 3312 2134 3368 elocutus
2163 3333 2175 3368 :
2211 3316 2334 3370 [hec

761 3393 921 3445 ambo
972 3395 1024 3446 in
1069 3410 1264 3449 manus
1311 3408 1431 3450 tuas
1464 3402 1806 3468 commendo,
1841 3403 2089 3466 Domine,
2141 3423 2335 3476 nempe

761 3484 994 3539 animam
1025 3504 1184 3556 quam
1215 3489 1330 3557 ipse
1371 3492 1590 3552 creasti,
1639 3501 1693 3545 et
1743 3495 2022 3563 templum,
2062 3499 2201 3564 quod
2239 3516 2336 3569 ego

763 3587 853 3628 tua
883 3576 1156 3631 voluntate
1187 3580 1489 3631 construxi.
1528 3581 1659 3643 Qum
1693 3597 1816 3635 eum
1857 3585 2100 3652 dixisset,
2144 3589 2335 3644 deces-

764 3670 834 3722 sit
864 3668 1074 3724 decimo
1103 3670 1305 3724 mensis
1332 3669 1596 3726 Januarii.

838 3847 977 3903 XVI.
1015 3848 1302 3902 Concurrit
1325 3857 1503 3903 autem
1527 3850 1778 3905 universa
1803 3852 2014 3914 civitas,
2039 3852 2336 3907 deductura

771 3940 1042 4008 reliquias,
1078 3940 1298 4008 ipseque
1324 3942 1412 4009 qui
1445 3949 1572 3994 tunc
1599 3952 1713 3995 erat
1746 3944 2003 4012 pontifex.
2031 3956 2084 3998 et
2111 3947 2340 4013 (μιῇ-ιιι.-

766 4049 871 4099 quc
901 4041 1058 4085 erant
1101 4034 1263 4086 sortis
1296 4033 1696 4097 ecclesiasticm,
1740 4044 1793 4088 et
1829 4036 2116 4089 multitudo
2152 4055 2341 4091 mona-

766 4126 1014 4183 tborum.
1047 4137 1102 4176 et
1134 4134 1309 4177 ccetus
1337 4125 1686 4176 honestarum
1723 4126 2029 4185 mulierum.
2061 4137 2111 4179 et
2139 4144 2199 4180 ex
2235 4145 2344 4180 ma-

767 4216 1098 4283 gistratibus,
1139 4226 1404 4284 quotquot
1439 4226 1598 4268 erant
1647 4217 1714 4282 pii
1762 4232 1824 4269 ac
1868 4219 2123 4286 religiosi.
2167 4219 2341 4288 Atque

769 4322 948 4358 sacras
976 4307 1195 4374 quidem
1232 4307 1350 4374 ejus
1388 4307 1640 4375 reliquias
1679 4307 1902 4360 Joannis
1936 4308 2190 4374 Baptista:
2225 4325 2341 4361 mo-

771 4398 1088 4461 nasterium,
1137 4399 1280 4465 quod
1328 4399 1487 4450 etiam
1531 4399 1729 4451 dicitur
1773 4399 2027 4461 Daniclis,
2077 4400 2339 4468 suscipit:

769 4488 908 4556 quod
953 4488 1112 4540 situm
1161 4496 1244 4542 est
1289 4504 1456 4558 prope
1500 4489 1741 4542 divinum
1793 4491 2052 4558 templum
2101 4493 2342 4559 praeclari

773 4584 1020 4653 martyris
1075 4583 1231 4636 Mocii
1282 4600 1294 4636 :

771 4676 914 4729 illius
949 4692 1162 4740 manus,
1206 4677 1310 4739 vel,
1349 4687 1408 4730 ut
1448 4677 1628 4729 verius
1671 4677 1866 4737 dicam,
1907 4678 2190 4746 propositi.
2227 4678 2346 4743 Quo

770 4766 987 4833 quidem
1017 4767 1069 4818 in
1104 4768 1222 4820 loco
1259 4767 1311 4820 in
1345 4768 1663 4820 hodiernum
1711 4783 1882 4831 uSque
1912 4769 2052 4821 diem
2087 4771 2346 4838 praclare

771 4868 821 4909 rt
852 4858 934 4925 pie
961 4857 1080 4925 ejus
1107 4860 1362 4910 memoria
1391 4858 1713 4911 celebratur.
1750 4857 1902 4910 {Edis
1931 4868 2110 4911 autem
2140 4874 2347 4930 magna:

775 4947 977 5005 Irenes.
1030 4963 1192 5017 quam
1245 4949 1359 5016 ipse
1405 4948 1579 5002 fuerat
1626 4947 1941 5013 fabricatus,
1988 4951 2221 5004 maxime
2262 4953 2347 5020 pia

778 5038 970 5091 Verina
1006 5040 1090 5106 (ea
1137 5049 1317 5093 autem
1362 5052 1477 5094 erat
1521 5057 1654 5093 uxor
1684 5041 1858 5111 Magni
1907 5043 2124 5104 Leonis)
2162 5059 2346 5098 curam

777 5131 1022 5201 suscipit.
1055 5131 1186 5196 Quae
1215 5133 1454 5202 quidem.
1482 5149 1602 5201 quae
1628 5134 1677 5186 ei
1708 5135 1772 5187 ad
1811 5148 2192 5190 ornamentum
2253 5138 2350 5191 de-

777 5234 955 5285 erant,
987 5224 1174 5292 implet
1212 5225 1907 5298 diligentissime,auroque
1952 5239 2150 5282 tectqu
2193 5239 2351 5284 ornat

779 5316 1083 5385 magnifice.
1121 5315 1246 5371 Haec
1291 5327 1472 5371 autem
1509 5319 1768 5382 declarat,
1818 5338 1940 5391 qua:
1986 5323 2096 5377 illic
2143 5331 2225 5376 est
2268 5323 2350 5376 in-

773 5408 1024 5476 scriptio.
1053 5408 1262 5478 Templi
1297 5426 1425 5464 vero
1465 5414 1705 5466 encaania
1750 5414 2043 5482 quotannis
2086 5430 2351 5484 peragun-

782 5507 869 5548 tur
899 5496 1160 5550 vicesimo
1179 5498 1444 5554 Januarii.
1469 5504 1590 5567 Quo
1621 5512 1861 5572 tempore
1887 5520 2114 5574 magnus
2137 5520 2353 5574 quoquc

780 5597 865 5639 est
898 5600 1198 5640 concursus
1226 5590 1609 5655 multitudinis,
1642 5606 1697 5645 et
1739 5591 1995 5661 frequens
2027 5593 2078 5646 in
2111 5609 2206 5647 ore
2237 5610 2354 5647 om-

791 5680 939 5728 nium
979 5677 1300 5733 derantatur
1349 5679 1672 5744 Marcianus,
1725 5693 1979 5752 tanquam
2026 5685 2169 5738 illius
2218 5686 2354 5739 ﬁlias

783 5766 898 5821 huic
933 5767 1042 5821 duo
1089 5771 1283 5840 templa
1326 5772 1545 5827 vidente
1580 5774 1946 5841 multitudine,
1990 5785 2043 5829 et
2077 5775 2196 5843 ejus
2238 5794 2349 5830 me-

783 5861 1006 5916 moriam
1041 5878 1136 5932 per
1170 5879 1231 5918 ca
1280 5877 1574 5923 renovantc
1609 5888 1618 5923 :
1665 5869 1798 5923 adeo
1829 5879 1884 5922 ut
1933 5870 2174 5924 nonnulli
2213 5870 2351 5923 inter

1351 4583 1493 4651 quod
1552 4584 1725 4652 ipsum
1785 4600 2000 4652 quoque
2053 4585 2153 4638 fuit
2207 4601 2342 4655 opus
2376 4590 2418 4645 Il

2440 3298 2518 3367 τῷ
2549 3298 2791 3368 μεγίστῳ
2844 3299 2940 3367 τῆς
2997 3299 3232 3367 Εἰρήνης
3276 3299 3389 3368 ναῷ
3416 3316 3429 3328 ο
3460 3299 3620 3352 τοῦτο
3668 3302 3924 3372 καθάπερ
3975 3320 4027 3354 τι

2437 3391 2794 3460 ἀλεξητήριον
2821 3390 3137 3460 προσειπών
3161 3394 3393 3460 ’Ἄμφω
3413 3390 3582 3444 ταῦτα
3606 3393 3687 3456 είς
3717 3397 3906 3462 χεῖρας
3928 3398 4027 3458 τὰς

2442 3484 2540 3545 σάς
2569 3483 2940 3554 παρατίθημι,
2965 3483 3164 3552 Κύριε,
3191 3484 3255 3552 ἦν
3289 3500 3345 3535 τε
3378 3483 3557 3554 ψυχήν
3576 3485 3738 3546 αὐτὸς
3773 3487 4027 3550 ἔκτισας,

2441 3575 2534 3627 καὶ
2567 3575 2624 3627 ὃν
2649 3576 2758 3643 ἐγὼ
2787 3575 2914 3628 ναὸν
2934 3576 3012 3644 τῷ
3037 3575 3115 3644 σῷ
3139 3575 3443 3644 βουλήματι
3493 3577 3897 3632 κατεσκεύασα·
3933 3585 4031 3632 καὶ

2439 3664 2612 3718 ταῦτα
2663 3667 2832 3719 εἰπὼν
2872 3667 3127 3721 ἐτελεύτα
3155 3709 3170 3733 ,
3231 3667 3565 3737 Ἰανουαρίου
3612 3669 3731 3722 τότε
3786 3669 4030 3738 δεκάτην

2441 3757 2535 3810 τοῦ
2573 3758 2740 3827 μηνὸς
2775 3760 3022 3824 ἄγοντος.

2513 3845 2628 3912 lq”.
2671 3847 2965 3918 Συνέτρεχε
2995 3847 3051 3899 δὲ
3084 3848 3232 3901 πᾶσα
3263 3849 3294 3918 ἡ
3327 3848 3502 3913 πόλις,
3534 3841 3620 3900 οἷα
3654 3847 3754 3919 τὴν
3787 3848 3883 3902 τοῦ
3909 3850 4032 3902 λει-

2441 3939 2614 4007 ψάνου
2663 3940 3002 4008 προπομπὴν
3054 3939 3439 4008 ποιησόμενοι·
3489 3938 3652 4000 αὐτός
3701 3955 3760 3990 τε
3803 3941 3831 3991 ὁ
3869 3957 4032 4008 τηνιο

2445 4027 2619 4080 καῦτα
2657 4028 2968 4098 ἀρχιερεὺς,
3006 4030 3099 4081 καὶ
3136 4030 3330 4098 ὅτιπερ
3375 4025 3442 4098 ἦν
3481 4027 3572 4081 τοῦ
3637 4029 4036 4097 ἐκκλησιαστι-

2447 4120 2544 4172 κοῠ
2608 4119 2834 4189 κλήρου,
2900 4120 3103 4188 πλῆθός
3157 4138 3210 4172 τι
3264 4121 3537 4190 μοναχῶν,
3604 4121 3695 4173 καὶ
3749 4123 4034 4187 γυναικῶν

2446 4212 2661 4281 σεμνῶν
2685 4212 2967 4280 τάγματα,
3007 4213 3102 4264 καὶ
3134 4213 3240 4264 τῶν
3269 4215 3327 4266 ἐν
3360 4212 3505 4265 τέλει
3529 4213 3653 4266 ὅσον
3674 4213 3903 4274 εὐσεϐὲς
3932 4217 4033 4265 καὶ

2447 4304 2710 4371 φιλόθεον.
2765 4306 2840 4358 Τὸ
2890 4306 2986 4373 μὲν
3052 4307 3146 4359 οὖν
3195 4307 3339 4378 ἱερὸν
3370 4306 3536 4360 αὐτοῦ
3573 4308 3885 4383 λείψανονή
3924 4308 4027 4360 τοῦ

2446 4395 2748 4449 Βαπτιστοῦ
2787 4398 3036 4450 Ἰωάννου
3089 4400 3246 4469 μονὴ,
3276 4400 3399 4468 ἣτις
3430 4399 3539 4470 ἄρα
3568 4400 3662 4451 καὶ
3694 4399 3787 4451 τοῦ
3827 4399 4036 4469 Δανιὴλ

2445 4487 2684 4555 λέγεται,
2744 4489 3000 4557 δέχεται,
3040 4490 3209 4557 ἐγγύς
3257 4507 3360 4542 που
3401 4491 3492 4544 τοῦ
3541 4491 3685 4543 Θείου
3740 4491 3873 4544 ναοῦ
3936 4492 4036 4543 τοῦ

2452 4579 2732 4650 μάρτυρος
2760 4581 2984 4634 Μωκίου
3021 4581 3363 4651 διακειμένη,
3397 4583 3556 4652 ἔργον
3591 4584 3684 4636 καὶ
3726 4582 3864 4652 αὑτὴ
3899 4580 4040 4636 οὖσα

2448 4673 2546 4742 τῆς
2576 4673 2786 4726 ἐκείνου
2810 4674 3009 4743 χειρὸς,
3043 4675 3077 4744 ἢ
3115 4675 3315 4744 μᾶλλον
3353 4677 3526 4728 εἰπεῖν
3564 4676 3660 4744 τῆς
3688 4674 4038 4746 προθέσεως.

2453 4765 2620 4817 Ἔνθα
2640 4765 2704 4835 δὴ
2741 4767 2834 4819 καὶ
2863 4769 2944 4829 είς
2975 4766 3132 4836 δεῦρο
3163 4767 3434 4838 λαμπρῶς
3469 4766 3618 4835 αὐτῷ
3641 4767 3732 4818 καὶ
3762 4767 4039 4835 φιλοθέως

2453 4857 2484 4925 ἡ
2521 4859 2709 4926 μνήμη
2731 4858 2991 4912 τελεῖται.
3015 4857 3122 4910 Τοῦ
3155 4859 3210 4910 δέ
3235 4858 3734 4929 δημιουργηθέντος
3775 4859 3934 4927 αύτῷ
3959 4862 4039 4912 οἶ-

2450 4963 2546 4998 κου
2596 4948 2695 5017 τῆς
2747 4951 2992 5018 μεγάλης
3030 4950 3351 5020 Είρήνης,ή
3408 4949 3773 5018 εὐσεϐεστάτη
3815 4950 4043 5019 Βηρίνα

2454 5039 2616 5109 (γυνὴ
2647 5039 2704 5091 δὲ
2746 5041 2888 5111 αὕτη
2942 5041 3035 5093 τοῦ
3071 5042 3310 5110 μεγάλου
3355 5043 3584 5105 Λέοντος
3611 5037 3700 5111 ἦν)
3754 5041 3857 5111 τὴν
3903 5045 4044 5112 πρός

2455 5148 2602 5183 νοιαν
2661 5132 3000 5200 ἀναδέχεται.
3052 5133 3122 5184 Ἦ
3152 5133 3219 5185 τά
3259 5150 3316 5184 τε
3355 5132 3489 5202 πρὸς
3541 5133 3742 5202 κόσμον
3790 5132 4042 5196 ἐλλιπῶς

2458 5220 2651 5292 ἔχοντα
2689 5224 2996 5288 σπουδαίως
3025 5223 3355 5293 ἀποπληροῖ,
3381 5224 3476 5276 καὶ
3506 5224 3604 5294 τὴν
3645 5224 3854 5294 ὀροφὴν
3904 5243 4044 5294 χρυ-

2458 5314 2557 5384 σίῳ
2590 5316 2890 5386 φιλοτίμως
2924 5317 3265 5385 κατακοσμεῖ
3288 5333 3301 5345 ⁸
3330 5315 3424 5369 καὶ
3455 5316 3487 5384 ὴ
3527 5314 3805 5384 ἐπιγραφὴ
3861 5316 4048 5370 ταῦτα

2456 5403 2633 5454 ἐκεῖσε
2656 5402 2788 5470 δῆλα
2814 5407 2979 5457 ποιεί.
3008 5403 3093 5457 Τά
3115 5419 3174 5455 τε
3196 5403 3303 5473 μὴν
3325 5403 3573 5469 ἐγκαξνια
3595 5400 3690 5454 τοῦ
3721 5401 3858 5455 ναοῦ
3897 5404 4044 5456 κατὰ

2454 5493 2551 5565 τὴν
2585 5495 2777 5548 εἰκάδα
2809 5497 2902 5548 τοῦ
2934 5495 3269 5564 Ἰανουάριου
3307 5494 3375 5548 δι’
3402 5495 3556 5557 ἔτους
3580 5495 3850 5546 τελεῖται·
3877 5498 4052 5548 ὁπότε

2455 5587 2516 5657 δὴ
2542 5589 2634 5641 καὶ
2671 5589 2839 5656 πολλὴ
2894 5587 2990 5641 τοῦ
3047 5588 3348 5658 πλήθουςή
3386 5588 3682 5658 συνδρομὴ,
3724 5587 3818 5638 καὶ
3870 5589 4047 5651 πολυς

2455 5682 2832 5752 ὀΜαρκιανὸς
2893 5683 2951 5733 ἐν
3010 5685 3121 5744 τοῖς
3178 5682 3434 5734 ἁπάντων
3496 5681 3680 5752 ᾄδεται
3741 5679 4051 5749 στόμασιν.

2457 5774 2661 5827 ὡσανεὶ⁵
2685 5775 2883 5838 παῖδας
2937 5775 3146 5827 ἐκείνου
3178 5775 3303 5836 τοὺς
3337 5774 3429 5826 δύο
3473 5774 3634 5834 ναοὺς
3666 5773 3758 5824 τοῦ
3795 5772 4056 5842 πλῄθοδς

2458 5865 2726 5937 ὁρώντωνἒ
2765 5867 2857 5920 καὶ
2900 5866 3112 5932 τούτοις
3155 5866 3255 5938 τήν
3291 5866 3415 5937 περὶ
3455 5866 3612 5919 αὐτον
3651 5867 3884 5936 μνήμην
3925 5869 4031 5918 ἀνα
