4128 6488
135 419 211 479 449
1064 415 1236 474 \'-I'I'.~\
1279 416 1339 473 S.
1386 411 1765 472 MARCIANI
1806 408 2302 471 PRESBYTER}.

136 534 363 587 νεούντων
392 548 405 561 ·
446 531 588 584 ὥστε
622 530 778 592 τινάς
815 530 909 582 καὶ
944 530 1243 599 χαριέντως
1269 529 1397 597 πρὸς
1426 528 1690 596 ἀλλήλους
1726 538 1762 587 Α

139 630 205 679 σὺν
248 627 411 693 ἡδονῇ
467 625 688 689 λέγειν⁸
740 624 868 675 16οὒ
931 624 1023 675 καὶ
1084 622 1215 691 άλλη
1270 621 1514 691 Θυγάτηρ
1548 622 1686 688 αὕτη

135 718 202 770 τοῦ
224 719 463 785 μεγάλου
493 714 843 786 Μαρκιανοῦ,
871 715 931 766 τὸ
968 714 1163 777 κάλλος
1193 732 1248 765 τε
1277 718 1372 765 καὶ
1400 713 1498 782 τὴν
1529 715 1691 763 πολυ-

136 813 314 863 τέλειαν
367 810 580 878 ἀδελφὴ
629 810 729 877 τῆς
792 808 1040 877 μεγάλης
1088 807 1472 868 Ἀναστασῖας,
1514 807 1690 875 Ὅπερ

141 905 288 971 μέντοι
320 903 505 972 μόνως
535 903 666 971 περὶ
697 899 790 953 τοῦ
821 900 950 953 ναοῦ
982 900 1081 970 τῆς
1109 900 1261 962 θείας
1290 899 1453 961 αὐτὸς
1480 900 1688 960 ἐκεῖνος

139 1000 215 1066 ἔφη
254 996 646 1058 Ἀναστισίας,
675 994 792 1057 πῶς
822 994 887 1047 ἄν
916 1012 1001 1056 τις
1033 992 1370 1063 παραλιπεῖν
1402 990 1686 1058 άξιιὺσειε;

138 1092 227 1143 nt».
252 1090 363 1159 γὰρ
397 1087 643 1155 συνήθων
683 1086 833 1157 αὐτῷ
860 1104 1005 1149 τινος
1043 1086 1105 1139 τὸ
1137 1086 1271 1138 πολὺ
1309 1086 1409 1151 τῆς
1444 1084 1692 1155 δαπάνης

138 1188 178 1237 ὲν
210 1184 447 1249 θαύματι
472 1181 818 1251 ποιουμένου,
852 1183 1086 1243 ἐκεῖνον,
1119 1180 1179 1232 Εἰ
1202 1180 1259 1232 δὲ
1296 1181 1390 1232 καὶ
1428 1182 1563 1249 πρὸς
1591 1180 1690 1247 γάε⁵

141 1296 230 1346 μον,
252 1279 453 1337 εἰπεῖν,
482 1275 761 1345 θυγατέρα
784 1276 1099 1344 κατεγγυᾷν
1121 1273 1370 1342 ἔμελλον,
1397 1274 1496 1326 οὐκ
1528 1273 1593 1326 ἂν
1622 1272 1690 1326 τά

141 1373 243 1438 πῴς
297 1370 645 1439 εὐπρέπειαν
698 1368 792 1419 καὶ
836 1368 1043 1435 κόσμον
1093 1368 1232 1436 αὐτῇ
1293 1366 1589 1435 φιλοτίμως
1617 1366 1692 1429 ώς

139 1457 252 1529 εἶχον
274 1460 583 1529 παρασχεῖν
614 1459 874 1529 είλόμην;
903 1458 1017 1511 Νῦν
1046 1458 1101 1511 δὲ
1138 1459 1273 1527 πρὸς
1296 1458 1424 1511 ναὸν
1452 1456 1689 1527 Χριστοῦ

140 1555 326 1623 mea;
364 1553 698 1623 προθέμενοι
728 1553 1001 1621 δαπανᾷν,
1036 1552 1132 1603 καὶ
1160 1552 1378 1621 νύμφης
1402 1552 1546 1604 οὕτω
1585 1570 1689 1605 κα-

140 1650 331 1715 λῆςηιιὶ
352 1650 417 1700 το
438 1643 579 1715 αἷμα
611 1647 752 1716 ὑπὲρ
777 1645 944 1699 αὑτοῦ
970 1647 1201 1714 προχέαι
1235 1647 1310 1715 μὴ
1332 1646 1689 1715 φεισαμένης,

137 1740 185 1790 οὐ
209 1738 379 1807 πολλῴ
431 1736 633 1806 μᾶλλον
663 1737 757 1789 καὶ
789 1735 1200 1804 προθυμότερον
1241 1733 1542 1804 ἐμέλλομεν
1558 1735 1693 1785 ἁνα-

140 1828 333 1891 ὶέσκειν,
376 1828 475 1880 καὶ
510 1827 723 1896 κόσμου
766 1825 969 1888 παντὸς
997 1826 1087 1877 καὶ
1115 1823 1264 1894 ὥρας
1320 1825 1414 1877 καὶ
1455 1825 1693 1893 χαρίτων

3277 409 3383 475 δ50

1795 542 1852 580 se
1888 527 2065 594 lepide
2103 526 2287 577 dicant
2323 536 2445 577 eum
2481 522 2798 592 voluptate:
2841 524 2979 578 Ecce
3022 524 3135 577 hzec
3166 540 3380 594 quoque

1793 627 1875 670 est
1920 618 2021 669 alia
2061 617 2165 668 tilia
2204 615 2381 683 Magni
2422 613 2699 679 Marciani,
2734 617 3140 684 pulchritudine
3172 627 3226 671 et
3266 636 3380 671 ma-

1794 712 2104 777 puitieeutia
2142 724 2296 762 soror
2330 725 2538 778 magme
2564 709 2886 764 Anastasiar.
2930 710 3084 775 Quod
3114 723 3263 766 certe
3294 714 3380 765 ille

1793 803 2011 870 quidem
2057 803 2171 870 ipse
2207 802 2551 855 solummodo
2588 803 2654 856 de
2685 802 2867 855 divina
2904 805 3038 858 dixit
3072 809 3377 867 Anastasis,

1793 896 2249 963 quemadmodum
2280 900 2551 951 censuerit
2578 898 2849 967 quispiam
2886 916 3006 953 esse
3056 905 3380 970 pnetermit-

1795 990 2062 1043 tendunt?
2110 990 2241 1043 Nam
2298 1006 2422 1043 cum
2482 992 2699 1060 quidam
2749 1008 2811 1046 ex
2858 994 2975 1063 ejus
3026 994 3380 1049 ftllllillttl’lllth'

1795 1097 2046 1152 magnam
2076 1084 2367 1137 miraretur
2404 1083 2705 1151 impensam
2735 1104 2745 1137 :
2786 1087 2839 1138 Si
2875 1088 3248 1154 desponsurus
3288 1105 3375 1141 es-

1795 1191 1931 1237 sem,
1966 1177 2141 1246 inquit
2172 1177 2278 1235 ille.
2316 1192 2491 1230 meam
2533 1177 2717 1238 tiliam,
2752 1194 2857 1231 non
2885 1196 3003 1248 qua:
3034 1181 3097 1233 ad
3130 1183 3248 1250 ejus
3280 1183 3376 1234 de-

1793 1283 1976 1321 cnrem
2036 1270 2392 1336 pertinerent,
2456 1279 2510 1323 et
2561 1279 2833 1332 ornatum,
2892 1283 3186 1327 statuerem
3245 1278 3374 1328 mihi

1793 1376 1913 1414 esse
1963 1361 2250 1429 praebenda
2307 1376 2469 1429 quam
2534 1378 2748 1430 possem
2804 1366 3385 1433 magniﬁcentissime?

1795 1452 1951 1506 Nunc
2002 1463 2185 1505 autem
2238 1470 2359 1507 cum
2406 1454 2678 1523 impensas
2714 1460 3067 1511 statuerimus
3112 1462 3289 1513 facere
3324 1463 3374 1513 in

1797 1550 2056 1615 templum
2092 1563 2305 1615 sponsa:
2336 1547 2561 1609 Christi,
2598 1559 2649 1602 et
2689 1565 2902 1618 sponsae
2938 1554 3073 1605 adeo
3116 1554 3376 1622 pulchra,

1794 1650 1846 1693 et
1870 1656 1989 1707 quze
2018 1656 2114 1708 pro
2141 1641 2257 1708 ipso
2280 1643 2597 1707 sanguinem
2627 1658 2732 1694 non
2767 1644 2936 1711 possit
2967 1644 3192 1698 fundere
3222 1664 3232 1697 :
3271 1664 3374 1699 nun

1796 1731 1953 1800 longe
1985 1732 2216 1799 amplius
2257 1743 2311 1785 et
2361 1734 2592 1787 alacrius
2641 1750 2829 1788 sumus
2864 1747 3114 1803 sumptus
3158 1738 3376 1794 facturi.

1797 1825 2116 1893 nullumque
2159 1836 2542 1879 ornamentum
2590 1828 2935 1897 speciemque
2970 1840 3022 1883 et
3055 1832 3374 1899 elegantiam

140 1888 373 1973 ἐλλείπειν
406 1919 563 1972 οὐδέν
588 1888 790 1983 ;Ὀῦτω
820 1918 1105 1989 φιλότιμος
1154 1888 1222 1988 ἦν
1257 1919 1314 1971 ὲν
1358 1888 1549 1987 ἔργοις
1578 1918 1692 1980 τοῖς

1807 1917 2261 1985 przetermissuri?
2302 1915 2432 1970 Tam
2464 1918 2782 1987 splendidus
2812 1931 2865 1973 et
2902 1922 3219 1990 magniﬁcus
3262 1937 3377 1977 erat

140 2016 197 2083 τῷ
216 2015 324 2083 Θεῷ
365 2016 549 2083 φίλοις
588 2014 932 2084 Μαρκιανὸς,
979 2014 1072 2064 καὶ
1128 2012 1378 2081 δαπάνης
1429 2012 1692 2081 οὐδεμιᾶς

143 2107 449 2174 ςειόὀμενος.

198 2203 273 2265 ιζ’·
296 2202 405 2253 Καὶ
433 2199 543 2267 γάρ
572 2199 631 2251 οὐ
654 2197 925 2251 τοσούτων
952 2197 1110 2266 μόνον
1145 2197 1401 2265 νεουργὸς
1446 2195 1689 2264 γέγονεν,

145 2294 253 2345 ἀλὶὰ
280 2294 371 2346 καὶ
412 2290 627 2345 πολλῶν
658 2289 836 2344 ἄλλων
871 2288 1032 2359 ἱερῶν
1057 2289 1241 2354 οἴκων,
1272 2289 1331 2339 οὐ
1363 2287 1694 2358 δημιουργὸς

145 2386 297 2451 μόνον,
329 2383 470 2438 ἀλλὰ
501 2382 595 2436 καὶ
626 2379 971 2448 θεραπευτὴς
1024 2379 1299 2431 ἐδείκνυτο
1332 2394 1344 2407 ·
1385 2375 1472 2431 οἷα
1500 2377 1565 2446 δὴ
1601 2378 1695 2431 καὶ

140 2476 214 2528 τοῦ
247 2474 478 2543 μεγάλου
539 2473 811 2541 μάρτυρος
876 2469 1154 2539 Θεοδώρου
1208 2468 1300 2521 τοῦ
1354 2469 1411 2520 ἐν
1498 2469 1696 2522 Ταινά-

144 2588 206 2640 ρῳ
226 2586 241 2601 ·
276 2569 367 2621 καὶ
392 2565 754 2635 Στρατονίκου
808 2564 1084 2633 μάρτυρος
1114 2560 1209 2613 τοῦ
1250 2562 1308 2612 ὲν
1336 2561 1415 2631 τῷ
1467 2560 1690 2632 Ῥηγίῳ.

141 2666 229 2716 Καὶ
262 2663 383 2729 τόγε
442 2659 927 2729 θαυμαστότατον,
988 2657 1181 2724 ὅτιπερ
1238 2654 1411 2717 οὕτως
1472 2656 1528 2707 ὲν
1582 2658 1694 2718 τοῖς

142 2758 277 2823 ἱεροῖς
309 2756 484 2815 οἴκοις
516 2752 615 2823 τὴν
662 2753 819 2821 χεῖρα
840 2748 1153 2817 πολυαρκὴς
1180 2747 1278 2811 ὢν,
1316 2748 1498 2819 πολλῷ
1535 2750 1697 2801 πλέον

139 2850 281 2919 αὐτὴν
321 2849 561 2919 ῥέουσαν
582 2848 640 2899 ὲν
677 2848 798 2909 ταῖς
838 2844 946 2897 τῶν
973 2848 1220 2913 πενήτων
1261 2846 1521 2915 παρεῖχεν
1579 2846 1700 2895 ἑπι-

146 2944 382 3007 μεὶείαις.
440 2942 581 3011 Περὶ
609 2932 672 2992 οὗ
702 2938 799 2991 καὶ
833 2936 932 2990 νῦν
981 2935 1418 3005 διεξοδικώτερον
1463 2938 1491 2990 ὁ
1544 2936 1698 3003 λόγος

138 3034 399 3101 διεξελθεῖν
433 3032 710 3103 βούλεται,
761 3027 902 3081 ὥστε
955 3027 1122 3097 δήλην
1165 3026 1416 3094 γενέσθαι
1473 3027 1547 3097 μὴ
1602 3028 1701 3096 τὴν

142 3134 330 3186 ἐκείνου
367 3131 535 3201 μόνον
558 3128 686 3198 περὶ
741 3127 865 3189 τοὺς
924 3125 1211 3195 δεομένους
1270 3122 1699 3192 φιλανθρωπίαν,

1797 2010 2103 2063 Marcianus
2134 2012 2186 2063 in
2220 2011 2306 2073 iis,
2342 2027 2462 2079 quae
2512 2012 2619 2065 Deo
2648 2025 2796 2077 grata
2849 2024 3027 2080 erant,
3075 2017 3328 2084 operibus
3366 2037 3374 2069 :

1796 2119 1973 2172 neque
2007 2104 2127 2156 ullis
2159 2104 2417 2172 parcebat
2447 2106 2775 2173 sumptibus.

1872 2195 2027 2249 XVII.
2080 2198 2293 2250 Etenim
2336 2212 2443 2250 non
2496 2199 2687 2251 harum
2737 2199 2911 2252 solum
2968 2200 3067 2253 fuit
3110 2202 3375 2261 conditor.

1799 2289 1891 2344 sed
1931 2291 2222 2343 multarum
2259 2305 2475 2359 quoque
2520 2291 2746 2344 altarum
2789 2292 2984 2345 :ediunt
3026 2309 3132 2347 non
3168 2304 3375 2347 tantum

1799 2396 1857 2435 se
1881 2382 2127 2450 pratsutit
2155 2383 2421 2451 opiﬁcem.
2451 2399 2635 2436 verum
2675 2384 2833 2436 etiam
2868 2386 3187 2438 refectorem
3219 2396 3379 2454 atque

1801 2485 2190 2545 rcparatorem.
2236 2476 2305 2530 Ut
2340 2477 2519 2545 magni
2553 2492 2768 2544 quoque
2804 2479 3056 2544 martyris
3083 2477 3373 2539 'Iheodori,

1800 2569 1891 2637 qui
1921 2568 2021 2622 fuit
2050 2569 2104 2620 in
2130 2567 2358 2622 Taenaro
2388 2588 2399 2622 :
2438 2579 2493 2623 et
2520 2568 2810 2623 Stratonici
2856 2571 3125 2639 martyris,
3156 2571 3246 2638 qui
3278 2570 3378 2624 fuit

1804 2662 2019 2732 Rhegii.
2056 2661 2121 2715 Et
2150 2664 2291 2731 quod
2324 2673 2407 2717 est
2452 2664 2621 2733 magis
2650 2664 2983 2725 admirabile,
3026 2680 3147 2717 cum
3194 2664 3245 2717 in
3294 2679 3379 2717 sa-

1803 2754 1910 2808 cris
1942 2754 2148 2808 sedibus
2179 2755 2297 2821 ejus
2327 2764 2471 2809 esset
2506 2772 2699 2809 manus
2740 2765 2845 2809 tam
2882 2756 3136 2817 liberalis,
3174 2772 3236 2809 ea
3266 2767 3382 2809 erat

1806 2849 1975 2902 multo
2016 2848 2185 2917 magis
2228 2848 2447 2917 profusa
2494 2850 2545 2902 in
2591 2866 2719 2903 cura
2768 2850 3002 2920 gerenda
3054 2864 3379 2918 pauperum.

1805 2940 1960 3007 Quod
2000 2943 2219 3010 quidem
2264 2957 2411 2994 nunc
2464 2942 2581 2995 vult
2630 2945 2831 2996 cursim
2885 2944 3136 3011 persequi
3184 2944 3379 3006 oratio,

1806 3035 1942 3091 adeo
1983 3044 2041 3090 ut
2072 3051 2179 3089 non
2215 3036 2389 3088 solum
2440 3037 2720 3091 manifesta
2778 3037 2930 3091 ﬁeret
2971 3038 3117 3091 illius
3156 3039 3208 3091 in
3254 3054 3381 3108 ege-

1806 3145 1906 3183 nos
1937 3128 2262 3198 benignitas,
2296 3133 2391 3183 Sed
2428 3130 2539 3184 haec
2586 3132 2700 3201 ipsa
2748 3148 2963 3201 quoque
2998 3135 3379 3200 beneficentia,

137 3226 251 3276 ἀλλὰ
291 3225 386 3277 καὶ
451 3221 590 3276 αὑτὸ
634 3219 793 3272 τοῦτο
853 3218 913 3271 τὸ
957 3216 1361 3287 φιλάνθρωπον,
1410 3216 1538 3268 οἴων
1597 3216 1703 3284 ἄρα

1807 3220 2055 3289 qualibus
2108 3220 2265 3273 donis
2322 3222 2635 3291 dignaretur
2686 3224 2829 3277 illius
2873 3238 3162 3280 amatores.
3211 3229 3382 3281 Noctu

140 3315 543 3386 τοὺς,ὲραστὰς
577 3312 787 3364 ἐκείνου
848 3309 957 3362 τῶν
1022 3310 1379 3380 χαρισμάτων
1434 3309 1699 3373 καταξιοϊ.

140 3411 353 3481 Νύκτωρ
379 3412 407 3462 6
441 3386 754 3475 θαυμάσιος
778 3403 875 3466 τάς
910 3419 969 3455 τε
1032 3402 1302 3462 πλατείας
1336 3402 1429 3453 καὶ
1454 3401 1581 3462 τοὺς
1607 3401 1704 3468 τῆς

138 3503 320 3565 πόλεως
408 3499 647 3569 περιιών
724 3497 1053 3557 στενωποὺς,
1131 3494 1392 3563 ἐπιμελὲς
1447 3494 1700 3555 ἐποιεῖτο,

136 3596 221 3647 ποῦ
253 3613 383 3649 ποτε
417 3596 493 3649 ἂν
535 3594 630 3645 καὶ
663 3590 815 3661 εὖροι
864 3589 1057 3659 νεκρὸν
1118 3586 1222 3639 ὑπὸ
1282 3585 1483 3654 πολλῆς
1517 3585 1706 3647 πενίας

138 3690 622 3760 παρερριμμὲνοψ
652 3684 750 3739 καὶ
791 3683 865 3746 ὡς
912 3681 979 3735 ἂν
1027 3680 1125 3733 ῑδοι
1179 3679 1442 3741 τοιοῦτον,
1512 3678 1707 3747 ὥσπερ

140 3783 351 3848 μεγάλου
383 3777 547 3840 τινὸς
603 3776 828 3847 κέρδους
877 3773 1151 3843 ἐπιτυχὼν
1212 3772 1465 3841 ἁσμένως
1524 3769 1705 3839 ἑώρα·

136 3874 213 3925 ut
236 3876 443 3942 σπουδῇ
496 3870 697 3932 λούσας
750 3869 843 3921 καὶ
878 3867 1174 3936 ἀμφιέσας,
1220 3865 1314 3918 καὶ
1371 3864 1479 3917 τῶν
1538 3862 1709 3917 ἀλλων

134 3968 184 4034 δὴ
236 3967 341 4019 τῶν
413 3963 832 4032 νενομισμένων
888 3961 1128 4027 ἀξιώσας
1192 3958 1390 4028 τιμῶν,
1443 3953 1561 4010 εἶτα
1618 3956 1711 4009 καὶ

133 4059 300 4130 ὥσπερ
335 4060 436 4112 καὶ
471 4056 660 4121 ζῶντα
678 4054 775 4105 τὸν
795 4052 986 4121 νεκρὸν
1010 4050 1452 4121 προσεφθέγγετο
1474 4065 1486 4075 -
1521 4047 1710 4117 Δεῦρο,

134 4151 306 4217 λέγων,
370 4152 475 4203 καὶ
547 4148 648 4216 τῆς
708 4147 765 4199 ὲν
832 4142 1053 4214 Χριστῷ
1108 4142 1329 4209 ἀγάπης
1385 4139 1713 4209 κοινώνησον

133 4245 266 4309 ἡμῖν,
291 4239 529 4307 ἀδελφά.
564 4235 755 4299 υῦτως
784 4234 975 4295 είπὼν,
1008 4232 1355 4285 ὑπακούοντα
1409 4231 1499 4282 τὸν
1529 4230 1715 4297 κείμε-

134 4352 208 4386 νον
234 4332 414 4405 εἶχεν·
471 4334 738 4385 ἀνίστατο
776 4323 883 4397 γάρ
926 4325 991 4397 (ὦ
1028 4324 1326 4394 θαύματος,
1362 4320 1710 4393 ἀπορῤἠτουί

138 4428 216 4477 καὶ
266 4424 607 4495 Μαρκιανον
648 4419 925 4488 ἠσπάζετο
987 4418 1081 4470 τὸν
1128 4416 1362 4486 χρηστὸν
1426 4414 1527 4483 τῆς
1578 4429 1715 4482 προ-

136 4517 279 4579 νοίας,
310 4515 518 4583 ὥσπερ
555 4511 658 4579 τῆς
692 4509 821 4579 περὶ
846 4508 1027 4570 αὑτὸν,
1053 4508 1154 4560 οὐκ
1203 4507 1432 4569 ἐκεῖνον,
1465 4503 1602 4558 ἀλλά
1624 4505 1714 4555 τὸν

1806 3313 1888 3365 vir
1923 3311 2011 3364 ille
2053 3310 2391 3364 admirabilis
2426 3313 2617 3367 obiens
2643 3313 2848 3382 plateas
2879 3327 2933 3369 et
2959 3318 3197 3372 civitatis
3228 3321 3383 3389 augi-

1805 3410 2017 3473 portus,
2059 3402 2220 3469 hujus
2258 3418 2471 3471 quoque
2513 3420 2698 3457 curam
2734 3408 2975 3475 gerebat.
3009 3406 3191 3461 Sicubi
3229 3412 3381 3463 inve—

1804 3495 1975 3549 nisset
2010 3505 2281 3548 mortuum
2317 3511 2425 3563 prae
2464 3496 2629 3549 nimia
2662 3508 2980 3567 paupertate
3005 3500 3297 3568 abjectum,
3333 3512 3385 3555 et

1806 3589 1962 3655 cujus
1990 3602 2150 3639 nemo
2189 3602 2374 3639 curam
2405 3596 2635 3656 gereret,
2665 3600 2715 3643 et
2746 3606 2907 3657 quem
2942 3593 3100 3645 talem
3138 3593 3381 3653 vidisset,

1808 3692 2064 3748 tanquam
2105 3696 2357 3747 maguum
2401 3682 2615 3749 aliquod
2665 3683 2873 3737 lucrum
2919 3694 3225 3745 assecutus.
3260 3702 3383 3739 eum

1810 3773 2042 3827 libenter
2090 3773 2346 3826 videbat:
2383 3790 2615 3842 cumque
2662 3791 2787 3829 eum
2839 3778 3126 3846 diligenter
3171 3779 3389 3833 lavisset

1810 3876 1864 3919 et
1915 3865 2202 3927 induisset,
2257 3875 2308 3918 et
2366 3865 2467 3917 alia
2518 3866 2663 3933 justa
2708 3884 2809 3936 pro
2856 3884 3006 3923 more
3053 3870 3102 3923 ei
3150 3870 3386 3933 fecisset,

1812 3957 2008 4011 deinde
2043 3958 2207 4011 etiam
2237 3968 2512 4012 mortuum
2537 3970 2791 4028 tanquam
2840 3962 3022 4015 vivum
3073 3963 3388 4031 alloqueba-

1814 4059 1941 4101 tur:
1988 4050 2249 4118 Agedum,
2284 4050 2491 4111 dicens,
2541 4052 2616 4105 sis
2656 4068 2871 4120 quoque
2902 4054 3186 4107 nobiscum
3223 4056 3389 4124 parti-

1812 4156 1939 4210 ceps
1970 4141 2106 4208 ejus.
2136 4158 2257 4211 quae
2288 4151 2371 4196 est
2411 4143 2463 4195 in
2494 4142 2734 4206 Christo,
2768 4145 3065 4199 charitatis.
3098 4146 3227 4210 Qua:
3266 4162 3389 4201 cum

1815 4234 1893 4287 sic
1937 4234 2162 4297 diceret,
2206 4234 2437 4289 habebat
2475 4251 2597 4289 eum
2646 4238 2739 4305 qui
2782 4238 3017 4305 jacebat,
3061 4238 3388 4292 audientem.

1815 4325 2081 4396 Surgebat
2116 4325 2259 4379 enim
2298 4328 2352 4393 (ο
2384 4327 2728 4390 miraculum,
2760 4328 2900 4397 quod
2938 4329 3118 4382 verbis
3148 4346 3253 4382 non
3299 4345 3393 4399 po-

1820 4429 1923 4473 test
1944 4419 2269 4488 explicaril),
2286 4428 2341 4471 et
2367 4419 2569 4473 bonum
2586 4420 3013 4488 amplectebatur
3034 4420 3391 4485 Marcianum,

1820 4526 2003 4565 curam
2032 4526 2152 4580 qua:
2181 4510 2301 4577 ejus
2330 4510 2634 4579 gerebatur,
2663 4525 2769 4563 non
2802 4510 2971 4576 illum,
3003 4514 3094 4566 sed
3114 4512 3394 4565 Christum

134 4608 346 4676 Χριστὸν
380 4607 602 4676 μᾶλλον
636 4602 951 4671 ὑποφαίνων
979 4598 1398 4669 ἀποδεχόμενον.
1456 4592 1568 4650 Εἶθ’
1624 4595 1705 4649 οὓ-

1822 4604 1999 4675 potius
2048 4604 2345 4657 ostendens
2397 4602 2696 4671 suscipere.
2748 4601 2952 4657 Deinde
3000 4604 3078 4657 sie
3126 4612 3392 4665 mortuus,

131 4720 217 4765 τως
248 4706 273 4756 ὁ
306 4700 520 4773 νεκρὸς
554 4696 723 4752 πάλιν
776 4695 967 4764 νεκρὸς
1010 4689 1101 4763 ἦν,
1177 4693 1270 4744 καὶ
1326 4689 1565 4752 τοιοῦτος
1612 4691 1717 4743 ὑπὸ

132 4796 219 4845 τῶν
252 4794 586 4862 παριόντων
633 4788 932 4858 ὁρώμενος.
988 4784 1161 4839 Τοῦτο
1210 4784 1267 4837 δὲ
1299 4782 1580 4853 γνώριμον
1617 4784 1717 4853 μὲν

132 4893 207 4939 καὶ
227 4890 402 4950 άλλως
426 4883 700 4953 γέγονεν,
737 4881 803 4933 ἐκ
842 4879 899 4934 δὲ
927 4878 1122 4931 τούτου
1164 4876 1567 4946 φανερώτερον.

193 4980 291 5034 ιη’.
351 4980 579 5035 Μέσων
652 4972 886 5037 νυκτῶν,
946 4972 1033 5024 ὅτε
1082 4970 1177 5023 καὶ
1220 4973 1453 5039 μάλιστα
1529 4968 1717 5038 μηδενὶ

131 5077 335 5144 ὀςθῆναι
365 5072 547 5143 ᾤετο,
597 5067 738 5136 πρός
765 5082 886 5118 τινα
913 5064 1119 5134 συνήθη
1147 5061 1481 5133 τραπεζίτην
1505 5062 1565 5114 τὸ
1592 5079 1718 5131 χρυο

135 5169 229 5220 πίον
305 5160 694 5224 καταλλὰξων
738 5158 950 5223 ἐφοίτα,
1009 5156 1104 5208 καὶ
1174 5155 1352 5223 κέρμα
1428 5152 1717 5224 λαμϐάνων

133 5261 371 5312 πλειόνων
394 5252 666 5328 χαλκῶν,
723 5249 799 5312 ώς
846 5250 913 5303 ἂν
940 5249 1055 5319 ἔχοι
1081 5247 1240 5302 τοῦτο
1287 5247 1559 5316 διανεῖμαι
1604 5247 1719 5306 τοῖς

135 5356 460 5423 πενομένοις,
539 5350 722 5414 εὐθὺς
786 5348 1037 5419 ἐπανῄει.
1081 5347 1141 5401 '0
1200 5345 1331 5414 γοῦν
1385 5344 1719 5416 τραπεζίτης

134 5452 196 5509 εἰς
221 5450 449 5519 κέρδους
481 5446 786 5517 πρόφασιν
806 5444 867 5495 τὸ
906 5442 1086 5512 ἄωρον
1115 5444 1214 5510 τῆς
1254 5439 1448 5502 νυκτὸς
1503 5438 1719 5508 λαμῦά-

136 5558 243 5604 νων,
275 5542 471 5610 ζυγοῖς
504 5538 737 5599 ἀδίκοις
780 5535 907 5595 τοὺς
956 5532 1189 5604 χρυσοῦς
1248 5530 1573 5600 ἑσταθμᾶτο,
1625 5530 1720 5581 καὶ⁵

138 5632 312 5695 ἐκεῖνος
342 5633 510 5685 οὐδὲν
547 5626 865 5693 ἀντιλέγων
894 5624 1006 5678 οὗθ’
1041 5625 1179 5688 ὅλως
1238 5622 1717 5691 ἐξακριῦούμενος,

138 5720 267 5790 (iis;
296 5721 366 5795 ἦν
396 5726 461 5777 τὸ
513 5723 647 5776 πᾶν
697 5720 764 5789 τῇ
822 5716 1126 5787 συνειδήσει
1181 5714 1277 5766 τοῦ
1326 5712 1721 5780 σταθμίζοντος

138 5816 449 5885 ἐπιτρέπων.
515 5814 621 5875 Ὠς
672 5810 728 5864 δὲ
793 5808 1051 5871 πολλάκις
1113 5805 1272 5859 τοῦτο
1320 5805 1631 5875 γενόμενον,
1694 5805 1722 5854 ὁ

143 5906 432 5979 Μαρκιανὸς
458 5908 569 5961 τον
613 5901 699 5975 μὴ
758 5900 1007 5955 συνιέντα
1057 5899 1507 5969 ὑποκρινόμενος,
1569 5894 1720 5949 οὐδὲν

1820 4711 2009 4750 rursus
2044 4704 2163 4748 erat
2198 4704 2445 4749 mortuus
2478 4713 2489 4747 :
2526 4704 2579 4749 et
2609 4696 2729 4748 talis
2763 4696 3050 4748 videbatur
3088 4695 3155 4749 ab
3185 4696 3270 4759 iis,
3304 4694 3396 4764 qui

1818 4797 1972 4842 erant
2008 4786 2350 4855 superstites.
2389 4785 2499 4839 Hoc
2532 4796 2710 4839 autem
2744 4786 2844 4838 fuit
2883 4787 3014 4839 alias
3051 4801 3267 4855 quoque
3301 4801 3396 4841 co-

1817 4881 2072 4951 gnitum:
2108 4880 2201 4934 sed
2236 4895 2301 4934 ex
2343 4879 2447 4933 hoc
2477 4879 2652 4933 evasit
2688 4878 3051 4932 manifestius.

1895 4970 2084 5026 XVIII.
2152 4971 2322 5025 Media
2374 4981 2556 5031 nocte,
2615 4971 2836 5038 quando
2886 4971 3121 5023 maxime
3174 4968 3398 5037 putabat

1820 5061 1935 5116 fore
1963 5072 2023 5116 ut
2055 5077 2084 5115 a
2115 5061 2335 5114 nemine
2370 5060 2665 5121 videretur,
2695 5059 2993 5113 ventitabat
3017 5060 3081 5112 ad
3110 5059 3396 5128 quemdam

1819 5154 2187 5225 argentarium
2217 5153 2318 5206 sibi
2351 5151 2691 5213 lamiliarem,
2723 5160 2782 5203 ut
2811 5166 3003 5203 aurum
3030 5160 3396 5219 permutaret:

1821 5254 1877 5299 et
1900 5244 2175 5313 accipiens
2206 5242 2434 5296 multum
2468 5241 2692 5295 minuta:
2729 5251 2963 5295 moneta
2994 5257 3179 5301 amca}.
3214 5254 3269 5294 ut
3305 5242 3401 5295 ha-

1822 5338 1975 5392 beret
2018 5336 2160 5406 quod
2212 5343 2394 5404 posset
2444 5333 2773 5387 distribuere
2829 5334 3177 5402 pauperibus,
3216 5337 3396 5388 statim

1822 5430 2217 5485 revertebatur.
2263 5427 2620 5497 Argentarius
2652 5436 2832 5479 autem
2872 5426 3140 5479 adhibens
3179 5436 3393 5479 noctem

1824 5523 2260 5592 intempestivam
2303 5521 2369 5574 ad
2411 5520 2546 5574 lucri
2584 5518 2946 5581 occasionem,
2978 5519 3159 5587 iniqua
3195 5519 3399 5572 trutina

1823 5616 2159 5689 ponderabat
2200 5630 2417 5669 aureos.
2463 5612 2554 5666 Ille
2604 5621 2785 5665 autem
2834 5612 2966 5665 nihil
2998 5612 3398 5675 contradicens,

1826 5724 1927 5763 nec
1957 5708 2181 5761 omnino
2217 5715 2473 5773 accurate
2512 5703 2887 5766 considerans,
2922 5713 3107 5771 aperte
3142 5703 3400 5755 ostende-

1826 5802 1916 5856 bat
1951 5815 2009 5854 se
2053 5801 2233 5855 omnia
2264 5800 2580 5869 permittere
2609 5796 2955 5850 conscientia:
2993 5795 3111 5863 ejus
3140 5797 3230 5864 qui
3264 5810 3398 5863 pon-

1828 5894 2073 5950 dcrabat.
2113 5892 2249 5949 Cum
2277 5903 2455 5949 autem
2490 5889 2592 5947 hoc
2624 5902 2766 5959 sape
2801 5885 2973 5955 ﬁeret,
3008 5896 3063 5944 et
3094 5886 3401 5947 Marcianus
