4128 6488
692 430 795 487 451

1931 405 2217 474 ΜΕΝειε
2254 400 2712 465 JANUAIKIUS.

3859 385 3975 447 452

699 543 962 595 simulans
990 554 1048 592 se
1078 553 1182 589 nou
1217 532 1537 601 intelligere.
1572 540 1911 597 nequaquam
1938 521 2119 576 insimt
2143 525 2280 574 taret

2414 513 2629 567 νεκάλει
2658 511 2736 580 τῷ
2763 509 3084 581 τραπεζίτῃ,
3124 506 3290 574 πολλὴ
3316 502 3577 571 ἔκπληξις
3608 494 3751 569 εἶχεν
3780 499 3903 549 αὖτ’
3922 516 3973 556 ν,

698 632 1090 707 argentarium,
1123 643 1246 682 eum
1276 640 1467 693 magna
1497 621 1664 675 subiit
1697 617 2015 671 admiratio:
2041 624 2095 668 et
2120 611 2281 666 simul

701 743 919 796 tempus
974 722 1349 781 considerans,
1415 732 1610 784 nempe
1657 712 1893 766 medium
1955 705 2150 769 noctis,
2214 703 2279 757 ad

707 794 984 867 ini-liorem
1023 810 1174 863 venit
1210 805 1703 862 considerationem
1744 819 1754 852 :
1792 799 2062 867 cicpitque
2101 794 2281 863 suspi-

702 908 814 960 cari
849 907 902 958 id
929 903 1074 973 quod
1110 910 1225 957 erat
1259 897 1473 954 veritati
1504 894 1751 966 propius,
1786 901 1840 945 et
1875 886 2127 943 Marciani
2161 888 2284 939 vita:

702 998 1141 1055 ionvenientius.
1178 994 1380 1051 .Unutn
1422 1001 1569 1044 certe
1615 1003 1680 1041 ex
1733 985 1845 1039 suis
1894 982 2079 1052 pueris
2124 979 2286 1050 jussit

704 1110 829 1148 eum
872 1092 1022 1161 sequi
1064 1087 1457 1158 egredientem,
1495 1091 1553 1137 ut
1595 1080 1780 1140 sciret,
1812 1076 2073 1146 quidnam
2114 1074 2183 1128 ab
2219 1088 2287 1127 eo

707 1191 795 1243 illa
827 1189 1034 1240 minuta
1077 1184 1231 1235 lieret
1265 1178 1516 1248 pecunia.
1568 1174 1752 1243 Neque
1790 1169 1934 1224 enim
1982 1169 2048 1222 ab
2094 1181 2286 1235 argen-

709 1286 844 1335 tario
874 1277 1305 1349 cognoscebatur
1336 1271 1664 1325 Marcianus,
1700 1275 1759 1318 ut
1790 1263 1880 1333 qui
1912 1272 2035 1331 apte
2080 1259 2287 1313 vultum

708 1380 927 1436 celaret,
961 1372 1177 1443 quando
1228 1368 1296 1420 ad
1352 1366 1527 1433 ipsum
1562 1357 1990 1430 ingrediebatur,
2036 1362 2094 1407 ut
2142 1351 2287 1405 illam

709 1470 972 1520 mimum"
1016 1462 1290 1528 acciperet
1329 1454 1639 1525 pecuniam.
1684 1451 1860 1518 Atque
1897 1462 2028 1517 puer
2068 1444 2289 1515 quidem

709 1560 1058 1626 sequebatur.
1095 1553 1388 1620 Postquam
1423 1559 1602 1601 autem
1649 1544 1839 1597 incidit
1870 1541 1950 1594 vir
1980 1540 2197 1595 divinus
2237 1540 2291 1591 in

717 1650 1005 1719 quemdam
1036 1658 1329 1715 pauperem
1346 1648 1621 1693 mortuum
1662 1636 1714 1688 in
1745 1632 2202 1702 lectojacentem,
2238 1638 2294 1683 et

710 1753 992 1811 acceptum
1024 1756 1089 1791 ex
1121 1737 1356 1803 quadam
1392 1730 1658 1800 cauponis
1688 1726 2042 1788 domuncula,
2073 1723 2205 1777 lavit
2239 1732 2295 1777 et

715 1837 932 1889 induit:
978 1843 1033 1886 et
1084 1846 1207 1884 cum
1257 1828 1605 1887 surrexisset,
1657 1834 1741 1875 est
1787 1818 2089 1887 amplexus,
2137 1826 2193 1871 et
2227 1830 2294 1871 eo

712 1929 910 1983 deinde
948 1926 1228 1981 reclinato,
1261 1935 1449 1974 rursus
1476 1918 1607 1970 abiit
1643 1934 1655 1967 :
1707 1928 1957 1983 puerum,
2004 1926 2129 1966 cum
2183 1911 2297 1964 hinc

716 2023 960 2082 vidisset,
991 2019 1184 2071 horror
1216 2014 1433 2072 invasit,
1462 2019 1515 2064 et
1542 2022 1864 2067 conversus.
1889 2020 2051 2076 quam
2092 2003 2295 2058 citissi-

719 2132 803 2167 me
841 2113 954 2166 lieri
986 2109 1178 2177 potuit,
1202 2104 1384 2158 omnia
1412 2103 1651 2156 declarat
1680 2100 1729 2153 ei
1759 2100 1849 2168 qui
1877 2099 2027 2151 illum
2053 2097 2295 2150 miserat.

718 2207 869 2259 lilum
901 2214 1083 2255 autem
1118 2199 1287 2252 subiit
1309 2193 1630 2266 pteuitentia
1658 2207 1870 2256 comm,
1905 2206 2026 2260 quas
2054 2190 2255 2245 fecerat
2283 2209 2295 2243 :

718 2311 770 2353 et
806 2296 949 2367 quod
996 2310 1053 2348 se
1087 2292 1426 2360 iniquissime
1466 2290 1518 2341 in
1560 2295 1811 2341 sanctum
1841 2294 2103 2355 gesserat.
2131 2282 2299 2338 deﬂe-

719 2394 830 2453 bat,
866 2399 919 2444 et
963 2401 1149 2457 ptenas
1195 2382 1445 2437 sumebat
1490 2380 1557 2435 de
1611 2396 1705 2433 sua
1756 2378 2109 2432 conscientia.
2143 2376 2303 2431 Certe

722 2502 844 2540 cum
878 2484 922 2537 is
955 2496 1143 2534 rursus
1184 2476 1448 2538 venisset,
1488 2485 1547 2529 ut
1582 2474 1780 2527 laceret
1814 2471 2027 2530 sitnilia,
2075 2470 2305 2538 procidit

721 2581 769 2633 ei
802 2579 864 2632 ad
894 2578 1081 2646 pedes,
1113 2584 1169 2627 et
1195 2571 1479 2627 confessus
1505 2575 1589 2621 est
1623 2582 1703 2623 ea.
1739 2581 1860 2634 qua:
1891 2564 2030 2619 male
2060 2563 2301 2618 fecerat:

722 2682 774 2726 ιιι
807 2668 1065 2738 quidquid
1099 2680 1193 2734 per
1228 2662 1473 2716 fraudem
1507 2660 1745 2714 lucratus
1778 2657 1973 2721 fuerat,
2013 2670 2304 2710 enumera-

727 2764 818 2816 \ll.
856 2761 932 2815 Ita
963 2761 1104 2812 bona
1130 2767 1317 2809 tacens
1347 2752 1490 2807 actio
1519 2751 1670 2820 plura
1710 2758 1885 2817 potest
1911 2746 2112 2808 facere,
2144 2761 2305 2815 quam

733 2853 1024 2906 verborum
1066 2843 1394 2900 multitudo:
1437 2852 1493 2895 et
1543 2841 1740 2909 quibus
1786 2838 1920 2891 nihil
1950 2845 2177 2907 prosunt
2219 2851 2307 2890 re-

732 2940 1128 3014 prehensiones
1153 2945 1206 2991 et
1239 2935 1542 2997 suasiones,
1577 2932 1642 2985 iis
1685 2945 1823 3000 opus
1868 2928 2140 2983 laudabile
2180 2944 2308 2998 pro-

725 3038 926 3092 cedens
970 3032 1207 3093 silentio,
1239 3038 1294 3083 et
1326 3029 1563 3081 latenter
1605 3024 1984 3079 transmissum
2016 3023 2083 3077 ad
2119 3037 2308 3077 eorum

731 3128 1147 3186 conscientiam,
1192 3123 1444 3175 meliores
1494 3118 1747 3181 reddidit,
1785 3124 1841 3170 et
1879 3116 2082 3179 eﬂecit,
2116 3124 2175 3168 ut
2216 3115 2310 3168 bo-

734 3238 864 3276 num
894 3235 988 3274 sua
1018 3225 1209 3287 sponte
1236 3215 1527 3269 discerent.
1550 3210 1777 3264 Divinos
1799 3218 1981 3262 autem
2004 3206 2309 3262 Marcianus

727 3331 853 3371 cum
889 3312 1116 3367 dixissirt
1144 3323 1201 3362 se
1233 3306 1401 3361 fuisse
1428 3305 1573 3357 nulla
1606 3302 1856 3357 allectum
1891 3301 2111 3371 injuria,
2149 3302 2217 3354 ab
2244 3315 2309 3353 eo

731 3407 873 3476 quod
903 3404 1153 3465 dabatur,
1188 3410 1243 3453 et
1280 3398 1371 3468 qui
1404 3397 1567 3451 dabat
1613 3410 1670 3449 se
1709 3394 1967 3464 deinceps
2000 3393 2261 3447 abstinuit
2295 3411 2307 3446 :

731 3513 840 3551 non
868 3506 1125 3562 tanquam
1151 3491 1457 3560 improbum
1481 3487 1713 3555 aliquem
1738 3500 1994 3540 aversaris
2023 3499 2037 3537 :
2069 3484 2143 3537 illi
2166 3483 2310 3537 enim

735 3607 841 3645 non
866 3591 1041 3643 solum
1073 3586 1299 3656 ignovit,
1336 3583 1432 3638 sed
1469 3583 1633 3636 etiam
1673 3578 1952 3650 professus
1990 3588 2072 3631 est
2102 3592 2160 3631 se
2188 3592 2311 3631 eum

735 3685 938 3736 habere
971 3679 1358 3733 amicissimum
1393 3694 1404 3728 :
1438 3676 1530 3729 sed
1559 3684 1671 3727 toto
1712 3672 1846 3741 pede
1877 3671 2115 3743 fugiebat
2139 3684 2316 3724 cram-

737 3777 861 3835 ben,
911 3787 975 3826 ex
1024 3785 1162 3822 vana
1215 3768 1383 3838 gloria
1429 3774 1864 3836 proserpentem,
1896 3770 1953 3814 et
1990 3774 2101 3813 non
2131 3759 2316 3812 volens

734 3880 829 3920 sua
857 3861 1016 3916 alicui
1046 3858 1249 3914 homini
1286 3857 1400 3910 heri
1432 3853 1737 3914 manifesta,
1766 3851 1859 3905 sed
1885 3866 1947 3905 ea
1977 3849 2118 3919 apud
2150 3848 2316 3901 Deum

734 3958 913 4010 solum
944 3966 1237 4021 reponens.
1273 3948 1425 4002 Licet
1454 3961 1582 4017 ergo
1609 3944 1660 3999 ei
1703 3944 1793 4013 qui
1826 3943 1977 4004 velit,
2005 3941 2319 3996 considera-

736 4064 814 4111 re,
843 4045 1103 4115 quidnam
1136 4041 1285 4111 prius
1318 4039 1491 4109 possit
1522 4037 1804 4099 admirari,
1847 4035 2133 4105 insignene
2164 4032 2320 4087 mira-

735 4140 941 4198 culum,
992 4152 1061 4191 an
1116 4134 1491 4189 beneﬁcentiae
1546 4130 1811 4193 studium,
1864 4142 1935 4181 an
1979 4127 2034 4181 iu
2069 4125 2319 4181 universa

736 4230 1141 4286 machinatione
1157 4227 1276 4295 ejus
1299 4226 1467 4279 animi
1491 4222 1895 4279 liberalitatem.
1927 4220 2127 4275 Verum
2141 4219 2321 4273 enim-

739 4338 868 4379 vero
906 4322 974 4377 de
1021 4319 1164 4375 illius
1203 4317 1565 4372 beneﬁcentia
1595 4315 1770 4369 oratio
1803 4311 1948 4367 aliud
1975 4324 2192 4381 quoque
2221 4310 2322 4364 bo-

739 4433 869 4472 num
902 4415 1036 4469 mihi
1069 4423 1290 4466 revocat
1322 4411 1375 4463 in
1412 4409 1752 4463 memoriam.

812 4507 853 4562 Χ
867 4506 954 4560 IX.
980 4504 1105 4559 Hazc
1125 4503 1294 4557 virtus
1319 4500 1367 4555 ei
1394 4510 1555 4554 tanta:
1569 4508 1865 4561 eratcurze,
1885 4506 1945 4552 ut
1962 4498 2185 4567 propter
2200 4509 2320 4550 eam

2387 608 2479 660 καὶ
2511 606 2627 676 ἅμα
2664 606 2763 676 τὴν
2788 602 2939 674 ὥραν
2968 600 3299 655 ἀνασκοπῶν
3353 598 3435 649 ὅτι
3488 597 3586 665 τῆς
3652 592 3846 652 νυκτὸς
3915 592 3977 640 τὸ

2391 698 2743 768 μεσαίτατον,
2781 699 2861 760 είς
2894 694 3181 766 κρείττονα
3206 688 3468 759 λογισμὸν
3499 682 3837 755 ἐχώρει,καὶ
3870 682 3973 741 τὰς

2387 791 2683 861 ὑπολήψεις
2759 788 3084 858 ἐγγιζούσας
3131 781 3245 855 εἶχε
3323 785 3391 852 τῇ
3436 778 3682 849 ἀληθεία,
3742 776 3840 829 καὶ
3890 772 3973 842 τῷ

2386 882 2708 954 Μαρκιανοῦ
2739 882 2839 953 βίῳ
2874 880 3212 952 πρεπούσας.
3274 875 3514 946 Ἀμέλει,
3553 871 3646 924 καί
3684 888 3805 921 τινα
3859 866 3976 921 τῶν

2389 975 2553 1029 αὐτοῦ
2606 976 2814 1028 παίδων
2868 973 3180 1027 ἀκολουθεῖν
3236 968 3489 1022 ἐκέλευεν
3546 962 3696 1033 αύτῷ
3743 960 3976 1024 ἐξιόντι,

2389 1070 2527 1125 ὥστε
2563 1069 2753 1140 μαθεῖν
2781 1067 2884 1121 ποῦ
2922 1084 3055 1120 ποτε
3086 1066 3195 1135 ἄρα
3223 1064 3291 1117 τὰ
3312 1061 3406 1115 τοῦ
3461 1060 3734 1130 κέρματος
3771 1047 3976 1121 ἐκεῖνῳ

2389 1164 2679 1234 χωροῦσιν.
2712 1161 2980 1231 Οὐδαμῶς
3002 1161 3111 1229 γὰρ
3141 1156 3393 1226 ἐπίδηλος
3422 1156 3450 1207 6
3502 1148 3817 1221 Μαρκιανὸς
3890 1142 3971 1213 τῷ

2387 1256 2692 1328 τραπεζίτῃ
2722 1255 3011 1325 γενόμενος
3062 1249 3156 1322 ἦν,
3196 1245 3479 1312 ἐπιδεξίως
3529 1245 3629 1315 τὴν
3681 1243 3807 1311 διζιιν
3852 1240 3978 1291 ἑπι-

2392 1349 2784 1421 κρυπτόμενος,
2841 1349 2929 1401 ὅτε
2982 1347 3117 1417 πρὸς
3147 1345 3312 1398 αὑτὸν
3350 1340 3523 1411 εἰσῄει
3567 1339 3627 1391 τὸ
3666 1337 3848 1405 κέρμα
3887 1332 3981 1384 λα-

2392 1444 2527 1497 ϐεῖν.
2557 1440 2616 1494 Ὀ
2642 1440 2740 1511 μὲν
2765 1436 2859 1494 οὖν
2887 1441 3016 1502 παῖς
3051 1436 3358 1507 ἠκολούθει.
3406 1431 3562 1486 Ἐπεὶ⁸
3578 1431 3633 1483 δε
3666 1430 3758 1482 καὶ
3787 1424 3977 1496 νεκρῷ

2393 1537 2589 1607 πένητι
2627 1534 2865 1605 ἐντυχὼν
2892 1535 2921 1587 6
2969 1534 3109 1596 θεῖος
3139 1530 3279 1601 ἀνὴρ
3314 1528 3408 1581 ἐπὶ
3459 1525 3648 1593 κλίνης
3707 1521 3975 1589 κειμένῳ,

2391 1628 2573 1682 λαϐὼν
2619 1629 2680 1682 ἐκ
2706 1644 2853 1690 τινος
2906 1627 3152 1679 οἰκίσκον
3199 1620 3507 1693 καπηλικοῦ
3544 1618 3727 1670 ἐλουσέ
3780 1631 3841 1667 τε
3885 1617 3981 1665 καὶ

2393 1723 2670 1792 ἡμφίασε,
2701 1720 2794 1774 καὶ
2838 1720 3146 1773 ἀναστάντα
3178 1716 3490 1785 ἠσπάσατο,
3527 1712 3619 1766 καὶ⁵
3678 1707 3802 1762 εἶτα
3847 1709 3985 1760 ἀναι-

2396 1809 2584 1873 κλίνας
2616 1805 2772 1871 αὖθις
2798 1808 2998 1879 ἀπῄεισ
3038 1807 3213 1862 ταῦτα
3248 1806 3341 1859 τὸν
3380 1805 3545 1859 παῖδα
3578 1803 3754 1856 ἰδόντα
3799 1800 3981 1869 φρίκῃ

2328 1891 2653 1971 Βκατέσχε,
2708 1902 2804 1954 καὶ
2864 1900 3128 1971 στραφεὶς
3176 1899 3251 1962 ὼς
3314 1897 3478 1967 ταχος
3531 1894 3610 1965 τῷ
3689 1893 3982 1961 πέμψαντι

2403 1995 2578 2047 πάντα
2617 1994 2886 2061 διασαφεῖ.
2935 1993 3039 2045 Τὸν
3084 1993 3138 2046 δὲ
3203 1993 3464 2061 μετάνοια
3508 1989 3616 2042 τῶν
3666 1987 3986 2054 γενομένων

2402 2087 2596 2157 εἰσῄει,
2621 2088 2714 2139 καὶ
2741 2086 2825 2154 ἐφ’
2851 2079 2931 2148 οἷς
2965 2084 3099 2153 πρὸς
3130 2083 3219 2136 τὸν
3246 2084 3391 2135 ὅσιον
3435 2079 3746 2133 ἀδικώτατα
3767 2074 3988 2143 διετέῖη

2406 2180 2751 2249 μετακλαίων
2780 2174 2871 2249 ἦν,
2905 2179 3000 2231 καὶ
3040 2178 3313 2247 τιμωρίαν
3356 2177 3465 2227 ἀπὸ
3514 2172 3605 2226 τοῦ
3674 2168 3985 2228 συνειδότος

2404 2275 2595 2328 ἐαυτὸν
2622 2271 3110 2340 εἰσπραττόμενος.
3171 2267 3408 2334 Ἀμέλει,
3435 2268 3529 2318 καὶ
3550 2262 3991 2332 παραγενομένῳ

2405 2369 2569 2422 πάλιν
2624 2365 2709 2435 ἐφ’
2756 2359 2801 2432 ᾧ
2854 2365 2925 2418 τὰ
2985 2365 3148 2434 ὅμοια
3224 2362 3472 2434 πράξειε,
3545 2356 3889 2428 προσέπιπτε
3927 2371 3989 2405 τε

2409 2464 2519 2524 τοῖς
2542 2460 2751 2513 ἐκείνου
2792 2458 2942 2519 ποσὶ,
2985 2455 3307 2525 διωμολόγει
3338 2456 3404 2507 τα
3431 2451 3741 2523 πραχθέντα
3771 2446 3990 2509 κακῶς,

2406 2553 2639 2607 καὶπᾶν
2686 2550 2749 2603 τὸ
2802 2546 3200 2615 πλεονεκτηθέν
3245 2546 3573 2614 ἀπηρίθμει.
3620 2540 3776 2595 Οὕτω
3836 2539 3981 2606 πρᾶο

2407 2647 2488 2714 ξις
2518 2645 2699 2714 ἀγαθὴ
2723 2643 2983 2696 σιωπῶσα
3007 2640 3206 2710 μᾶλλον
3235 2640 3268 2708 ἢ
3301 2638 3480 2707 πλήθη
3515 2637 3774 2708 ῥημάτων
3801 2631 3997 2683 ἀνύειν

2406 2738 2648 2800 δύναται,
2724 2734 2818 2788 καὶ
2868 2732 2968 2795 οὓς
3028 2734 3242 2802 ἔλεγχοι
3294 2733 3387 2785 καὶ
3441 2729 3789 2799 παραινέσεις
3831 2725 3995 2777 οὐδὲν

2409 2833 2645 2902 ὤνησαν,
2682 2829 2889 2891 τούτοις
2940 2827 3100 2896 ἔργον
3132 2826 3414 2878 ἐπαινετὸν
3459 2825 3675 2894 ἡσύχως
3741 2818 3991 2889 χωροῦν,

2409 2924 2507 2977 καὶ⁸
2534 2922 2753 2991 ἀφανῶς
2783 2918 2961 2973 αὐτῶν
3004 2920 3101 2987 τῆς
3146 2916 3504 2986 συνειδήσεως
3542 2913 3999 2982 παραπτόμενον,

2411 3018 2701 3070 ἐδελτίωσε
2746 3017 2840 3069 καί⁵
2881 3013 3221 3081 αὐθαιρέτως
3286 3010 3623 3079 μεταμαθεῖν
3667 3010 3728 3059 τὸ
3780 3008 4001 3073 ἀγαυὸν

2412 3109 2817 3181 παρεσκεύασε.
2865 3107 2924 3160 ’0
2950 3107 3005 3160 δὲ
3068 3105 3213 3167 θεῖος
3269 3102 3586 3175 Μαρκιανὸς
3653 3100 3819 3170 μηδὲν
3871 3098 4003 3161 +6:-

2415 3204 2616 3273 κῆσθαι
2677 3203 2900 3271 φήσας,
2934 3198 3028 3252 τοῦ
3065 3214 3123 3250 τε
3174 3195 3455 3266 διδομένου
3508 3195 3600 3247 καὶ
3666 3192 3830 3245 αὐτοῦ
3899 3190 4003 3243 τοῦ

2412 3295 2644 3357 διδόντος
2668 3295 2728 3346 τὸ
2756 3292 2940 3345 λοιπὸν
2990 3292 3289 3359 ἀπέσχετο·
3339 3289 3437 3357 ούχ
3483 3288 3557 3349 ὡς
3619 3285 3683 3338 ἄν
3715 3301 3837 3336 τινα
3898 3300 4006 3334 πο-

2413 3385 2577 3454 νηρὸν
2638 3384 3039 3453 ἐκτρεπόμενος
3102 3379 3324 3449 (ἐκείνῳ
3369 3379 3478 3448 γαρ
3525 3379 3584 3430 ού
3659 3374 4009 3443 συγγνώμην

2413 3478 2600 3541 ἁπλῶς
2630 3478 2868 3546 ἔνειμεν,
2903 3474 3040 3528 ἀλλᾶ
3069 3474 3162 3525 καὶ
3200 3472 3453 3539 φίλτατον
3476 3470 3637 3523 αὑτὸν
3661 3468 4011 3537 διωμολόγη-

2418 3590 2508 3625 σεν
2549 3571 2739 3641 ἔχειν),
2773 3570 2885 3623 ἀλλ’
2934 3569 3040 3638 ὅλῳ
3065 3567 3186 3620 ’ποδί⁹
3220 3566 3438 3636 φεύγων
3471 3565 3570 3636 τὴν
3610 3564 3717 3617 ἀπὸ
3759 3564 3855 3629 τῆς
3898 3580 4010 3631 μα-

2418 3668 2574 3728 ταίας
2598 3665 2755 3735 δόξης
2810 3664 3200 3734 παρέρπουσαν
3242 3659 3468 3730 βλάϐην,
3504 3660 3598 3711 καὶ
3646 3660 3746 3710 ούκ
3796 3657 4013 3709 eos)...”

2418 3761 2593 3813 οὐδενὶ
2625 3756 2928 3829 ἀνθρώπων
2956 3756 3024 3809 τὰ
3052 3754 3250 3809 ἐαυτοῦ
3280 3754 3414 3824 δῆλα
3443 3752 3714 3821 γίνεσθαι,
3751 3751 3894 3806 ἀλλὰ
3932 3754 4015 3820 τῲ

2420 3851 2539 3923 Θεῷ
2562 3849 2735 3905 ταῦτα
2763 3850 2911 3919 μόνῳ
2945 3848 3365 3917 ταμιευόμενος.
3419 3846 3656 3915 Πάρεστι
3706 3844 4016 3914 τοιγαροῦν

2419 3945 2497 4013 τῷ
2530 3944 2841 4013 βουλομένῳ
2868 3943 3112 4004 σκοπεῖν,
3143 3940 3196 3993 τί
3223 3956 3308 4001 τις
3334 3938 3598 4008 πρότερον
3619 3938 3731 4007 ἔχοι
3782 3936 4019 4006 θαύμα-

2423 4037 2558 4102 ζειν,
2587 4037 2685 4106 τὴν
2719 4034 2812 4088 τοῦ
2850 4034 3129 4104 θαύματος
3180 4030 3506 4102 ὑπερϐολὴν,
3541 4031 3573 4099 ἦ
3606 4030 3701 4098 τὴν
3741 4032 3873 4098 περὶ
3912 4034 4020 4099 τὴν

2422 4127 2677 4182 εὐποιίαν
2710 4124 2970 4195 σπουδὴν,
3018 4128 3117 4193 τὴν
3156 4123 3257 4193 τῆς
3288 4120 3450 4188 δόξης
3477 4121 3798 4190 ὑπεροψίαν,
3826 4120 3861 4188 ἣ
3914 4121 4023 4189 τὴν

2425 4219 2625 4280 παντὸς
2651 4220 3027 4286 τεχνάσματος
3051 4216 3149 4284 τῆς
3195 4213 3424 4283 γνώμης
3474 4211 3813 4282 ἐλευθερίαν.
3860 4212 4022 4265 Ἀλλ’

2422 4306 2578 4373 οὗτος
2604 4309 2736 4376 γοῦν
2760 4312 2788 4362 6
2812 4309 2911 4379 τῆς
2942 4307 3190 4369 εὐποιίας
3221 4305 3430 4359 ἐκείνου
3472 4304 3630 4373 λόγος
3685 4304 3784 4357 καὶ
3812 4304 4023 4376 ἐτέρου

2425 4406 2525 4475 ἠδη
2558 4402 2965 4471 ἀναμιμνήσκει
2994 4397 3186 4453 καλοῦ.

2497 4498 2599 4551 ιον.
2658 4494 2910 4562 Τοσαύτη
2963 4493 3070 4562 γὰρ
3120 4490 3199 4562 τῷ
3240 4490 3397 4554 ἀνδρὶ
3458 4490 3655 4562 ήπερὶ
3701 4491 3867 4560 τήνδε
3915 4493 4025 4558 τὴν

738 4615 807 4655 ne
826 4600 880 4654 in
897 4597 1245 4653 meretricum
1265 4594 1484 4665 quidem
1506 4592 1696 4647 domos
1711 4592 1898 4645 venire
1911 4589 2307 4660 dedignaretur,

2429 4587 2628 4661 ἀρετὴν
2654 4586 2965 4655 ἐπιμέλεια,
3018 4583 3158 4636 ὥστε
3202 4583 3364 4653 χάριν
3409 4583 3576 4649 αὐτῆς
3627 4584 3718 4633 καὶ
3746 4584 3827 4642 είς
3872 4600 4029 4651 πορ-

739 4705 918 4759 neque
943 4703 1064 4744 eam
1100 4702 1214 4740 rem
1239 4700 1361 4739 esse
1392 4693 1604 4751 turpem
1631 4682 1966 4737 existimaret
1998 4699 2012 4736 :
2046 4681 2141 4735 sed
2169 4680 2235 4734 ad
2257 4681 2322 4734 il-

739 4786 847 4837 lum
875 4785 1072 4852 ipsum,
1106 4794 1269 4849 quem
1298 4774 1870 4847 diligebat.Christum
1899 4773 2171 4842 aspiciens
2197 4781 2323 4827 tan-

742 4890 904 4946 quam
937 4874 1003 4927 ad
1033 4872 1333 4940 exemplar,
1367 4870 1457 4938 qui
1486 4882 1610 4922 cum
1655 4866 1959 4936 publicanis
1983 4873 2040 4920 et
2076 4874 2325 4934 peccato-

742 4972 892 5023 ribus
927 4977 1149 5036 propter
1175 4978 1365 5017 eorum
1397 4961 1626 5015 salutem
1655 4974 1796 5029 saepe
1822 4957 2326 5013 habuitconsuetu-

748 5059 956 5117 dinem,
987 5066 1039 5108 et
1071 5054 1221 5107 malis
1254 5052 1513 5106 suaderet
1540 5050 1881 5110 mulieribus,
1914 5065 2035 5117 qua:
2064 5058 2221 5102 erant
2247 5064 2328 5103 sa-

748 5151 941 5204 lutaria
978 5166 991 5202 :
1020 5149 1218 5216 quibus
1256 5159 1649 5213 nonnunquam
1691 5143 1872 5213 inopia
1904 5153 2022 5196 erat
2050 5157 2212 5197 causa
2243 5142 2325 5196 sui

744 5241 1162 5303 interitus,dum
1185 5239 1405 5300 vellent,
1435 5236 1568 5307 proh
1594 5236 1778 5290 dolor!
1804 5251 1905 5290 suo
1928 5250 2154 5304 corpore
2181 5251 2328 5305 quae-

744 5344 887 5387 stum
937 5332 1135 5386 facere.
1168 5331 1222 5383 lu
1265 5345 1359 5383 eas
1402 5344 1531 5399 ergo
1565 5329 1737 5398 magis
1785 5338 1900 5382 erat
1960 5326 2234 5396 profusus,
2272 5336 2328 5381 et

745 5428 966 5479 dextera
996 5425 1166 5494 magis
1180 5434 1466 5493 promptus
1491 5423 1726 5491 Optimus
1752 5420 2065 5475 Marcianus
2094 5432 2185 5475 :et
2216 5436 2330 5475 ma-

748 5521 889 5573 xime
934 5522 976 5572 si
1009 5518 1323 5587 contigisset
1368 5516 1563 5569 festum
1609 5517 1688 5586 agi
1737 5516 1826 5569 die
1880 5515 2149 5584 sequenti.
2175 5514 2330 5569 Tune

746 5612 893 5662 enim
918 5620 1035 5664 erat
1054 5620 1274 5679 paratus
1300 5608 1449 5676 plura
1474 5608 1555 5661 eis
1573 5608 1832 5675 pra-bere,
1862 5621 2021 5676 quam
2048 5607 2148 5659 ilhc
2175 5614 2328 5658 erant

744 5708 1052 5766 acceptura:
1094 5714 1158 5751 ex
1203 5697 1567 5750 abominanda
1604 5697 1845 5764 nequitia
1884 5717 1897 5750 ;
1940 5695 2325 5765 persuadebat-

743 5804 852 5858 que
879 5791 955 5842 eis
979 5800 1032 5842 et
1064 5789 1140 5842 uti
1175 5789 1412 5852 lavacro,
1441 5797 1496 5843 et
1529 5804 1584 5843 se
1608 5790 1660 5842 in
1682 5780 2014 5858 "sequentem
2051 5789 2192 5843 diem
2221 5804 2329 5843 ser-

749 5896 874 5936 vare
910 5881 1242 5950 inqiollutas,
1271 5891 1324 5937 et
1347 5881 1412 5935 ad
1443 5882 1726 5937 ecclesiam
1755 5883 1950 5937 deinde
1973 5883 2251 5949 accedere,
2274 5893 2322 5937 et

2430 4680 2587 4744 νικας
2615 4679 2793 4741 οἰκίας
2828 4679 3023 4746 φοιτᾷν
3074 4677 3148 4746 μὴ
3204 4674 3491 4739 ἀπαξιοῦν,
3547 4675 3678 4744 μηδὲ
3722 4674 3781 4725 τὸ
3818 4675 4031 4742 χρῆμα

2428 4775 2487 4827 ’ἐν
2530 4790 2583 4824 τι
2617 4770 2727 4823 τῶν
2755 4770 3016 4837 ἀκόσμων
3038 4767 3312 4837 ἡγεῖσθαι·
3359 4767 3474 4820 ἀλλ’
3504 4769 3583 4828 εἰς
3611 4766 3770 4816 αὐτὸν
3796 4768 4029 4819 ἐκεῖνον

2428 4866 2488 4918 δν
2512 4864 2689 4934 ἐφίλει
2716 4861 3158 4933 Χριστὸνῶσπερ
3179 4862 3259 4923 είς
3285 4861 3590 4929 ἀρχέτυπον
3617 4857 3918 4928 ἀφορῶντα
3943 4861 4031 4925 (ὃς

2429 4956 2525 5010 καὶ
2554 4952 2815 5017 τελώναις
2857 4953 2950 5005 ἐπὶ
3000 4952 3246 5022 σωτηρία
3315 4953 3410 5003 καὶ
3468 4936 3821 5019 ἁμαρτωλοῖς
3882 4954 4033 5004 πολ-

2428 5050 2589 5111 λάκις
2615 5046 2910 5117 ὡμιληκὼς
2946 5040 3061 5116 ἦν),
3092 5043 3187 5097 καὶ
3217 5044 3381 5096 αὑτὸν
3409 5041 3626 5110 γυναιξὶ
3676 5042 3923 5110 φαύλαις
3961 5048 4035 5096 τά

2432 5144 2679 5212 σωτήρια
2702 5142 3010 5211 παραινεῖν,
3045 5132 3132 5201 αἷς
3160 5141 3193 5208 ὴ
3232 5139 3437 5209 ἀπορία
3468 5136 3721 5199 ὑπόθεσις
3767 5131 3863 5203 ἦν,
3935 5141 4033 5190 ita

2428 5240 2528 5309 τῆς
2578 5236 2789 5291 ἑαυτῶν
2814 5235 3111 5305 ἐτύγχανεν
3168 5233 3466 5296 ἀπωλείας,
3521 5234 3630 5285 ἀπὸ
3688 5231 3781 5283 τοῦ
3856 5234 4035 5291 ἰδίου.

2431 5332 2531 5402 φεῦ
2556 5336 2567 5385 !
2600 5332 2850 5400 σώματος
2877 5329 3197 5397 πορίζεσθαι
3227 5327 3595 5396 βουλομέναις.
3634 5325 3776 5395 Πρὸς
3805 5327 4036 5390 ταύτας

2431 5424 2721 5495 τοιγαροῦν
2774 5425 2868 5476 καὶ
2922 5422 3123 5487 μᾶλλον
3162 5424 3189 5474 6
3230 5422 3463 5491 χρηστὸς
3514 5419 3581 5473 τὰ
3632 5419 3812 5471 πάντα
3863 5422 4041 5489 Mago

2432 5519 2616 5576 κιανδς
2640 5515 2819 5584 πολλῷ
2849 5517 2989 5587 ῥέων
3018 5510 3086 5585 ἦν
3114 5516 3209 5567 καὶ
3239 5514 3605 5583 ἑτοιμότερος,
3642 5514 3735 5565 καὶ
3773 5514 4039 5579 μάλιστα

2433 5613 2482 5663 εί
2515 5611 2671 5680 τύχοι
2734 5609 2835 5677 τῆς
2882 5608 3144 5675 ἐπιούσης
3188 5607 3379 5677 ἑορτὴν
3433 5606 3679 5673 ἄγεσθαι.
3726 5605 3865 5657 Τότε
3920 5614 4039 5672 γᾶς

2433 5706 2526 5757 καὶ
2559 5702 2730 5756 πλείω
2784 5701 3054 5770 παρέχειν
3089 5701 3123 5771 ἢ
3169 5701 3378 5754 ἐκεῖναι
3408 5699 3507 5766 τῆς
3537 5698 3821 5766 βδελυρίας
3852 5699 4043 5767 ἔμελ-

2432 5796 2523 5847 λον
2558 5792 2859 5861 ἀποφέρειν
2890 5792 3241 5859 ὲτοιμύτει.τος
3296 5788 3384 5860 ἦν,
3431 5789 3639 5858 λουτρῷ
3689 5805 3744 5839 τε·
3798 5793 4041 5858 χρῇςα-

2436 5888 2555 5943 σθαι
2588 5889 2678 5941 καί
2727 5888 3023 5956 ἀμιάντους
3082 5885 3425 5954 ’,ςυλαχθῆναι
3489 5887 3551 5953 τῇ
3595 5884 3716 5948 ἑξῆς
3776 5883 4043 5947 ἔπειθεν,
