4128 6488
126 449 225 510 453

1143 444 1324 504 ‘VITA
1363 445 1429 503 S.
1468 440 1847 504 MARCIANI
1883 441 2387 503 PRESBYTERI.

3282 445 3387 508 454

127 562 215 607 καὶ
246 560 311 625 τῇ
350 556 621 627 ἐκκλησίᾳ⁵
661 572 851 610 επειτα
894 556 1236 626 προσελθεῖν,
1282 556 1379 609 καὶ
1400 557 1510 609 τῶν
1568 573 1700 626 προ-

1808 556 2159 611 recordantes
2208 569 2400 609 eorum
2455 571 2577 626 quae
2635 565 3046 626 prmeesserant,
3111 557 3388 614 horribilis

125 646 398 697 ὶαδὸντων
465 646 901 715 ἐπιμνησθείσας
970 646 1064 697 τὸν
1125 645 1291 711 φόϐον
1342 644 1446 713 τῆς
1545 645 1705 711 γεέν-

125 755 215 806 νης
286 738 530 807 φρικτῆς
606 738 827 799 ἑαυταῖς
876 738 1174 798 ἐπισεῖσαι,
1233 736 1327 788 καὶ
1384 736 1617 805 δάκρυσι
1645 736 1707 788 τὸ

124 828 276 880 Θείον
329 827 752 891 ἐξιλεώσασθαι.
826 822 904 881 OB
946 828 1011 896 δὴ
1072 827 1333 890 πολλάκις
1392 829 1705 898 γινομένου,

128 919 273 971 ἐστιν
298 913 377 973 ὧν
410 924 508 973 καὶ
532 920 793 989 συνήθεια
822 918 916 971 τοῦ
968 919 1136 971 καλοῦ
1196 921 1546 989 κατεκράτει,
1610 923 1708 988 φό-

124 1012 211 1073 ϐος
256 1028 319 1063 τε
374 1010 524 1073 θεῖπς
573 1012 760 1073 αὐταῖς
825 1009 1136 1079 ἐπισκήψας
1192 1009 1606 1078 παρεσκεύαζεν
1645 1011 1706 1063 οὐ

122 1103 397 1172 πορνείοις
460 1104 642 1173 μόνον,
699 1102 833 1155 ἀλλὰ
880 1104 975 1155 καὶ
1028 1102 1197 1155 παντὶ
1231 1104 1424 1172 κόσμῳ
1494 1104 1709 1173 χαίρειν

124 1193 409 1257 είπούσας,
441 1195 524 1256 εἰς
560 1195 903 1264 μοναστήριά
931 1210 990 1245 τε
1032 1195 1124 1245 καὶ
1188 1195 1507 1263 άσκητήρια
1548 1193 1711 1247 εὐθύ-

128 1305 237 1355 μως
281 1288 523 1356 φοιτᾷν·
591 1287 871 1340 πολλαὶδέ
921 1286 1128 1339 τούτων
1181 1288 1277 1339 καὶ
1314 1289 1395 1349 εἰς
1481 1288 1710 1357 Ἱεροσό-

125 1380 262 1445 λυμα
286 1379 535 1447 βαδίζειν
565 1378 835 1446 ἔγνωσαν,
897 1378 995 1439 τὰς
1042 1378 1279 1439 ἐνοδίους
1328 1379 1424 1430 ἀπ’
1496 1378 1707 1431 ἐκείνου

126 1471 366 1532 δαπάνας
421 1469 737 1539 ἀρκούντως
766 1468 1122 1538 ἀπειληφυῖαι
1148 1486 1163 1498 '
1219 1468 1277 1521 αἶ
1314 1469 1408 1521 καὶ
1437 1469 1548 1538 βίον
1601 1468 1710 1538 μά-

124 1564 274 1613 λιστα
323 1563 572 1631 καθαρὸν
604 1562 700 1616 καὶ
720 1560 1001 1615 ἀντίθετον
1037 1565 1100 1615 ἐκ
1132 1561 1428 1631 διαμέτρου
1445 1562 1525 1631 τῷ
1570 1578 1707 1632 προ-

124 1654 338 1704 λαῦόντι
365 1653 800 1722 ἐπιδειξάμεναι,
858 1654 979 1705 οὑδέ
1009 1652 1120 1706 τῶν
1150 1648 1245 1704 τοῦ
1286 1650 1497 1716 ἀγαθοῦ
1545 1651 1709 1704 [lsz-

127 1763 293 1812 ματος
346 1748 712 1815 χαρισμάτων
754 1747 1097 1815 κατέστησαν
1154 1745 1412 1814 ἄμοιροι*
1486 1746 1622 1799 ἀλλὰ
1650 1748 1706 1798 αἱ

127 1837 224 1904 μὲν
256 1838 449 1889 αὐτῶν
478 1841 757 1907 προσευχῇ
792 1837 983 1900 νόσους
1015 1836 1233 1897 ἐλυσυν,
1263 1837 1320 1888 αἱ
1351 1837 1408 1888 δέ
1448 1837 1542 1890 καὶ
1595 1838 1708 1890 δαί-

130 1946 294 1993 ςιονας
330 1930 392 1995 ἐξ
421 1928 752 1998 ἀνθρώπων,
813 1928 906 1991 οὓς
950 1930 1215 1999 πρότερον
1266 1928 1539 1997 ἐπιμελῶς
1592 1929 1710 1981 ἐθε-
1742 1909 1781 1962 Β

129 2021 432 2085 ράπευσαν,
469 2020 668 2090 ῥαδίως
697 2020 1006 2089 ἀπήλασαν.
1062 2020 1247 2073 Ταῦτα
1271 2023 1479 2083 ἐκεῖνος
1514 2022 1612 2091 οὐχ
1633 2022 1708 2085 ὡς

127 2113 184 2160 ἐν
220 2126 307 2172 τις
334 2110 517 2163 ἐποίει
568 2111 675 2164 τῶν
701 2112 916 2180 πλούτῳ
950 2110 1132 2180 πολλῷ
1167 2111 1704 2181 περιαντλουμένων,

124 2204 210 2253 καὶ
263 2204 329 2254 τὸ
383 2202 661 2270 περιττῶς
702 2202 826 2270 ἐχον
880 2202 1167 2254 ἁποκενῶν
1200 2242 1216 2266 ,
1269 2204 1404 2255 ἀλλὰ
1463 2202 1550 2255 διὰ
1609 2203 1707 2272 τὴν

126 2292 321 2362 πολλὴν
389 2294 523 2361 περὶ
574 2293 700 2355 τοὺς
734 2290 1023 2361 δεομένους
1074 2292 1270 2363 ῥοπὴν,
1310 2293 1447 2362 μηδὲ
1503 2293 1702 2358 αὐτῶν,

125 2386 279 2454 ςημὶ,
330 2383 447 2436 τῶν
475 2383 792 2451 ἀναγκαίων
828 2382 1164 2453 φειδόμενος.
1233 2384 1373 2436 Ἀλλ’
1426 2384 1574 2437 ἐστιν
1614 2385 1701 2437 ὅτε

125 2477 210 2527 καὶ
243 2475 280 2529 ἃ.
320 2470 478 2545 εἶχεν
510 2479 569 2528 ἐν
624 2476 815 2546 χερσὶν
847 2476 1164 2546 ἐκφορήσας
1191 2477 1370 2529 πάντα
1403 2478 1500 2530 καὶ
1538 2493 1707 2547 μετα-

120 2572 233 2632 ἱοὺς
268 2569 457 2640 ἐαυτῷ
492 2572 592 2631 τὰς
626 2569 871 2639 χρηστάς
928 2569 1151 2632 ἐλπίδας
1186 2571 1280 2622 καὶ
1316 2569 1377 2622 τὸ
1403 2572 1484 2632 εἰς
1516 2572 1705 2640 χεῖρας

120 2666 328 2734 ἀφορᾷν
380 2665 547 2733 μόνον
596 2664 692 2716 τοῦ
750 2664 886 2717 Θεοῦ
916 2663 1346 2733 κατελίμπανεν,
1376 2663 1517 2717 ὥστε
1565 2664 1703 2733 μετὰ

120 2754 218 2803 τῶν
244 2754 450 2815 ἄλλων,
498 2745 573 2805 ὧν
602 2746 716 2821 εἶχε
744 2752 945 2817 καλῶν,
979 2752 1073 2803 καὶ
1124 2751 1262 2819 πρὸς
1315 2752 1701 2821 ἀκτημοσύνης

119 2844 291 2909 λόγον,
374 2842 570 2914 μηδενὶ
615 2841 724 2896 τῶν
761 2842 1050 2913 πρωτείων
1076 2844 1449 2913 παοαγωρεῖν.

180 3027 263 3083 κ’.
335 3029 579 3099 Σημεῖον
632 3027 690 3080 δὲ
736 3026 831 3081 τοῦ
890 3027 1072 3095 λόγου.
1111 3026 1348 3095 Λέγεται
1398 3028 1511 3097 γὰρ
1538 3026 1612 3088 ὡς
1642 3028 1701 3092 ἐξ

118 3124 305 3191 ἑορτῆς
359 3121 540 3188 ἁγίων
599 3120 955 3191 ὑποστρέφων
1014 3121 1150 3173 ποτὲ
1209 3116 1346 3188 (καὶ
1411 3121 1518 3187 γάρ
1578 3120 1700 3171 οὐδὲ

1809 650 2074 718 gehennae
2102 659 2311 704 metum
2339 650 2442 707 sibi
2474 649 2740 713 incutere,
2768 660 2823 703 et
2849 650 3019 704 Deum
3051 651 3270 719 placare
3303 652 3381 703 la-

1812 738 2036 809 cryinis.
2077 738 2233 803 Quod
2254 739 2471 807 quidem
2498 754 2621 793 cum
2647 754 2789 807 smpe
2817 739 3018 793 factum
3057 750 3222 801 esset,
3254 754 3388 795 non-

1809 831 1987 886 nullas
2013 831 2139 886 boni
2174 831 2425 885 vincebat
2455 830 2821 892 consuetudo,
2853 831 3178 901 divinusque
3198 833 3277 886 eis
3301 834 3388 885 in-

1808 942 2009 995 gruens
2039 936 2221 980 metus
2261 925 2548 987 efficiebat,
2586 933 2645 979 ut
2685 940 2793 977 non
2830 925 3004 978 solum
3036 928 3262 995 stupris,
3290 927 3386 979 sed

1806 1020 1955 1073 omni
1984 1021 2145 1073 etiam
2178 1026 2505 1072 ornamento
2532 1019 2915 1079 valedicentcs,
2951 1019 3016 1071 ad
3050 1020 3381 1073 monasteria

1808 1120 1865 1165 et
1904 1111 2193 1175 asceteria,
2249 1112 2299 1165 id
2328 1120 2429 1172 est,
2465 1111 2580 1163 loca
2625 1111 2677 1163 in
2709 1111 2907 1178 quibus
2938 1126 2995 1164 se
3046 1119 3386 1171 exercerent.

1812 1216 2064 1275 prompto
2106 1213 2161 1258 et
2212 1206 2375 1258 alacri
2415 1205 2668 1257 venirent
2711 1204 2911 1255 animo.
2970 1204 3143 1258 Multae
3172 1220 3389 1273 quoque

1809 1298 1976 1352 exiis
2025 1306 2341 1351 statuerunt
2380 1296 2457 1348 ire
2506 1293 2951 1361 Hierosolymam.
3003 1309 3125 1347 cum
3174 1296 3241 1347 ab
3296 1297 3390 1347 illu

1807 1390 2151 1458 accepissent
2199 1396 2468 1456 sumptus,
2501 1389 2591 1454 qni
2632 1385 2944 1439 sullieerent
2990 1386 3055 1437 ad
3107 1386 3382 1439 viaticum.

1808 1478 1941 1547 Quae
1971 1495 2093 1533 cum
2118 1479 2281 1532 vitam
2316 1478 2551 1531 maxime
2580 1492 2768 1546 puram
2810 1486 2862 1530 et
2893 1477 3059 1545 priori
3092 1492 3155 1531 ex
3184 1477 3388 1530 diame-

1808 1583 1894 1627 tro
1918 1572 2227 1642 oppositam
2280 1572 2672 1631 ostendissent,
2712 1586 2779 1623 ne
2808 1571 2931 1623 boni
2962 1571 3178 1638 quidem
3221 1571 3382 1639 spiri-

1808 1673 1897 1717 tus
1932 1662 2199 1715 donorum
2247 1660 2398 1715 fuere
2437 1669 2690 1729 expertes
2724 1677 2737 1712 :
2768 1660 2860 1713 sed
2900 1660 3019 1713 alia:
3061 1661 3277 1728 quidem
3318 1678 3381 1713 ex

1810 1754 1944 1824 ipsis
1971 1754 2191 1807 morbos
2218 1754 2499 1806 solverunt
2525 1753 2793 1811 oratione,
2830 1752 2947 1806 alia:
2978 1761 3157 1805 autem
3184 1752 3385 1805 dmmo-

1810 1861 1908 1900 nes
1938 1861 2179 1916 quoque,
2205 1859 2343 1914 quos
2373 1846 2527 1913 prius
2556 1844 2849 1912 diligenter
2883 1845 3185 1903 coluerant.
3222 1845 3384 1899 facile

1811 1940 2091 2009 ejecerunt
2133 1954 2199 1992 ex
2236 1937 2567 1991 hominibus.
2621 1935 2745 1990 Haec
2780 1936 2890 2000 ille,
2923 1951 3029 1987 non
3066 1945 3123 1987 ut
3177 1937 3378 1989 faceret

1809 2032 2004 2101 aliquis
2060 2030 2241 2084 exiis
2282 2030 2372 2097 qui
2408 2030 2617 2099 magnis
2657 2026 2885 2081 afﬂuunt
2910 2026 3126 2095 Opibus.
3160 2026 3210 2080 id
3238 2028 3381 2096 quod

1810 2122 2441 2186 redundatexinaniens,
2497 2121 2593 2174 sed
2642 2129 2864 2190 propter
2920 2135 3175 2190 magnum
3237 2123 3380 2190 quod

1806 2216 2090 2287 egentibus
2118 2213 2383 2267 all‘erebat
2430 2212 2708 2273 auxilium,
2745 2211 2962 2279 neipsis
2991 2213 3208 2280 quidem
3261 2229 3383 2280 par-

1806 2322 1938 2360 cens
1971 2305 2317 2359 necessariis.
2377 2302 2486 2358 Sed
2553 2317 2947 2372 nonnunquam
3015 2318 3138 2356 cum
3196 2306 3378 2357 omnia

1806 2398 1970 2453 etiam
2000 2398 2285 2452 extulisset
2311 2406 2367 2449 et
2396 2405 2695 2466 erogasset.
2719 2410 2840 2463 qum
2862 2393 3093 2448 habebat
3119 2396 3170 2447 in
3205 2396 3379 2447 maui-

1804 2491 1927 2549 bus.
1980 2488 2081 2543 sibi
2132 2489 2299 2542 solam
2346 2503 2496 2557 spem
2530 2487 2726 2540 bonam
2758 2494 2813 2539 et
2832 2485 2897 2539 ad
2927 2485 3019 2537 Dei
3053 2484 3227 2538 solum
3260 2500 3376 2536 mas

1804 2596 1908 2635 nus
1932 2578 2202 2648 aspicere,
2235 2578 2576 2646 relinquebat
2608 2576 2784 2629 :adeo
2815 2586 2869 2628 ut
2918 2590 3041 2628 cum
3074 2574 3215 2635 aliis,
3257 2591 3378 2643 qua»,

1806 2673 2037 2727 habebat
2091 2672 2269 2736 bonis,
2322 2672 2487 2725 etiam
2532 2671 2678 2739 quod
2723 2670 2787 2723 ad
2823 2669 2955 2723 nihil
3006 2671 3374 2741 possidentem

1805 2766 2017 2832 attinet,
2046 2765 2251 2834 primas
2276 2771 2458 2832 partes
2487 2761 2619 2815 nulli
2655 2763 2893 2816 cederet.

1874 3026 1992 3082 XX.
2043 3027 2216 3097 Hujus
2246 3037 2425 3081 autem
2452 3027 2594 3096 quod
2622 3027 2762 3091 dico,
2794 3030 3005 3098 signum
3030 3039 3133 3085 est.
3169 3031 3375 3087 Dicitur

1800 3119 1946 3173 enim
1976 3119 2118 3187 quod
2148 3118 2331 3172 afesto
2357 3120 2678 3172 Sanctorum
2721 3128 2999 3173 revertens
3034 3122 3325 3191 aliquando
3360 3143 3373 3177 :

118 3217 215 3267 τῶν
270 3215 540 3269 τοιούτων
595 3214 692 3267 καὶ
738 3214 834 3268 τοῦ
861 3217 919 3267 ἐν
961 3213 1111 3283 μέσῳ
1163 3212 1374 3264 πολλῶν
1402 3214 1576 3264 αἰνεῖν
1607 3213 1697 3264 τὸν

1801 3227 1925 3265 nam
1961 3226 2063 3265 nec
2101 3210 2186 3273 iis,
2218 3225 2319 3265 nec
2344 3210 2578 3275 Domini,
2623 3225 2744 3279 qua:
2772 3210 2830 3264 ﬁt
2870 3212 2927 3265 in
2954 3213 3131 3268 medio
3169 3216 3371 3269 multo-

122 3306 319 3375 Κύριον
354 3304 679 3368 θεοσεϐείας
700 3305 862 3375 χάριν
907 3305 1344 3376 ἀπελιμπάνετο,
1380 3308 1519 3361 ἀλλὰ
1557 3310 1699 3363 κατὰ

117 3399 311 3467 πολλὴν
334 3398 534 3464 ἐφοίτα
580 3395 679 3465 τὴν
720 3395 1026 3466 προθυμίαν
1054 3399 1102 3452 )⁶
1130 3396 1367 3450 ἐπανιὼν
1392 3399 1699 3469 τοιγαροῦν,

118 3492 231 3543 ἐπεὶ
258 3489 473 3561 ὄμϐρον
533 3488 952 3559 καταρραγῆναι
1008 3487 1228 3559 συνέϐη,
1281 3489 1566 3561 διάϐροχος
1606 3508 1699 3560 γε·-

117 3582 303 3649 τονὼς,
335 3582 437 3635 καὶ
470 3576 729 3634 εἰσελθὼν
758 3579 855 3651 τὴν
885 3580 1084 3645 οὶκίαν,
1117 3582 1211 3633 καὶ
1239 3582 1695 3651 ἐγκλεισάμενος,

116 3677 302 3729 ἒπειτα
322 3674 535 3735 ἀποδὺς
557 3674 847 3741 τὸίμάτιον
880 3674 976 3725 ἐπὶ
1005 3673 1248 3743 μετρίοις
1280 3674 1539 3745 ἄνθραξιν
1591 3676 1692 3728 ἀν-

116 3764 419 3835 εξήραινεν.
444 3762 607 3816 Οὕτω
637 3762 695 3815 δὲ
730 3763 1008 3831 συμπεσὸν
1042 3802 1059 3829 ,
1100 3768 1129 3817 ὁ
1191 3764 1314 3817 τότε
1353 3765 1697 3834 θεοφιλέστα-

119 3875 197 3919 τος
247 3856 549 3927 ἀρχιερεὺς
609 3856 947 3927 μετάκλητον
1007 3857 1170 3910 αὑτὸν
1220 3858 1474 3914 ἐποιεῖτο.
1524 3861 1586 3912 Ol
1638 3860 1697 3913 δὲ

121 3951 402 4012 malini;
434 3948 832 4017 κεκλεισμένην
884 3946 1138 4019 εὑρόντες
1192 3950 1293 4018 τὴν
1335 3950 1534 4012 οἰκίαν,
1577 3950 1698 4004 (xo-

119 4042 239 4092 τεόν
264 4057 327 4092 τε
357 4039 463 4106 τὴν
485 4038 678 4106 θύραν,
708 4039 800 4091 καὶ
824 4039 1024 4105 ἐξιέναι
1052 4040 1320 4093 ἐκέλευον.
1352 4041 1455 4093 Τὸν
1476 4041 1533 4094 δέ
1550 4044 1582 4111 ή
1600 4041 1693 4093 τοῦ

118 4132 345 4199 φανῆναι
407 4128 621 4198 γυμνὸν
677 4129 909 4199 αἰσχύνη
982 4130 1119 4182 εἵσω
1168 4130 1349 4199 μένειν
1398 4132 1591 4196 ἐποίει,
1620 4133 1693 4203 τῷ

120 4223 247 4292 μηδὲ
292 4222 491 4292 ἕτερον
524 4220 740 4288 ἱμάτιον
791 4219 940 4289 αὐτῷ
992 4224 1304 4290 προσεῖναι,
1345 4222 1487 4275 ὥστε
1525 4240 1692 4293 περι-

117 4314 416 4382 ςαλόμενον
448 4311 754 4381 προελθεῖν.
810 4311 909 4365 Διὰ
956 4312 1113 4365 τοῦτο
1172 4313 1539 4383 ἐπηγγείλατο
1591 4318 1691 4385 μὲν

114 4408 203 4472 τὴν
226 4407 469 4463 ἕλευσιν,
506 4403 699 4471 ἔμελλε
737 4402 793 4455 δὲ
821 4406 912 4456 καὶ
942 4403 1042 4458 ἐτι.
1098 4398 1192 4467 Εἷς
1236 4405 1345 4457 τῶν
1406 4406 1690 4475 παρόντων

117 4496 545 4566 περιεργότερον
568 4511 621 4545 τι
673 4495 860 4558 ποιῶν,
889 4496 983 4547 καὶ
1031 4496 1135 4564 ὁπῇ
1185 4512 1293 4548 τινι
1339 4495 1429 4548 τὸν
1491 4497 1689 4564 ὀφθαλ-

1805 3318 1948 3367 rum,
1976 3302 2273 3356 laudationi
2330 3302 2538 3364 deerat,
2585 3302 2750 3356 divini
2787 3305 2965 3358 cultus
2998 3314 3052 3359 et
3091 3308 3364 3377 religionis

1803 3395 1993 3464 gratia.
2028 3394 2328 3448 Revertens
2351 3411 2498 3465 ergo,
2527 3397 2783 3465 quoniam
2815 3398 3048 3465 pluviam
3078 3414 3368 3470 erumpere

1801 3483 2120 3553 contigerat,
2165 3481 2500 3536 madefactus
2540 3492 2595 3537 et
2639 3484 2859 3537 domum
2901 3485 3197 3555 ingressus,
3247 3504 3369 3542 cum

1799 3586 1859 3627 se
1905 3571 2211 3627 inclusisset
2242 3582 2515 3625 etveSIem
2559 3573 2815 3633 exuisset,
2854 3576 3035 3642 paucis
3066 3578 3375 3632 exsiccabat

1799 3665 2151 3719 carbonibus.
2218 3663 2427 3719 Accidit
2478 3674 2683 3731 autem,
2730 3674 2789 3718 ut
2830 3663 2921 3720 Dei
2965 3670 3372 3725 amantissimus

1798 3756 2037 3827 pontifex
2062 3767 2192 3811 tunc
2225 3771 2349 3809 eum
2375 3766 2699 3811 accerseret.
2726 3758 2829 3823 Qui
2859 3767 3040 3812 autem
3067 3761 3214 3815 missi
3252 3761 3366 3815 fue-

1798 3859 1941 3913 rant,
1972 3865 2095 3904 eum
2128 3850 2348 3904 domum
2401 3849 2740 3905 invenissent
2789 3852 3050 3910 clausam.
3086 3855 3368 3922 pulsabant

1797 3942 2017 4003 ostium,
2042 3952 2093 3995 ei
2115 3941 2377 4010 jubebant
2399 3942 2602 4012 egredi.
2633 3943 2782 3996 Illum
2806 3959 2932 3998 vero
2963 3946 3155 4013 pudor,
3178 3963 3246 4001 ne
3263 3965 3369 4001 nu-

1796 4031 1898 4085 dus
1953 4031 2243 4093 videretur,
2292 4032 2518 4102 cogebat
2556 4032 2705 4087 intus
2734 4048 2977 4098 manere,
3007 4038 3264 4102 quoniam
3298 4055 3367 4091 ne

1794 4124 1895 4178 alia
1920 4125 2137 4193 quidem
2173 4125 2220 4177 ei
2255 4124 2419 4177 vestis
2445 4123 2653 4189 aderat,
2692 4133 2750 4178 ut
2776 4136 2958 4193 posset
2984 4126 3208 4182 indutus
3236 4143 3366 4197 pro-

1794 4217 1965 4287 gredi.
2026 4217 2092 4269 Et
2132 4216 2252 4270 ideo
2292 4216 2626 4270 renuntiavit
2669 4217 2891 4285 quidem
2934 4234 2993 4272 se
3048 4230 3364 4279 venturum.

1794 4305 1890 4358 sed
1922 4314 2099 4357 tamen
2145 4305 2320 4358 adhuc
2373 4304 2676 4362 differebat.
2708 4307 2882 4361 donec
2912 4323 3053 4362 unus
3083 4324 3147 4361 ex
3177 4309 3241 4363 iis
3269 4315 3363 4379 qui

1792 4398 2033 4462 aderant,
2061 4414 2118 4451 se
2148 4414 2341 4468 gerens
2371 4399 2532 4467 paulo
2555 4400 2844 4462 curiosius,
2878 4416 2998 4455 eum
3030 4402 3123 4455 uni
3147 4402 3356 4457 forami-

1790 4492 1846 4545 ni
1872 4492 2085 4545 oculum
2110 4491 2463 4555 admovisset,
2485 4500 2539 4545 et
2556 4494 2956 4561 contemplatus
2980 4504 3124 4548 esset
3145 4494 3195 4549 id
3217 4496 3360 4564 quod

118 4593 209 4655 μὴν
242 4587 509 4657 προσθεὶς
544 4585 725 4637 καὶτὸ
773 4585 1056 4655 γινόμενον
1116 4586 1469 4655 θεασάμενος,
1529 4588 1690 4651 αὑτός

1800 4582 1975 4643 Iiebat,
2015 4592 2069 4635 et
2095 4582 2211 4651 ipse
2256 4582 2497 4651 repletus
2547 4582 2648 4634 fuit
2684 4582 3060 4647 admiratione,
3098 4594 3150 4637 et
3180 4585 3363 4639 effecit

114 4697 163 4731 τι
196 4680 487 4746 θαύματος
516 4675 841 4746 ἐπληροῦτο,
884 4677 977 4729 καὶ
1016 4678 1141 4740 τοὺς
1194 4678 1386 4740 ἄλλους
1452 4679 1688 4749 μάρτυσι

115 4769 418 4840 χρήσασθαι
461 4768 651 4821 τούτου
693 4769 805 4829 τοῖς
878 4768 1159 4839 σφετέροις
1206 4769 1502 4839 ὀφθαλμοῖς
1544 4789 1684 4842 παρ-

115 4863 436 4913 εσκεύασεν.
498 4859 590 4921 Ὠς
618 4854 712 4911 οῦν
735 4857 995 4926 ἐξέπληξε
1050 4860 1257 4923 πάντας
1273 4860 1332 4912 τὸ
1355 4860 1544 4914 θεαθέν
1594 4865 1689 4915 ἐπα

116 4954 350 5013 ανίεσαν,
379 4950 480 5003 κα)⁵
519 4948 600 5016 τῷ
644 4949 955 5020 πατριάρχῃ
1004 4949 1180 5004 πάντα
1222 4950 1358 5019 μετά
1413 4950 1687 5020 θαύματος

114 5044 419 5110 διεσαμυν.
483 5040 577 5108 Τῷ
601 5040 679 5104 δὲ,
713 5039 811 5109 οὐχ
829 5041 974 5102 ὅπως
1001 5041 1152 5093 οὐδὲν
1181 5040 1498 5111 θαυμάζειν,
1552 5043 1687 5098 ἀλλὰ

116 5136 199 5185 ui
245 5130 573 5203 μέμφεσθαι
637 5130 835 5199 μᾶλλον
866 5129 1049 5194 αὐτοῖς
1089 5131 1268 5202 ἐπῄει,
1302 5134 1349 5183 εἰ
1376 5134 1438 5185 ἐκ
1467 5132 1684 5204 μικρῶν

114 5224 246 5275 οὕτω
288 5222 618 5293 Μαρκιανὸν
675 5221 847 5289 μέγαν
910 5222 1187 5289 ἐγνώκασι
1226 5224 1459 5292 κρίνειν,
1511 5225 1686 5296 παρὸν

118 5322 172 5367 ἐκ
228 5316 450 5369 πολλῶν
505 5313 734 5383 ἐτέρων,
796 5315 891 5366 καὶ
947 5314 1125 5367 οὐδενὶ
1161 5313 1305 5383 ἄλλῳ
1343 5315 1685 5386 κατορθῶσαι

118 5407 328 5476 ῥᾳδίων,
386 5404 706 5475 θαυμαστὸν
755 5404 958 5457 ἐκεῖνον
1004 5404 1311 5473 λογίζεσθαι
1385 5404 1479 5458 καὶ
1510 5407 1687 5476 μακά-

120 5509 242 5558 ρίον.

181 5588 313 5639 KA'.
345 5585 526 5653 Ὅσης
547 5582 606 5635 δὲ
628 5581 727 5652 τῆς
771 5583 951 5647 αἰδοῦς
983 5583 1012 5637 ό
1048 5584 1224 5654 μέγας
1251 5578 1409 5649 οὗτος
1435 5585 1682 5655 ἀπήλαυε

120 5679 259 5743 παρὰ
294 5676 513 5729 πάντων
540 5673 765 5743 ὁμοίως,
797 5673 990 5746 δήμου,
1025 5674 1243 5745 βουλῆς,
1296 5674 1559 5745 βασιλέως
1585 5676 1683 5729 αὖ·

116 5768 228 5828 75,
291 5769 567 5838 μαρτυρεῖ
633 5767 803 5836 μὲνὴ
891 5769 1070 5839 φήμη,
1119 5767 1454 5841 μαρτυροῦσι
1493 5768 1549 5822 δὲ
1589 5769 1683 5822 καὶ
1728 5796 1732 5800 Α

118 5863 157 5907 υἱ
191 5860 553 5913 δυνατώτατοι
579 5857 691 5911 τῶν
723 5857 844 5910 τότε
880 5859 1097 5931 ’Δσπαρ
1135 5861 1230 5913 καὶ
1282 5860 1679 5932 Ἀρδαϐούριος.

1793 4688 1850 4732 ut
1881 4677 1999 4731 aliis
2031 4686 2275 4731 uteretur
2303 4676 2463 4745 hujus
2485 4677 2562 4730 rei
2596 4677 2843 4739 testibus,
2867 4678 2993 4731 dum
3021 4680 3134 4732 suis
3173 4694 3359 4733 cerne-

1790 4779 1911 4823 rcnt
1939 4768 2126 4822 oculis.
2163 4766 2654 4835 Postquamitaque
2690 4766 2744 4819 id
2776 4767 2919 4835 quod
2953 4768 3129 4821 visum
3155 4769 3356 4825 fuerat.

1788 4877 1979 4917 omnes
2008 4859 2481 4928 obstupefecisset,
2517 4859 2721 4913 reversi
2752 4871 2900 4921 sunt,
2947 4871 3001 4915 et
3032 4863 3358 4931 patriarcliie

1789 4968 1912 5007 cum
1964 4951 2324 5006 admiratione
2372 4952 2554 5005 omnia
2584 4967 2867 5020 aperuere.
2927 4952 3004 5006 Illi
3036 4964 3215 5009 autem
3247 4973 3355 5010 non

1788 5042 1949 5096 modo
1989 5040 2201 5094 venitin
2229 5050 2467 5093 mentem
2508 5041 2786 5104 admirari,
2820 5043 2915 5095 sed
2947 5045 3126 5111 potius
3144 5061 3237 5099 eos
3270 5048 3356 5099 in-

1788 5146 2029 5202 crepare,
2077 5130 2219 5199 quod
2250 5146 2317 5184 ex
2351 5131 2488 5185 adeo
2530 5131 2709 5200 parvis
2765 5133 3051 5187 statuerint
3101 5150 3356 5206 magnum

1789 5224 2027 5279 indicare
2060 5221 2415 5288 Marcianum,
2457 5238 2579 5276 cum
2616 5222 2805 5277 liceret
2832 5238 2896 5277 ex
2923 5225 3110 5281 multis
3136 5228 3277 5289 aliis,
3301 5239 3355 5282 et

1786 5330 1904 5384 quae
1930 5314 2111 5369 nullus
2139 5323 2321 5384 posset
2345 5314 2484 5367 alius
2511 5313 2671 5367 facile
2695 5312 2929 5382 edicere,
2960 5316 3110 5372 illum
3146 5319 3344 5375 existi-

1786 5420 1933 5461 mare
1961 5405 2337 5460 admirandum
2365 5414 2420 5459 et
2442 5405 2684 5459 beatum.

1855 5583 2000 5639 XIX.
2017 5583 2225 5651 Quanta
2246 5594 2426 5640 autem
2445 5584 2608 5641 fuerit
2628 5601 2692 5641 ex
2706 5602 2860 5657 atque
2878 5589 3119 5643 omnium
3135 5589 3185 5643 in
3206 5589 3351 5644 hunc

1787 5691 2036 5747 magnum
2077 5676 2401 5740 reverentia,
2436 5676 2644 5747 populi,
2686 5677 2929 5743 inquam,
2950 5687 3006 5731 et
3030 5689 3268 5744 senatus,
3295 5688 3351 5733 et

1786 5768 1957 5836 ipsius
1987 5767 2349 5837 imperatoris,
2387 5776 2615 5823 testatur
2657 5769 2874 5839 quidem
2927 5770 3065 5823 fama
3104 5779 3349 5824 :testan-

1788 5867 1875 5913 tur
1907 5868 2085 5913 autem
2127 5860 2311 5927 etiam,
2347 5860 2436 5930 qui
2475 5869 2602 5915 tunc
2626 5859 2778 5916 fuere
2824 5860 3212 5931 potentissimi,
3245 5863 3349 5915 As-
