4128 6488
729 452 837 517 455

1996 440 2287 501 MENSIS
2321 437 2788 504 JANUARIUS.

3886 427 3994 489 456

735 581 831 632 par
855 574 909 617 et
930 561 1248 616 Adabarius.
1285 559 1383 624 Qui
1407 560 1507 613 etsi
1534 571 1710 613 essent
1734 559 1870 613 mala
1890 557 2150 626 Opinione
2169 571 2306 625 prae-

2436 556 2472 607 )i
2509 556 2683 607 καίτοι
2712 551 2993 615 κακόδοξοι
3047 550 3220 613 ὄντες,
3267 549 3380 611 καὶ,
3417 550 3527 610 τοῖς
3571 545 3746 624 ὀρθῶς
3804 545 3994 611 ἔχουσι

731 657 851 717 diti,
879 666 932 707 et
965 655 1029 705 iis
1055 653 1143 720 qtti
1180 661 1325 705 recte
1363 653 1691 713 sentiebant,
1725 651 2111 712 inimicissimi,
2163 650 2306 703 divi-

735 763 863 801 num
897 756 1077 798 tamen
1133 745 1470 798 Marcianum
1520 760 1587 797 ne
1636 744 1791 797 facile
1842 744 2059 813 quidem
2108 742 2307 796 intueri

736 845 1007 906 poterant,
1069 834 1340 905 insignem
1391 835 1507 904 ejus
1566 834 1821 887 virtutem
1876 842 2311 888 reverentes:et

733 932 852 984 ideo
890 931 961 983 illi
995 944 1247 999 maguum
1280 929 1538 980 honorem
1586 926 1921 989 tribuebant,
1960 936 2016 981 et
2048 926 2309 996 templum

735 1035 943 1089 magna:
982 1017 1302 1080 Anastasius,
1351 1014 1493 1083 quod
1536 1015 1605 1067 ab
1650 1014 1741 1067 illo
1789 1016 1961 1067 fuerat
2009 1014 2310 1078 conditum,

738 1110 985 1177 pretiosis
1025 1108 1162 1161 vasis
1195 1122 1262 1160 ex
1310 1121 1445 1159 auro
1490 1115 1545 1159 et
1576 1118 1799 1175 argento
1829 1104 1984 1159 factis
2015 1106 2311 1159 decorave-

738 1211 882 1253 runt.
920 1200 1009 1252 Ille
1051 1208 1233 1252 autem
1283 1198 1485 1251 donum
1537 1212 1894 1251 remunerans
1924 1238 1937 1259 ,
1988 1198 2229 1251 decrevit
2259 1201 2316 1247 ut

736 1293 929 1345 diebus
947 1290 1308 1351 solemnibus,
1328 1290 1500 1358 patria
1528 1304 1717 1342 eorum
1744 1290 1927 1358 lingua
1957 1288 2138 1359 (Gothi
2170 1289 2315 1343 enim

735 1382 930 1449 erant)
964 1382 1223 1436 divinitus
1256 1381 1535 1450 inspirata:
1589 1379 1883 1449 Scriptura:
1922 1383 1975 1435 in
2006 1396 2073 1436 eo
2114 1382 2314 1451 templo

746 1477 1053 1546 legerentur
1110 1473 1218 1527 Sed
1260 1473 1569 1545 Byzantinis
1610 1474 1826 1543 quidem
1867 1484 1984 1529 erat
2024 1473 2318 1527 Martianus

738 1567 873 1617 adeo
904 1564 1266 1616 venerandus.
1307 1561 1543 1616 Vucabat
1573 1574 1753 1615 autem
1783 1561 1921 1615 fama
1950 1577 2041 1617 eas
2077 1576 2314 1630 quoque,

735 1669 854 1721 qua:
884 1652 1071 1721 procul
1120 1652 1237 1707 sitae
1270 1661 1446 1715 erant,
1495 1652 1767 1715 civitates,
1804 1661 1856 1705 et
1909 1650 2146 1719 undique
2184 1668 2319 1705 con-

739 1746 1019 1797 tluebant:
1061 1745 1148 1795 alii
1173 1742 1410 1811 quidem,
1446 1744 1752 1812 percepturi
1786 1751 2133 1811 peccatorum
2160 1758 2320 1795 cura-

741 1840 967 1900 tionem,
996 1836 1085 1887 alii
1112 1850 1243 1889 vero
1272 1836 1591 1888 morborum
1622 1854 1633 1887 :
1687 1846 1741 1887 ut
1792 1850 1891 1887 nec
1942 1836 2171 1887 deerant
2199 1836 2321 1902 qui-

2413 647 2571 717 δόξης
2610 646 2979 716 διαφερόντως
3016 642 3286 712 πολέμιοι,
3345 642 3493 709 ὅμως
3533 632 3851 705 Μαρκιανδν
3901 638 3998 688 τὸν

2415 739 2561 791 θεῖον
2594 738 2715 790 οὐδὲ
2753 735 3117 805 προσϐλέπειν
3167 731 3407 802 εὐχερῶς
3453 730 3734 799 ἠδύναντο,
3777 730 3839 780 τὸ
3899 745 4001 781 πει

2418 833 2533 904 ριὸν
2585 829 2751 885 αὐτοῦ
2792 831 2889 899 τῆς
2944 828 3148 898 ἀρετῆς
3209 824 3655 893 δυσωπούμενοιο
3732 824 3826 875 καὶ
3905 822 3999 873 διὰ

2414 925 2572 979 τοῦτο
2616 924 2817 994 πολλήν
2845 941 2902 975 τε
2949 922 3142 989 ἐκείνῳ
3204 918 3302 989 τὴν
3342 917 3507 987 τιμὴν
3547 916 3842 983 ἀπένεμον,
3903 914 4000 964 καὶ

2414 1020 2507 1072 τὸν
2557 1016 2837 1071 ὑπἀὐτοῦ
2866 1016 3155 1069 κτισθέντα
3208 1013 3334 1066 ναὸν
3363 1015 3463 1082 τῆς
3518 1009 3762 1080 μεγάλης
3834 1008 4001 1060 Ἀνα-

2419 1109 2641 1173 στασίας
2688 1108 2906 1161 σκεύεσι
2978 1106 3297 1159 πολυτελέσι
3354 1102 3559 1175 χρυσοῦ
3610 1102 3704 1153 καὶ
3748 1099 4001 1167 ἀργύρου

2430 1206 2821 1271 πεποιημένοις
2873 1201 3214 1270 ὲφαὶδρυνον.
3308 1199 3575 1260 Κάκεῖνος
3640 1198 3738 1264 τῆς
3787 1194 4001 1261 δωρεᾶς

2420 1295 2616 1357 αὐτοὺς
2650 1294 3035 1363 ἀμειϐόμενος,
3078 1290 3451 1344 διετυπώσατο
3492 1287 3633 1340 κατά
3669 1288 3764 1347 τάς
3802 1287 4005 1353 ἐπισή-

2423 1404 2555 1458 μους
2582 1385 2689 1439 τῶν
2723 1387 2947 1456 ἡμερῶν
2968 1388 3033 1455 τῇ
3085 1383 3301 1454 πατρίῳ
3353 1380 3536 1435 αὐτῶν
3586 1379 3801 1449 γλώττῃ
3845 1378 4005 1446 (Γότο

2421 1480 2505 1533 θοι
2548 1480 2657 1549 γάρ
2718 1474 2881 1548 ἦσαν)
2928 1478 3027 1538 τὰς
3086 1474 3477 1536 θεοπνεύστους
3533 1472 3753 1541 Γραᾳὰς
3805 1473 3861 1520 ὲν
3924 1470 4003 1536 τῷ

2424 1571 2552 1641 ἱερῷ
2580 1570 2715 1641 τῷδε
2766 1567 3258 1638 ἀναγινώσκεσθαι,
3322 1565 3471 1619 ’άλλά
3529 1563 3844 1627 Βυζαντίοις
3901 1560 4004 1630 μὲν

2421 1656 2594 1717 οὕτως
2624 1656 2903 1724 αἰδέσιμος
2934 1652 3001 1727 ἦν
3030 1656 3058 1706 ὁ
3103 1656 3264 1724 ἀνήρ.
3320 1654 3535 1708 Ἐκάλει
3564 1654 3670 1722 δὲὴ
3704 1653 3860 1720 φήμη
3905 1650 4005 1701 καὶ

2422 1746 2520 1809 τὰς
2554 1745 2769 1816 μακράν
2796 1746 3110 1815 ᾠκισμένας
3138 1744 3249 1796 τῶν
3292 1744 3523 1808 πόλεων,
3558 1742 3653 1794 καὶ
3733 1742 4005 1809 πανταχό-

2428 1836 2520 1889 θεν
2575 1836 2905 1908 συνέρρεονο
2984 1836 3033 1888 οἱ
3085 1835 3183 1905 μὲν
3237 1834 3670 1904 ἁμαρτημάτων,
3722 1832 3771 1884 οἱ
3812 1831 3868 1884 δὲ
3906 1832 4005 1883 καὶ

744 1932 866 1983 dem
908 1929 1051 1998 quia
1100 1928 1271 1982 Roma
1300 1929 1471 1981 veteri
1499 1927 1809 1982 veniebant.
1852 1927 2001 1981 inter
2029 1942 2167 1996 quos
2212 1927 2319 1981 alio

2436 1928 2746 1999 νοσημάτων
2772 1928 2871 1999 τὴν
2912 1928 3209 1998 θεραπείαν
3243 1926 3308 1980 ἂν
3335 1929 3720 1997 τρυγήσοντες·
3756 1926 3851 1977 καὶ
3875 1924 4004 1975 οὐδὲ

740 2039 976 2092 quoque,
999 2023 1143 2092 quod
1163 2022 1363 2075 factum
1381 2029 1462 2074 est
1489 2018 1711 2090 dignum
1739 2028 2063 2084 memoratu,
2084 2035 2193 2074 non
2223 2035 2319 2088 par

742 2132 863 2171 esse
890 2116 1123 2169 arbitror
1164 2113 1416 2168 fraudare
1447 2122 1657 2167 vestras
1688 2126 1868 2167 aures.

820 2298 958 2352 XXI.
1009 2298 1265 2363 Qumdam
1312 2296 1457 2350 enim
1504 2294 1699 2349 mulier
1754 2294 2009 2349 laborans
2065 2292 2323 2349 diuturno

748 2390 893 2443 ﬂuxu
928 2389 1208 2457 sanguinis
1238 2388 1374 2441 adeo
1405 2388 1661 2457 graviter,
1703 2395 1758 2439 ut
1790 2385 1967 2440 omnis
2013 2385 2321 2449 medicinae,

748 2479 891 2548 quod
921 2477 987 2531 ad
1017 2492 1137 2531 eam
1177 2476 1464 2540 attinebat,
1509 2490 1708 2529 vanum
1759 2474 2166 2528 existimaretur
2204 2484 2323 2530 stu-

752 2571 900 2623 dium
932 2579 987 2621 et
1026 2582 1521 2636 supervacaneum.
1560 2565 1653 2629 Ea,
1720 2563 1891 2618 Roma
1944 2564 2128 2618 relicta
2186 2566 2326 2632 (eam

762 2663 905 2715 enim
925 2662 1193 2715 vocabant
1221 2660 1398 2713 divina
1423 2660 1572 2730 signa
1595 2658 1875 2722 Marciani,
1902 2677 2022 2729 qua:
2051 2660 2329 2715 caneban-

755 2767 841 2809 tur
863 2759 930 2808 ab
956 2753 1255 2819 omnibus),
1290 2756 1537 2821 pervenit
1575 2752 2121 2822 Constantinopolim.
2144 2752 2331 2821 Neque

759 2862 886 2899 vero
934 2862 1053 2899 eam
1090 2848 1323 2913 Jantum
1390 2845 1493 2898 iter
1556 2845 1859 2899 (onlecisse
1923 2844 2215 2916 pmnitttit,
2273 2854 2330 2898 ut

761 2956 878 3006 quze
940 2946 1089 2991 tanta
1137 2934 1420 2990 vexatione
1484 2934 1616 2988 nihil
1673 2935 1895 3005 dignum
1964 2936 2257 2989 obtinuerit
2316 2954 2327 2989 :

760 3031 852 3083 sed
877 3030 1037 3082 simul
1072 3038 1130 3082 ut
1162 3028 1448 3095 adjustum
1474 3027 1703 3081 accessit
1730 3025 2087 3089 Marcianum,
2114 3035 2333 3081 etmor-

763 3124 887 3174 hum
918 3120 1262 3191 signiﬁcavit,
1297 3127 1481 3172 curata
1513 3127 1598 3171 est
1634 3118 1848 3171 mulier.
1888 3117 2034 3172 Talis
2064 3118 2208 3171 enim
2235 3116 2336 3169 fuit

762 3215 850 3269 hic
884 3215 965 3266 vir
988 3211 1228 3273 divinus,
1261 3221 1318 3263 ut
1347 3227 1447 3265 nec
1472 3221 1617 3265 tactu
1652 3210 1867 3279 quidem
1903 3225 2064 3279 saepe,
2100 3210 2195 3264 sed
2224 3210 2335 3262 sola

2423 2022 2518 2090 τῆς
2547 2021 2923 2093 πρεσευτέρας
2966 2021 3412 2091 άπελιμπάνοντο
3449 2018 3686 2089 Ῥώμης,
3741 2017 3877 2070 ἀλλὰ
3909 2035 4007 2068 και

2423 2113 2581 2166 αὐτοὶ
2607 2112 2936 2183 προσῄεσαν.
2981 2114 3069 2165 Ἐν
3100 2108 3181 2175 οἷς
3222 2113 3316 2165 καὶ
3350 2113 3573 2181 μνήμης
3619 2109 3769 2173 ἄξιόν
3820 2126 3875 2161 τι
3903 2126 4007 2173 γε-

2424 2206 2667 2275 νόμενον,
2685 2206 2744 2257 οὐ
2761 2204 2855 2268 τὰς
2874 2204 3142 2275 ὑμετέρας
3160 2205 3327 2267 ἀκοὰς
3351 2200 3503 2273 οἶμαι
3520 2204 3792 2272 ζημιῶσαι
3814 2200 4007 2255 καλόν.

2494 2298 2625 2351 KB’.
2659 2298 2799 2367 Γυνὴ
2830 2298 2945 2367 γάρ
2992 2314 3076 2360 τις
3107 2296 3403 2369 αἱμορροία
3463 2295 3763 2364 πιεζομένη
3801 2295 4001 2364 χρονία

2426 2391 2567 2445 οὕτω
2604 2390 2876 2460 χαλεπῶς,
2909 2390 2983 2453 ώς
3007 2391 3187 2443 πᾶσαν
3230 2388 3476 2459 ἰατρικὴν
3508 2389 3701 2457 τέχνην
3752 2388 3877 2439 ὅσον
3914 2388 4006 2437 ἐπ’

2428 2485 2564 2552 αὐτῇ
2608 2482 2844 2553 σπουδὴν
2916 2482 3149 2552 ματαίαν
3197 2483 3291 2536 xui.
3343 2483 3605 2552 περιττὴν
3653 2480 4008 2549 νομισθῆναι,

2430 2576 2567 2645 αὐτὴ
2598 2576 2697 2645 τὴν
2736 2575 2957 2645 Ῥώμην
3008 2574 3382 2628 καταλιποῦσα
3431 2574 3573 2639 (xu‘t
3620 2574 3727 2641 γὰρ
3780 2572 4014 2624 ἐκάλουν

2432 2670 2603 2739 αὐτὴν
2676 2670 2731 2720 ui
2798 2668 3113 2738 θεοσημεῖαι
3175 2667 3494 2736 Μαρκιανοῦ
3550 2666 3807 2736 ᾁδόμεναι
3858 2666 4015 2733 παρὰ

2434 2762 2675 2831 πάντων)
2742 2763 2821 2824 εἰς
2906 2763 3006 2832 τὴν
3076 2761 3487 2815 Κωνσταντὶνου
3554 2758 3846 2811 κατέλαϐε.
3905 2759 4017 2811 Καὶ

2434 2854 2582 2907 οὐδὲν
2640 2855 2926 2924 ἐμέμψατο
2976 2855 3144 2925 ἑαυτῇ
3222 2854 3323 2923 τῆς
3401 2854 3729 2921 ὁδοιπορίας,
3804 2854 3881 2913 ώς
3938 2853 4019 2921 μὴ

2436 2947 2585 3011 ἀξιόν
2608 2963 2659 2999 τι
2683 2946 3052 3009 κακοπαθειας
3078 2946 3351 3015 τοσαύτης
3372 2946 3710 3014 άποναμένη·
3750 2945 3867 2997 ἀλλ’
3897 2947 4019 3013 ἅμα

2434 3050 2491 3085 τε
2524 3033 2795 3105 προσῆλθε
2826 3034 2904 3104 τῷ
2935 3033 3146 3102 δικαίῳ,
3178 3033 3272 3085 καὶ
3320 3033 3418 3103 τὴν
3478 3034 3631 3085 νόσον
3690 3032 4018 3102 ἐγνώρισεν,

2436 3125 2470 3194 ἥ
2505 3142 2563 3177 τε
2592 3126 2744 3195 πηγὴ
2773 3125 2867 3178 τοῦ
2906 3126 3138 3195 αἵματος
3166 3125 3346 3194 ἔληγε,
3374 3126 3468 3177 καὶ
3499 3126 3532 3195 ἡ
3560 3124 3697 3195 γυνη
3718 3126 3814 3193 τῆς
3849 3125 4023 3192 θεραο

2440 3217 2599 3279 πείας
2656 3216 2898 3269 ἀπέλαυε
2978 3216 3231 3279 Τοιοῦτος
3274 3217 3382 3285 γάρ
3434 3218 3462 3267 ό
3505 3215 3646 3277 θεῖος
3710 3216 3883 3285 ἀνὴρ.
3945 3215 4026 3278 ὡς

763 3306 1074 3375 precatione
1105 3315 1160 3357 et
1193 3304 1338 3357 nudo
1369 3312 1592 3372 aspectu
1633 3304 1886 3357 liberaret
1930 3317 2025 3356 eos
2060 3302 2152 3371 qui
2178 3317 2331 3355 acce-

2444 3277 2715 3380 pqoeuzpﬁ
2747 3310 3027 3373 πολλάκις,
3068 3277 3363 3379 ἀλλὰήεύνχῖξ
3390 3311 3527 3382 μόνῃ
3552 3311 3645 3361 xu".
3673 3277 4026 3377 φιλῶ-βλέμ-

762 3399 985 3458 debant,
1012 3406 1065 3450 et
1089 3397 1139 3451 ei
1170 3396 1503 3451 exhibebant
1544 3395 1845 3464 negotium.
1881 3394 2087 3448 Tantus
2114 3394 2337 3462 quidem

774 3491 875 3543 luit
902 3489 1209 3542 Marcianus
1252 3488 1544 3542 miraculis.
1598 3488 1742 3541 'l'alis
1775 3497 1955 3540 autem
2003 3488 2068 3542 iis
2096 3501 2337 3555 quoque,

768 3600 889 3651 quae
940 3594 1087 3636 recte
1124 3592 1179 3636 et
1208 3597 1272 3635 ex
1312 3582 1513 3635 virtute
1555 3590 1702 3651 gesta
1750 3590 1899 3643 sunt,
1948 3581 2342 3633 convenienter

765 3673 965 3725 divina:
1014 3671 1387 3740 promissioni,
1419 3686 1539 3739 qua:
1580 3670 1711 3724 dicit
1738 3689 1749 3722 :
1782 3669 1884 3723 Eos
1915 3670 2004 3738 qui
2036 3685 2115 3721 me
2140 3668 2343 3738 gloriﬁ-

767 3775 907 3824 mnt,
933 3764 1238 3833 gloriﬁcabo
1258 3764 1277 3794 ⁸
1306 3805 1320 3818 .
1340 3762 1509 3832 Cujus
1525 3763 2008 3818 intercessionibus
2024 3762 2181 3816 nobis
2209 3777 2341 3815 con-

767 3856 1015 3921 cedatur,
1052 3856 1197 3909 illius
1244 3870 1363 3909 esse
1400 3857 1663 3909 bonorum
1692 3856 2004 3925 participes,
2042 3855 2096 3907 in
2127 3854 2344 3909 Christo

765 3943 895 3996 .lesu
946 3943 1171 3997 Domino
1205 3954 1414 4011 nostro,
1454 3946 1541 3999 cui
1577 3946 1744 4016 gloria
1762 3956 1817 4001 et
1851 3946 2092 4016 potentia
2125 3960 2269 3997 nunc
2292 3952 2346 3998 et

770 4030 822 4082 in
853 4031 1047 4085 saacula
1080 4033 1423 4099 saeculorum,
1454 4035 1644 4093 Amen.

841 4147 862 4175 ⁸
896 4145 911 4197 1
945 4146 1075 4217 Reg.
1110 4162 1169 4209 ιι,
1198 4146 1285 4201 50.

2444 3418 2573 3471 ματι
2620 3402 2745 3462 τοὺς
2764 3402 3085 3469 προσιόντας
3115 3400 3471 3454 ἀπαλλάττων
3493 3401 3601 3452 τῶν
3626 3402 4022 3470 ἐνοχλούντων.

2449 3490 2717 3553 Τοσοῦτος
2754 3492 2850 3560 μὲν
2897 3492 2925 3544 ό
2968 3492 3287 3562 Μαρκιανὸς
3320 3494 3432 3555 τοῖς
3476 3490 3737 3560 θαύμασι,
3767 3491 4031 3552 τοσοῦτος

2442 3582 2497 3634 δὲ
2540 3585 2633 3635 καὶ
2674 3586 2783 3645 τοῖς
2811 3584 2868 3635 ὲν
2896 3585 3063 3655 ἀρετῇ
3105 3584 3512 3655 κατορθώμασι,
3548 3586 3687 3638 κατά
3720 3584 3839 3654 τὴν,
3873 3585 4029 3649 Τοίος

2444 3670 2804 3737 δοξάζον-τάς
2846 3691 2921 3742 με
2950 3673 3210 3741 δοξάσω,
3234 3676 3483 3741 θεολόγον
3538 3676 3895 3742 ἐπαγγελίαν.
3952 3670 4034 3727 Οὗ

2451 3764 2543 3814 καὶ
2615 3766 2762 3833 ἡμᾶς
2830 3766 3039 3832 γένοιτο
3068 3770 3185 3829 ταῖς
3258 3767 3578 3838 πρεσὸεῐαις
3636 3768 3745 3819 τῶν
3809 3767 4035 3820 ἐκείνου

2455 3858 2859 3925 συμμετασχεῖν
2883 3857 3120 3925 ἀγαθῶν,
3158 3860 3216 3911 ἐν
3238 3859 3458 3929 Χριστῷ
3515 3858 3687 3929 Ἰησοῦ
3726 3859 3805 3927 τῷ
3834 3861 4037 3929 Κ·.›ρῖι;›

2455 3946 2633 4016 ἡμῶν,
2662 3942 2706 4014 ᾧ
2730 3952 2762 4018 ή
2795 3949 2921 4014 δόξα
2953 3950 3049 4002 καὶ
3077 3950 3135 4003 τὺ
3171 3952 3372 4021 κράτος
3406 3950 3501 4005 νῦν
3533 3952 3626 4004 καὶ
3660 3954 3746 4005 ἀεὶ
3788 3956 3885 4004 καὶ
3955 3973 4039 4015 εις

2455 4038 2579 4099 τοὺς
2609 4037 2811 4103 αἰῶνας
2840 4039 2946 4093 τῶν
2980 4040 3211 4097 αἰώνων.
3267 4043 3457 4112 Ἀμήν.

789 4305 4037 4340 mm

1374 4481 1518 4567 DE
1593 4478 1684 4567 S.
1764 4473 2472 4568 THEODOSIO
2548 4474 3431 4567 C(ENOBIARCHA

1847 4664 2048 4710 JUXTA
2088 4662 2582 4707 HIEROSOLYMAM
2625 4663 2687 4709 IN
2730 4664 2965 4710 JUDA-ZA.

1953 4798 2117 4858 (Anno
2140 4794 2231 4844 529
2251 4795 2383 4856 apud
2409 4794 2627 4843 Bolland.
2652 4794 2701 4844 11
2738 4796 2870 4851 Jan.)

979 5109 1007 5183 ᾗ
1034 5110 1072 5164 1.
1099 5109 1159 5166 S.
1191 5108 1467 5163 Theodosii
1500 5110 1714 5171 natalis,
1753 5108 1892 5161 sacri
1929 5108 2171 5161 honores.

858 5260 1102 5327 Quatuor
1122 5275 1226 5314 uno
1257 5258 1452 5315 sarculo
1491 5259 1782 5314 Ecclesiam
1820 5259 2157 5312 illustravere
2181 5256 2357 5311 Theo-

790 5354 947 5417 dosii,
1003 5354 1359 5420 imperatores
1411 5353 1537 5414 duo,
1596 5353 1700 5405 duo
1744 5349 2221 5416 archimandritaa;
2288 5350 2360 5403 illi

792 5446 1095 5514 prudentia,
1130 5446 1349 5513 pietate,
1381 5444 1658 5497 catholica:
1701 5444 1879 5498 studio
1929 5443 2203 5513 religionis
2226 5484 2239 5507 ,
2273 5458 2362 5497 se-

793 5542 913 5592 nior
958 5539 1121 5591 etiam
1176 5538 1371 5593 bellica
1432 5537 1669 5601 virtute;
1717 5538 1767 5591 hi
1822 5538 1943 5591 vitae
1980 5537 2359 5600 sanctimonia,

794 5630 1075 5696 gloriaque
1133 5628 1540 5683 miraculorum.
1610 5628 1810 5681 llorum
1878 5629 2093 5698 utrique
2148 5628 2360 5697 publica

794 5721 1004 5771 decreta
1033 5734 1139 5772 uno
1165 5721 1459 5789 eodemque
1511 5721 1597 5775 die
1634 5736 1911 5775 sacrorum
1962 5721 2235 5775 veneratio
2259 5729 2363 5783 est,

796 5809 959 5875 priori
991 5810 1101 5864 fere
1120 5812 1187 5865 ab
1222 5811 1351 5865 solis
1385 5812 1609 5878 Graecis,
1650 5824 1707 5866 ut
1731 5828 1890 5881 supra
1920 5813 2175 5878 diximus,
2211 5810 2365 5866 alteri

795 5900 959 5955 etiam
990 5916 1016 5955 a
1040 5900 1259 5958 Latinis.
1286 5902 1379 5961 ille
1404 5902 1772 5961 Antiochcnus
1800 5903 1918 5969 fuit,
1947 5904 2291 5973 condiditque
2318 5904 2369 5958 in

2399 5099 2439 5150 ι)
2470 5082 2655 5136 Cilicia
2686 5080 2917 5144 celebre,
2939 5080 3100 5134 etiam
3133 5080 3269 5149 apud
3301 5091 3565 5149 posteros.
3618 5083 3961 5147 coenobium,
4007 5089 4063 5141 in

2470 5173 2703 5243 Scopulo
2750 5173 3079 5241 appellatum
3118 5186 3131 5224 :
3171 5172 3257 5225 hic
3291 5172 3580 5241 Cappadox
3644 5175 3696 5227 in
3755 5174 4063 5230 Palestina

2468 5265 2854 5321 monasterium
2880 5266 3209 5329 construxit,
3235 5265 3301 5320 de
3330 5282 3437 5335 quo
3462 5276 3580 5336 post
3624 5267 3779 5336 paulo
3813 5283 3827 5320 :
3854 5268 4067 5335 junior

2467 5356 2551 5409 hic
2586 5356 2708 5419 fuit,
2760 5357 2965 5425 aliquot
2998 5368 3121 5426 post
3171 5358 3395 5413 alterius
3426 5361 3629 5413 obitum
3680 5363 3835 5414 annis
3861 5375 4069 5427 natus,

2466 5458 2523 5501 ut
2556 5449 2646 5516 qui
2684 5464 2893 5502 sacram
2930 5449 3128 5519 pepqu
3189 5450 3521 5517 Scripturam
3568 5453 3886 5521 explicaret,
3930 5471 4070 5509 eum

2466 5540 2800 5593 Theodosius
2851 5539 2889 5593 ll
2947 5539 3240 5609 imperator
3284 5557 3313 5595 e
3350 5544 3484 5596 vivis
3521 5544 3751 5596 excessit
3795 5559 3887 5596 an.
3928 5548 4071 5601 $50,

2469 5632 2650 5699 Longe
2680 5632 2816 5685 alius
2845 5634 2912 5685 ab
2944 5634 3028 5686 his
3057 5632 3391 5689 Theodosius
3425 5650 3486 5687 ex
3522 5638 3783 5689 monacho
3816 5644 4075 5705 pseudo-

2471 5726 2758 5791 episcopus
2793 5720 3314 5794 Hierosolymitanus
3360 5724 3744 5797 Eutychianus,
3786 5727 3882 5793 qui
3922 5728 4077 5781 διπμ

2476 5816 2615 5869 ciani
2646 5815 2986 5882 imperatoris
3017 5817 3145 5869 vixit
3175 5828 3355 5881 aetate,
3381 5828 3438 5871 ut
3467 5817 3601 5872 infra
3628 5819 3677 5871 itt
3711 5817 3829 5871 Vita
3856 5817 3922 5874 5.
3964 5821 4077 5875 Eue

2482 5904 2669 5977 thymii
2700 5905 2769 5959 ‘20
2789 5903 3029 5960 Januarii
3057 5906 3281 5961 dicetur.
