4128 6488
130 434 204 499 ιεῖ
799 431 977 491 νιΤΑ
1014 433 1074 491 S.
1114 431 1535 491 THEODOSII
1573 432 1706 490 C(Ef

1811 429 2167 490 MARCELE.
2223 453 2291 464 ·-·
2322 428 2707 488 Ριιοοῖιιιλ.

3278 420 3377 485 458

180 547 222 600 2.
263 542 507 597 Natalem
544 541 714 610 igitur
740 541 799 596 S.
842 543 1132 599 Theodosii
1165 544 1563 599 ctenobiarchae
1590 545 1692 599 hoc
1720 550 1771 607 Α
1799 544 1993 598 leutina
2026 542 2308 610 sanguinis
2337 546 2601 610 prohuwo
2637 541 2887 604 liberata,
2936 541 2988 595 in
3026 544 3153 604 vita,
3206 557 3261 595 ιι.
3288 542 3379 603 iis.

130 644 195 695 die
225 639 291 689 ita
315 635 599 689 celebrant
625 634 795 690 Graeci
834 637 885 687 in
917 635 1216 703 Menolngio
1246 653 1274 688 a
1330 636 1550 690 Canisio
1576 637 1693 689 edi-

132 746 202 785 to:
227 726 667 783 Commemoratio
697 724 755 780 S.
784 725 848 780 P.
874 724 946 779 N.
984 727 1263 779 Thecduaii
1296 726 1693 791 razriubiazcluc,

130 836 179 871 ex
200 820 383 883 oppido
410 817 626 869 Hunni
658 816 1025 884 Cupprtdociw.
1057 818 1311 870 liet‘erlnr
1334 827 1388 870 et
1439 818 1490 869 in
1528 819 1692 870 horo-

132 909 259 978 isgio,
290 924 355 961 ac
385 907 699 976 Menulogiis
737 909 952 960 Maximi
998 910 1166 975 epise.
1208 908 1499 977 Cylltera'i,
1531 917 1694 974 atque

132 1001 477 1067 Citllsltlplitlti
517 1000 859 1068 pIOrotISuIis
897 1000 1185 1070 Mitylemei
1227 1019 1239 1053 :
1275 1002 1325 1051 ιιι
1362 997 1693 1053 Kalendario

135 1110 312 1160 quoque
368 1093 684 1145 Graworunt
734 1111 763 1145 a
814 1091 1166 1147 Getichrardo
1214 1094 1382 1157 edito,
1413 1102 1465 1144 et
1488 1093 1693 1146 eisdem

137 1190 279 1239 verbs
311 1201 340 1237 a
380 1186 594 1238 Mutatio
632 1186 685 1237 in
734 1185 900 1238 addit.
946 1186 1011 1238 ad
1044 1184 1280 1240 Usnard.
1315 1203 1333 1236 r
1394 1184 1489 1238 Die
1522 1185 1694 1239 unde-

136 1282 243 1333 cima
265 1279 442 1331 sancti
475 1276 651 1331 Patris
684 1277 976 1332 Theodosii
1006 1277 1435 1333 Cmnobiarchte.
1481 1298 1499 1328 ι
1542 1276 1696 1330 Mar-

136 1372 423 1439 tgrologium
483 1368 804 1422 Britannum.
862 1389 881 1421 ι
936 1369 992 1422 lit
1049 1371 1410 1440 Cappadocia,
1467 1370 1520 1422 in
1579 1369 1697 1422 Vico

137 1464 463 1532 llagiriasso,
494 1464 552 1517 S.
591 1463 879 1517 Theodosii
934 1463 1363 1526 Cmuohiarchtr,
1400 1463 1489 1530 qui
1528 1461 1694 1514 multa

137 1574 213 1623 pro
238 1557 332 1609 title
367 1556 637 1611 Catholica
676 1570 863 1624 passus
893 1567 995 1609 est.
1033 1574 1051 1605 ι
1089 1554 1396 1608 Galesinius
1420 1593 1435 1617 ,
1477 1562 1697 1608 secutus

137 1648 417 1701 διεξίοι-ων
441 1649 829 1713 Eucltologion,
853 1647 1056 1700 eunth
1085 1645 1329 1700 Januarii
1353 1644 1517 1700 refert
1543 1662 1555 1697 :
1592 1664 1611 1697 ι
1639 1647 1695 1699 ln

138 1738 315 1793 ϐαξυὶε
371 1740 433 1793 S.
471 1740 764 1794 Theodosii
814 1738 1244 1793 Creitobiarcltte.
1282 1737 1332 1791 ls
1395 1736 1695 1791 incredibili

135 1835 438 1887 abstinentia
472 1834 594 1896 fuit,
631 1841 687 1886 ut
723 1849 818 1902 per
852 1834 1070 1902 triginta
1123 1832 1267 1901 ipsos
1296 1846 1469 1884 annos
1504 1845 1695 1899 panem

138 1943 221 1980 non
250 1928 505 1995 gustarit,
549 1925 739 1992 palmae
769 1924 950 1978 fructu
976 1934 1034 1977 et
1070 1922 1257 1991 paucis
1308 1921 1519 1990 siliquis
1543 1921 1695 1974 victi-
1727 1911 1774 1969 Β

139 2032 235 2073 tans
265 2036 278 2071 :
313 2035 511 2088 Sicque
544 2020 758 2088 corpori
823 2035 945 2071 eum
995 2018 1179 2071 cihutn
1211 2017 1543 2077 detraheret,
1580 2014 1697 2066 ani-

136 2134 251 2168 ιιιὶἁιιι
290 2117 377 2169 diu
420 2127 687 2183 noctuque
740 2115 883 2183 pavit
929 2112 1147 2166 assidua
1179 2110 1483 2165 cailestiunt
1514 2124 1695 2161 rerum

132 2209 589 2275 contemplatione.
633 2226 653 2259 ι
708 2206 1040 2262 Galesiuium
1088 2205 1330 2273 sequitur
1378 2202 1697 2275 Martyrolo-

137 2302 255 2367 piunt
280 2299 696 2355 Gertrtaitieum.

187 2394 234 2448 ὅ.
267 2394 340 2447 De
367 2410 438 2447 eo
471 2395 658 2445 isduec
694 2392 989 2462 przedirant
1022 2388 1245 2444 Meliten.
1289 2407 1308 2439 ι
1350 2388 1697 2444 Venerandus

134 2488 206 2543 hic
230 2489 281 2541 S.
317 2486 379 2541 P.
414 2487 487 2541 N.
524 2485 863 2539 Theodosius
913 2486 966 2537 in
1023 2482 1289 2552 Mogariso
1344 2483 1699 2551 Cappadocia:

137 2597 265 2651 pago.
294 2581 622 2635 Christianis
650 2589 701 2632 ct
735 2578 999 2647 religiosis
1037 2578 1327 2631 admodum
1359 2577 1695 2645 parentibus,

134 2675 407 2729 Plueresio
472 2686 524 2727 et
552 2673 771 2742 Eulogia
842 2681 1033 2737 natus;
1062 2672 1225 2725 vitam
1244 2670 1551 2739 complexus
1582 2686 1697 2724 ino-

136 2770 397 2832 tasticam,
434 2784 646 2821 sacram
686 2768 858 2818 induit
910 2765 1183 2833 religionis
1220 2776 1423 2818 vestem
1460 2780 1473 2814 :
1509 2763 1697 2818 lliero-

134 2862 486 2929 solymamque
532 2861 827 2929 protectus,
863 2859 990 2911 inde
1041 2857 1380 2911 Antiochiam
1429 2858 1580 2920 adiit,
1608 2858 1695 2911 uhi

136 2952 433 3023 Sytnenuent
477 2953 738 3006 eximium
773 2952 917 3005 illum
956 2950 1205 3019 Stylitam
1232 2952 1501 3015 convenit,
1537 2969 1563 3002 a
1593 2967 1700 3020 quo

134 3044 465 3099 futuraillius
501 3045 624 3097 vita:
653 3045 1010 3096 sanctimonia
1059 3042 1130 3095 illi
1187 3043 1464 3109 pra-dicta,
1512 3053 1570 3096 ut
1607 3045 1697 3111 qui

134 3137 287 3204 magni
315 3138 502 3206 gregis
532 3136 713 3188 ovium
737 3134 947 3186 ratione
969 3132 1285 3201 pollentiqu
1316 3132 1531 3188 futurus
1554 3144 1701 3187 esSt-t

133 3244 311 3299 pater.
378 3231 591 3284 Deinde
675 3229 815 3299 apud
883 3230 1183 3300 Longinum
1265 3230 1695 3283 laudatissimum

132 3326 394 3391 quemdam
416 3327 600 3376 virum
629 3324 793 3376 rebus
815 3323 1081 3378 dit’inisiu
1116 3323 1405 3377 solitudine
1433 3322 1697 3382 erudilu<.
1732 3321 1772 3342 “

132 3416 186 3467 ad
220 3432 331 3469 eam
394 3415 652 3484 pervenit
704 3414 1107 3478 abstinentiam,
1148 3425 1203 3466 ut
1263 3416 1313 3466 in
1371 3414 1705 3467 ltcbtlotnatla

132 3510 319 3562 nonnisi
366 3508 546 3562 semel
567 3510 693 3563 cibo
710 3523 909 3577 corpus
942 3510 1211 3570 reticeret,
1236 3506 1558 3573 tardemque
1586 3507 1709 3557 tutis

133 3602 324 3666 ιτιέιιιιε
358 3603 530 3653 annis
561 3614 756 3667 panem
809 3615 917 3653 non
971 3609 1216 3669 gustaret
1266 3621 1276 3653 :
1311 3601 1617 3667 pariterque
1655 3600 1705 3649 in

130 3692 230 3745 aliis
259 3695 527 3747 tirtutum
561 3694 760 3747 studiis
790 3704 994 3749 tantum
1033 3695 1322 3763 promovit,
1366 3705 1421 3745 ut
1470 3695 1519 3745 in
1566 3711 1709 3744 suni-

132 3798 254 3836 taum
286 3787 519 3852 pietatis
549 3786 784 3840 culutem
814 3789 1022 3851 enisus,
1061 3786 1287 3839 illustria
1317 3787 1505 3839 ederet.
1540 3788 1701 3839 mira-

130 3877 252 3930 cula.
286 3879 557 3933 liasillum
589 3882 875 3948 quemdam
918 3880 1245 3933 lliUllaCltUIll
1280 3878 1614 3943 defunctum,
1656 3890 1709 3934 ct

133 3968 175 4022 ia
204 3975 443 4026 tumbam
499 3973 839 4041 depositum,
892 3974 1025 4027 \‘idit
1068 3990 1205 4027 unus
1243 3975 1329 4028 ille
1380 3990 1498 4030 eum
1539 3975 1709 4029 altero

130 4068 338 4128 quodam
405 4067 687 4118 monacho
739 4066 998 4120 fratribus
1059 4078 1351 4132 astantem,
1401 4080 1454 4125 et
1488 4069 1709 4137 psalmis

132 4156 482 4210 acrinentem.
519 4157 823 4221 Carbones,
860 4159 1004 4210 nullo
1029 4160 1272 4227 subjecto
1303 4161 1443 4226 igne,
1475 4161 1561 4213 tibi
1594 4176 1710 4215 mo—

132 4254 409 4303 nasterium
464 4260 591 4305 erat
626 4252 962 4313 conditurus,
1017 4252 1289 4304 accendit.
1329 4251 1605 4306 Feminam
1641 4253 1709 4307 ad

132 4356 176 4393 se
208 4342 502 4396 adeuntem
558 4342 844 4411 sanguinis
888 4344 1152 4411 protluvio
1182 4342 1450 4397 liberavit.
1494 4346 1569 4398 Ex
1604 4361 1709 4399 uno

132 4433 357 4489 {iumenti
401 4451 588 4504 grano
622 4450 719 4505 per
753 4451 941 4505 preces
990 4436 1200 4505 integra
1246 4438 1496 4506 granaria
1539 4438 1709 4507 reple-

133 4525 209 4578 rit.
246 4525 489 4581 Puerum
548 4528 604 4580 in
665 4527 831 4579 altam
873 4529 1019 4598 putei
1062 4526 1341 4597 delapsum
1377 4531 1708 4599 voraginem,

1758 1436 1760 1438 τ
1799 1373 2065 1425 Baronitts
2118 1380 2156 1423 t.
2190 1368 2251 1421 Vl
2286 1378 2339 1420 et
2382 1367 2475 1421 γιι

1799 639 2033 692 refertur
2081 651 2280 690 cancro
2361 636 2411 689 in
2474 634 2711 687 mamilla
2793 634 3090 689 laborasse.
3156 634 3380 693 Eadem,

1795 731 2013 784 omissis
2094 740 2271 780 tamen
2329 728 2604 796 plerisque
2676 726 2973 789 miraculis,
3023 728 3273 792 leguntur
3328 728 3380 779 in

1795 820 2117 891 Ambologio
2165 818 2503 879 Grecorum.
2578 834 2607 871 a
2683 816 2958 872 Clemente
3014 817 3131 872 Vill
3190 836 3385 889 appro-

1796 916 1941 968 bato.

2049 1049 2075 1119 ᾗ
2114 1047 2178 1102 ll.
2218 1046 2356 1101 Vita:
2405 1045 2466 1102 S.
2499 1045 2775 1099 Theodosii
2833 1047 3135 1114 scriptores.

1869 1187 2046 1241 Vitam
2103 1185 2161 1239 S.
2199 1184 2490 1239 Theodosii
2525 1200 2589 1238 ex
2628 1182 2991 1254 Metaphraste
3025 1186 3191 1239 edidit
3226 1184 3387 1255 Lipa-

1800 1294 1990 1332 mauus
2024 1290 2154 1330 tom.
2189 1276 2250 1337 V,
2284 1288 2445 1343 atque
2495 1292 2556 1327 ex
2590 1289 2655 1328 eo
2689 1273 2901 1331 Surius.
2943 1275 3174 1327 l’luritna
3209 1294 3273 1329 ex
3320 1292 3383 1331 ea

2535 1384 2751 1421 suorum
2794 1368 3084 1421 Annalium
3132 1370 3385 1423 intexuit.

1800 1464 1908 1518 Nos
1949 1465 2192 1517 eamdem
2246 1464 2435 1515 damus
2500 1477 2621 1514 cum
2676 1477 2776 1514 ms.
2825 1461 3013 1515 Grch
3047 1462 3387 1515 bibliothecas

1803 1554 2075 1609 Vatiauze
2124 1555 2397 1615 collatam,
2442 1565 2495 1607 et
2556 1553 2803 1621 pluribus
2851 1554 2988 1608 locis
3015 1557 3383 1607 emendatam.

1799 1646 1997 1699 Eadem
2042 1656 2242 1705 exstat,
2273 1644 2365 1697 sed
2391 1656 2691 1710 contracta,
2724 1644 2915 1698 Latine
2956 1646 3006 1697 in
3056 1644 3191 1697 Vitis
3226 1643 3389 1697 Fian-

1800 1739 1929 1791 cisci
1966 1738 2136 1791 llarzei
2185 1746 2239 1789 et
2268 1735 2532 1804 Lippeloi,
2572 1752 2636 1790 ac
2688 1740 2842 1790 lastis
2876 1738 3166 1803 \lariauis;
3204 1736 3389 1790 linteo

1799 1831 1943 1884 edita
1978 1851 2005 1884 a
2038 1831 2289 1885 Gabricle
2334 1831 2607 1899 Flamma;
2642 1830 2932 1899 lliSpanice
2972 1847 3001 1884 a
3035 1831 3385 1887 Rinadiucita

1804 1935 2012 1987 nostro,
2056 1934 2161 1979 etc.

1875 2020 1925 2072 5.
1960 2020 2095 2072 Acta
2151 2034 2278 2073 vero
2328 2019 2442 2072 haec
2486 2022 2681 2072 asserit
2706 2018 2968 2073 Barouius
3014 2020 3065 2074 in
3117 2019 3258 2072 netis
3321 2018 3387 2072 id

1804 2112 2081 2181 Blat'tyt'ol.
2123 2134 2138 2161 ι
2181 2112 3082 2180 omniacceptationedignissima,
3122 2131 3139 2161 ι
3179 2122 3231 2163 et
3265 2120 3282 2162 t
3322 2108 3387 2163 Vl

1804 2206 2000 2260 Annal.
2049 2222 2139 2259 an.
2187 2205 2288 2257 Ch.
2340 2205 2464 2259 5H.
2514 2223 2568 2258 ιι.
2605 2206 2719 2258 2οε
2765 2223 2781 2254 ι
2820 2207 2993 2269 Quam
3041 2204 3391 2257 exactissime

1805 2293 2096 2362 descripta,
2142 2295 2243 2347 etsi
2299 2285 2364 2347 ab
2417 2295 2649 2359 incerto,
2702 2306 2853 2347 certo
2910 2306 3089 2349 tamen
3126 2295 3391 2363 temporis

1805 2388 2047 2455 ejusdem
2069 2396 2313 2447 auctore.
2341 2396 2399 2439 ut
2437 2387 2570 2440 nihil
2592 2387 2820 2450 sitquod
2846 2388 2969 2455 jure
2997 2388 3237 2440 revocari
3259 2401 3390 2455 pos-

1806 2482 1873 2535 sit
1907 2484 1958 2534 in
1982 2481 2228 2543 dubium,
2251 2490 2437 2547 utpote
2466 2480 2690 2533 veritate
2715 2481 2941 2533 outuiex
2961 2493 3113 2549 parte
3134 2495 3390 2534 constan-

1809 2575 1896 2628 tia.
1912 2594 1929 2625 ι
1951 2574 2201 2629 Ceterum
2226 2584 2499 2626 auctorem
2523 2572 2685 2626 fuisse
2706 2574 3063 2641 probautqute
3081 2576 3391 2639 deAnasta-

1807 2667 1887 2721 sio
1914 2668 2240 2735 imperatore
2274 2666 2482 2729 scribit,
2520 2666 2681 2719 n.45.
2719 2684 2735 2717 r
2778 2665 2920 2720 Tulit
2952 2667 3242 2733 aliquando
3292 2686 3392 2721 ιιυ-

1808 2774 1981 2813 S'rum
2001 2775 2213 2828 quoque
2239 2772 2450 2827 tempus
2473 2760 2878 2828 imperatorem,
2899 2763 2988 2827 qui
3011 2764 3225 2828 quidem
3243 2764 3390 2828 prius

1808 2855 1985 2908 fuerat
2041 2854 2327 2922 (quantum
2376 2853 2689 2919 apparebat)
2746 2853 3031 2921 paradisus
3074 2858 3388 2924 voluptatis,

1809 2956 2083 3013 postremo
2118 2957 2294 2998 autem
2338 2946 2497 2999 rebus
2541 2944 2641 2995 fuit
2686 2947 2934 3013 cognitus
2982 2962 3204 3011 campus
3264 2952 3390 3001 des-

1810 3038 2111 3100 ll'lt(‘lit)l|i$,
2174 3049 2225 3090 et
2302 3053 2440 3089 unos
2502 3038 2707 3090 scilicet
2746 3052 2809 3090 ex
2850 3038 2929 3089 his
2960 3039 3263 3103 pastoribus
3297 3040 3390 3107 qui

1809 3134 1985 3199 gregis
2037 3148 2164 3183 ores
2201 3131 2539 3199 dispergunt,
2580 3141 2633 3184 et
2687 3133 2938 3197 perdunt,
2972 3144 3026 3183 et
3050 3147 3143 3187 e..s
3177 3136 3390 3189 turbida

1809 3236 1993 3292 potant
2039 3225 2417 3287 subversioue,
2480 3234 2551 3286 et,
2607 3232 2665 3276 ut
2714 3225 2917 3291 reliqua
2974 3226 3115 3278 illius
3168 3238 3393 3296 prtetcr-

1815 3318 2041 3380 mittam,
2077 3316 2175 3369 hoc
2207 3315 2426 3384 quidem
2463 3316 2692 3385 accipiet
2725 3316 2868 3384 quod
2904 3328 3023 3384 post
3060 3332 3158 3371 nos
3193 3334 3390 3389 seque~

1813 3421 2149 3479 turtetttptts‘.
2186 3428 2204 3459 ι

1882 3506 1934 3555 6.
1989 3506 2279 3559 Auctorem
2344 3508 2486 3563 hunc
2534 3510 2753 3579 conjicit
2793 3513 3058 3567 Baronius
3091 3516 3258 3568 luisse
3286 3516 3393 3585 Cy-

1816 3597 1990 3650 rillum
2022 3601 2368 3664 monachum,
2396 3617 2423 3655 a
2456 3618 2562 3672 quo
2590 3606 2717 3658 Acta
2749 3605 2849 3661 SS.
2890 3607 3183 3679 Entbymii,
3210 3606 3390 3674 Salia),

1814 3698 1867 3741 et
1926 3688 2155 3745 Joannis
2208 3691 2504 3748 Silentiarii
2538 3696 2807 3765 descripta
2842 3709 2984 3752 sunt.
3032 3700 3107 3753 lta
3152 3717 3239 3753 an.
3286 3699 3387 3754 Ch.

1810 3781 1934 3845 491,
1971 3800 2118 3837 num.
2151 3786 2236 3851 Η,
2292 3790 2478 3841 scribit
2514 3808 2525 3843 :
2565 3809 2583 3841 ι
2625 3791 2727 3844 Sed
2761 3802 2815 3844 et
2852 3794 3093 3858 ejusdem
3154 3796 3393 3849 auctoris

1812 3873 2107 3927 creduntur
2149 3892 2271 3931 esse
2307 3876 2437 3931 Vita:
2481 3881 2773 3935 Theodosii
2810 3882 3237 3944 Cmnobiarclite.
3296 3900 3395 3939 nec

1814 3981 1920 4019 non
1964 3968 2204 4033 (ῥυῇ-ἰπὶ
2252 3972 2618 4037 anachoretae,
2681 3978 2772 4043 qui
2832 3975 3024 4029 iisdem
3064 3978 3396 4046 temporibus

1813 4058 2063 4114 claruere
2097 4062 2198 4114 viri
2260 4066 2593 4118 sanctissimi
2643 4085 2654 4119 :
2708 4067 2801 4121 sed
2836 4067 2980 4135 quod
3020 4069 3121 4122 illae
3173 4082 3397 4124 careant

1812 4156 2052 4211 auctoris
2078 4159 2452 4225 inscriptione,
2476 4159 2721 4214 feruntur
2742 4164 2961 4216 nomine
2974 4162 3111 4230 ejus,
3135 4165 3222 4231 qui
3250 4172 3400 4233 post-

1811 4264 1964 4303 remo
1998 4251 2161 4303 edidit
2196 4236 2617 4319 Metaphrastes,
2648 4270 2769 4307 cum
2804 4265 2983 4307 tamen
3020 4256 3134 4324 ipse
3166 4272 3226 4309 ea
3257 4258 3399 4310 anti-

1809 4342 1993 4409 quitus
2045 4343 2246 4411 scripta
2296 4354 2500 4397 tantum
2560 4346 2933 4413 exscripserit.
2964 4365 2981 4399 ι
3010 4347 3071 4400 Ει
3099 4364 3241 4401 anno
3268 4349 3394 4415 5H,

1812 4454 1865 4491 ιι.
1906 4438 1971 4491 21
2014 4458 2027 4492 :
2070 4459 2087 4491 ι
2128 4435 2455 4495 Auctoretsi
2490 4444 2706 4497 nomine
2758 4444 3024 4499 habeatur
3068 4448 3395 4515 incognitus,

1811 4532 2073 4603 Cyrillum
2110 4536 2251 4589 hunc
2278 4536 2449 4603 ipsum
2475 4538 2753 4599 existimo.
2780 4540 2872 4606 qui
2896 4540 3054 4593 sicuti
3083 4552 3394 4595 sanctorum

135 4618 487 4681 litasrnectabili
515 4619 813 4689 prementia
840 4621 1094 4674 extraxit.
1148 4619 1375 4674 Fetunm
1407 4622 1714 4677 abortiones
1739 4637 1793 4697 D
1822 4625 1976 4679 Saba:
2007 4636 2058 4679 et
2092 4627 2361 4697 Euthymii
2393 4636 2555 4696 atque
2582 4626 2806 4682 Joannls
2837 4628 3135 4684 Silentiarii
3172 4643 3227 4685 et
3258 4634 3395 4685 alio-

134 4712 387 4776 repressit,
448 4710 557 4779 qui
591 4712 720 4763 dum
776 4709 829 4763 in
884 4711 1047 4763 vitam
1091 4711 1360 4763 immaturi
1408 4713 1713 4779 prodibant,

140 4815 217 4864 per
245 4815 478 4855 mortem
517 4816 589 4854 ex
643 4803 750 4854 vita
798 4802 1247 4857 exturbabantur.
1302 4803 1478 4869 Quare
1524 4805 1715 4859 horum

136 4904 335 4945 matrem
371 4893 449 4946 oh
496 4891 658 4946 hanc
705 4888 1048 4944 an‘cctionem
1082 4892 1303 4960 perinde
1328 4908 1390 4946 ac
1431 4895 1473 4948 si
1517 4895 1717 4948 sterilis

137 4980 298 5034 luisset
332 4983 647 5037 fecundam
678 4981 933 5035 reddidit.
956 4980 1150 5051 lugens
1171 4982 1497 5037 locustarum
1526 4999 1715 5052 agmen

140 5078 276 5127 tertio
310 5076 672 5145 increpitans
691 5072 891 5141 abegit.
928 5071 1180 5126 Kericum
1210 5074 1450 5129 Orientis
1467 5077 1716 5129 comiti-nt

139 5178 258 5219 reste
285 5182 383 5221 Sua
444 5167 707 5226 cilicina,
736 5180 837 5232 qua
876 5180 975 5234 pro
1004 5168 1225 5220 thcrace
1266 5166 1413 5220 illum
1447 5169 1718 5233 induerat,

140 5257 579 5313 invulnerabilem
641 5257 915 5323 praestitit.
952 5258 1079 5311 Sara
1130 5267 1286 5312 terra:
1330 5260 1525 5315 ardore
1567 5261 1714 5325 laesa,

143 5345 403 5415 impelralo
467 5365 575 5421 per
630 5363 821 5416 preces
882 5349 1058 5402 imbre
1126 5352 1409 5404 recreavit.
1464 5351 1719 5407 Prreditit

145 5438 379 5506 ingentem
414 5456 520 5509 per
554 5449 725 5492 teme
756 5448 960 5492 motum
991 5438 1288 5494 Antiochia:
1322 5442 1553 5494 ruinam.
1586 5443 1717 5496 Mul-

146 5536 334 5601 los,qni
376 5532 747 5599 naufragium
792 5529 1059 5596 fecerant,
1105 5549 1226 5586 cum
1263 5532 1512 5589 ﬂuctibus
1552 5537 1719 5591 collu-

146 5633 338 5690 clintes,
369 5624 642 5692 periculo
678 5623 990 5691 spectabilis
1029 5626 1249 5694 eripuit.
1295 5626 1476 5683 Multis
1532 5642 1719 5685 auctor

152 5720 246 5775 tite:
268 5724 535 5793 religiosa:
574 5721 781 5783 factus,
804 5720 870 5771 ad
901 5718 1182 5773 Dominum
1235 5738 1266 5775 e
1304 5722 1414 5775 vita
1463 5727 1714 5779 excessit.

155 5810 247 5869 lites
263 5817 329 5872 illi
365 5813 656 5873 sulmonis
680 5812 732 5864 iit
760 5812 1060 5865 veneranda
1093 5811 1156 5865 Β.
1184 5812 1325 5868 Petri
1349 5815 1586 5883 Apostoli
1608 5820 1721 5873 teda

157 5921 411 5980 [eragztun
484 5929 504 5962 ι
586 5905 872 5960 Hactenus
933 5904 1151 5959 Meum.
1202 5906 1330 5972 Quae
1390 5910 1474 5963 hic
1524 5912 1721 5967 dicitur

446 6004 744 6064 Parnm.
793 5998 909 6057 Gn.
960 5999 1168 6059 CXlV.

1825 4732 1941 4768 rtnn
1974 4718 2110 4769 vitas
2138 4718 2356 4786 scriptis
2383 4730 2464 4772 est
2496 4730 2837 4788 prosecutus,
2884 4724 2954 4775 ita
2994 4725 3133 4777 haud
3167 4741 3264 4793 par
3312 4736 3399 4780 est

1822 4808 2067 4870 credere,
2110 4824 2268 4877 quem
2330 4811 2563 4865 habebat
2614 4828 2722 4882 prae
2775 4816 2970 4878 oculis,
3030 4814 3393 4871 Theodosium

1823 4900 2168 4967 praiteriisse,
2206 4900 2732 4973 prmtermisiéseque
2781 4922 2866 4960 res
2917 4908 2984 4961 ab
3024 4924 3089 4961 eo
3138 4895 3399 4977 praeclaro

1822 5001 2022 5055 gestas,
2056 4993 2279 5045 miuirne
2308 5009 2418 5062 pra:
2462 4996 2543 5049 sui
2597 4998 2858 5064 dignitate
2888 5001 3195 5053 obruendas
3228 5001 3397 5054 silen-

1824 5084 1917 5141 tio.
1977 5085 2213 5151 posteris
2258 5088 2491 5141 tradere.
2546 5088 2789 5155 Conjieiu
2821 5092 3034 5161 quidem
3088 5096 3155 5146 ab
3185 5094 3397 5164 impru-

1822 5177 1979 5230 dente
2046 5178 2229 5248 aliquo
2278 5180 2624 5234 obliti-ratum
2691 5182 2874 5254 Cyrilli
2909 5188 3147 5240 auctoris
3178 5205 3394 5253 nomen,

1822 5270 1911 5337 qui
1974 5272 2215 5326 referens
2268 5272 2395 5326 illud
2433 5275 2497 5326 ad
2530 5273 2787 5345 Cyrillum
2853 5276 3398 5349 llierOsolymitaunm

1823 5362 2153 5432 episcopum,
2193 5365 2282 5431 qui
2323 5365 2519 5418 claruit
2552 5368 2653 5419 sub
2692 5366 3010 5419 Constantio
3048 5373 3396 5438 imperatore.

1824 5454 1960 5509 falso
1992 5458 2192 5523 putarit
2222 5457 2384 5510 tribui
2416 5456 2617 5528 Cyrillo
2652 5460 2953 5517 ltileI‘lum,
2987 5476 3093 5528 qua
3127 5478 3213 5515 res
3234 5475 3397 5530 gesta:

1823 5547 1925 5601 sub
1982 5546 2183 5613 Leone,
2236 5546 2453 5601 Zc-uone
2503 5560 2556 5603 et
2623 5552 2909 5604 AnaSIasio
2965 5554 3225 5622 Augustis
3284 5564 3397 5607 tra-

1824 5648 2065 5699 ctantur,
2089 5639 2345 5707 ignorans
2377 5641 2546 5707 ipsum
2588 5641 2653 5693 de
2682 5656 2787 5705 quo
2818 5652 2900 5693 est
2934 5657 3133 5705 seruio,
3162 5642 3394 5695 nobilem

1827 5732 2142 5785 historicum
2171 5730 2457 5801 Cyrillum,
2483 5743 2644 5800 atque
2676 5733 3040 5799 l'alatstinunt,
3067 5733 3167 5789 hoc
3199 5749 3399 5787 vniisse

1829 5834 2091 5891 tempore.
2134 5842 2153 5877 ι

1904 5917 1954 5967 7.
1990 5914 2112 5972 llrcc
2150 5918 2369 5974 Barouii
2424 5917 2753 5988 ceitjectura.
2791 5919 3029 6059 Cyiillus
3080 5919 3300 5989 juvenis
3331 5930 3393 5974 ad

2908 6017 2939 6059 ε)

2908 6017 2939 6059 ἰ)
