4128 6488
719 450 825 513 459

1972 432 2252 493 ttENSIs
2294 434 2755 505 JANUARIUS.

3904 434 4013 498 £5!)

728 563 953 622 modum
977 574 1041 614 eo
1085 567 1332 625 tempore
1367 552 1489 620 fuit,
1528 566 1636 620 quo
1665 552 1722 605 S.
1753 548 1923 604 Salius
1964 566 2027 604 ex
2060 563 2310 618 suscep'a
2346 554 2393 611 Α
2420 555 2535 624 ejus
2571 556 2760 621 Roma,
2794 558 2882 611 tibi
2928 556 3130 610 obierat
3153 596 3168 620 ,
3216 556 3406 610 delata:
3451 552 3819 622 requiescunt.
3863 572 3881 602 ι
3918 552 4016 605 Est

726 656 1177 713 ailJustinialmnt
1215 651 1602 720 imperatorem
1634 645 1909 713 legatione
1945 660 2034 699 att.
2063 643 2186 706 550,
2224 660 2311 698 re-

723 765 914 805 tersns
972 755 1074 811 est,
1130 743 1271 797 haud
1330 742 1422 795 diu
1475 740 1595 791 dein
1648 746 1944 804 superstes.
2004 735 2133 788 Eunt
2185 746 2311 789 nnc

723 837 1039 911 Scythopoli
1102 835 1393 889 adireruut
1461 827 1646 898 Cyrilli
1705 825 2309 896 parcntes,atqneipsi

721 946 892 1000 puero
945 931 1305 995 impetrarunt
1352 918 1814 973 benedictionem.
1870 916 1950 967 lla
2000 917 2065 967 de
2104 929 2159 967 Se
2197 915 2312 984 ipse

722 1025 957 1095 Cyrillus
992 1024 1042 1074 in
1073 1019 1187 1072 Vita
1214 1016 1271 1071 S.
1315 1014 1470 1068 Sabrc
1499 1031 1511 1067 :
1539 1032 1556 1063 ι
1592 1010 1725 1065 Cnnt
1761 1024 1846 1060 me
1877 1022 2111 1078 magnus
2137 1007 2309 1059 Salyas

722 1120 1041 1185 aspexisset,
1088 1123 1141 1166 et
1195 1108 1508 1169 salutasset,
1567 1116 1620 1158 et
1683 1118 1777 1155 sua
1848 1102 2097 1171 dignatus
2158 1110 2306 1153 esset

719 1206 1138 1267 benedictione;
1182 1202 1280 1256 llic
1332 1199 1550 1259 exhinc,
1601 1194 1779 1263 inquit
1809 1194 1971 1261 patri,
2000 1200 2083 1245 est
2148 1206 2304 1245 meus

722 1297 1040 1361 discipulus.
1074 1295 1339 1348 Doceatur
1363 1304 1491 1359 ergo
1522 1286 1843 1341 Psalterium
1867 1302 1880 1337 :
1915 1297 1980 1338 eo
2003 1282 2147 1336 enim
2174 1296 2310 1351 Opus

726 1393 917 1445 habeo.
958 1408 975 1440 ι
1008 1387 1065 1441 ln
1098 1384 1225 1438 Vita
1257 1383 1315 1438 S.
1352 1382 1590 1448 Quiriaci
1627 1380 1696 1435 29
1726 1376 2086 1448 Septembris,
2111 1376 2311 1429 dicitur

726 1485 891 1539 fuisse
925 1500 942 1533 ι
985 1496 1049 1536 ex
1087 1478 1417 1533 monasterio
1448 1474 1623 1543 Magni
1658 1470 1954 1541 Euthymii,
1985 1480 2039 1523 et
2068 1483 2095 1521 a
2130 1466 2307 1535 magni

727 1574 999 1645 Euthymii
1043 1572 1194 1625 laura
1256 1571 1323 1623 ad
1365 1568 1423 1619 Β.
1461 1566 1615 1619 Saba:
1646 1564 1851 1617 lautam
1893 1558 2211 1621 accessisse,
2255 1565 2310 1610 ιιι

726 1672 932 1724 videret
963 1665 1336 1721 S'.lentiarium
1397 1659 1662 1713 Joannem
1718 1657 2054 1724 episcopum,
2104 1651 2190 1705 cui
2253 1650 2311 1703 iit

728 1767 975 1820 minister
1016 1761 1318 1814 litterarum
1372 1755 1437 1807 ad
1494 1752 1557 1807 Β.
1624 1751 1965 1817 Quiriacum,
1994 1757 2049 1801 et
2095 1746 2163 1799 ab
2209 1747 2310 1799 hoc

726 1859 981 1912 didicisse
1020 1867 1105 1907 res
1146 1861 1326 1921 geStas
1379 1846 1481 1900 SS.
1542 1841 1817 1912 Euthymii
1866 1848 1921 1894 et
1961 1838 2135 1902 Sabae,
2170 1853 2307 1907 quas

2424 658 2629 712 autem,
2665 669 2680 701 ι
2714 661 2769 703 ιιι
2797 650 2995 704 ibidem
3036 650 3273 711 additur,
3317 667 3334 700 ι
3374 648 3526 703 locus
3568 646 3857 701 cmmiterii
3890 661 4015 712 spe--

2421 740 2599 803 lunca,
2626 743 2675 793 in
2709 758 2834 811 qua,
2866 757 2989 795 cum
3040 754 3068 792 a
3126 739 3295 810 Magis
3331 740 3521 794 illusus
3560 748 3704 792 esset
3744 734 4016 797 Herodes,

2415 827 2565 895 juxta
2615 830 2889 900 Evangelii
2920 830 3224 893 oraculum,
3283 830 3356 884 illi
3408 830 3530 885 inde
3556 828 3848 891 solventes,
3888 841 4014 879 cum

2423 918 2472 971 in
2504 921 2735 986 patriam
2794 924 3057 985 redirent,
3113 932 3455 978 manserunt.
3498 921 3555 975 In
3613 920 3715 974 hac
3751 920 4013 987 Spelunca

2420 1020 2641 1065 Sanctus
2666 1012 2823 1067 Pater
2857 1024 3043 1068 noster
3076 1013 3415 1069 Theodosius
3432 1012 3845 1080 cumreligiosa:
3886 1010 4013 1063 vitae

2418 1108 2716 1160 certamina
2748 1107 3099 1174 ceiiferisset,
3147 1108 3316 1176 gratia
3346 1109 3584 1162 donatus
3618 1115 3699 1160 est
3732 1106 4016 1159 damoncs

2420 1198 2672 1266 ejicicntli
2715 1218 2727 1254 :
2766 1216 2938 1269 neque
2978 1210 3186 1256 tantum
3226 1203 3275 1255 in
3308 1201 3409 1256 hac
3446 1200 3776 1267 temporaria
3824 1197 4011 1251 brevi-

2419 1305 2522 1359 que
2556 1293 2683 1356 vita,
2715 1294 2807 1348 sed
2833 1294 2993 1348 etiam
3022 1305 3141 1363 post
3192 1294 3398 1349 obitum
3444 1293 3564 1347 illos
3589 1293 3740 1362 ejieit
3770 1291 3835 1344 ad
3868 1290 4016 1343 hunc

2421 1402 2589 1454 usque
2622 1388 2785 1451 diem,
2817 1389 2883 1442 ad
2920 1388 3145 1457 gloriam
3171 1398 3225 1442 et
3263 1389 3475 1442 laudern
3507 1387 3707 1442 Christi
3743 1387 3849 1439 reri
3892 1384 4015 1445 Dei,

2420 1488 2473 1532 et
2501 1477 2800 1532 Salvatoris
2828 1480 3121 1545 nostri,cui
3155 1480 3326 1548 gloria
3354 1480 3404 1531 in
3439 1476 3633 1532 saecnla
3660 1475 4014 1530 srcculorum

2418 1574 2610 1624 Amen.
2654 1590 2672 1622 ι
2716 1569 2843 1626 Haec
2869 1571 2923 1625 itt
2959 1571 3148 1643 Elogio
3174 1572 3437 1636 auctoris,
3471 1586 3534 1625 ex
3564 1585 3693 1623 mss.
3726 1567 3936 1623 Crtecis
3961 1567 4012 1618 in

2420 1662 2705 1728 posteriori
2739 1662 2978 1716 editione
3002 1679 3030 1716 a
3064 1663 3367 1733 Rosweydo
3393 1673 3579 1715 nostro
3599 1663 3839 1730 praefixo,
3863 1658 4015 1728 quod

2418 1755 2484 1809 ab
2514 1754 2663 1808 obitu
2734 1758 2886 1826 psius
2919 1755 3120 1811 Moschi
3156 1757 3223 1811 ab
3251 1758 3431 1826 aliquo
3469 1756 3710 1824 ejusdem
3766 1753 4012 1808 coenohii

2420 1849 2684 1902 monacho
2720 1852 3103 1905 concinnatum
3157 1853 3523 1919 suspicamur.
3559 1848 3719 1901 Multa
3752 1861 3815 1901 ex
3846 1861 3917 1902 eo
3960 1846 4013 1899 in

726 1950 1074 2018 conscripsit.
1132 1962 1149 1994 ι
1218 1942 1375 1995 Plura
1429 1938 1498 1991 ΞΟ
1527 1935 1766 1990 Januarii
1800 1934 1865 1986 ad
1901 1934 2062 1985 vitam
2117 1931 2176 1986 S.
2207 1932 2310 1984 Ett-

2425 1940 2753 1995 Bihliotheca
2778 1940 2981 2008 Photii,
3008 1954 3267 1997 tuteutute
3301 1943 3402 1998 199
3418 1944 3677 1997 citantur.
3698 1940 3827 2007 Qnre
3846 1955 3965 2011 por:
3983 1955 4016 1993 ο

729 2044 939 2114 ttytnii.
995 2040 1120 2094 "me
1183 2035 1451 2092 sulIiciant
1489 2043 1546 2086 ut
1588 2029 1853 2101 professio
1885 2027 2027 2095 ejus,
2088 2035 2309 2080 electas

727 2143 1059 2207 agnoscatur

798 2231 852 2285 8.
905 2228 1084 2282 Alium
1116 2230 1291 2279 tamen
1320 2221 1387 2275 ab
1411 2220 1513 2273 hoc
1538 2218 1867 2273 arbitramur
1890 2214 2011 2268 vita:
2047 2211 2104 2267 S.
2130 2212 2310 2267 Theo-

728 2324 868 2379 dosii
906 2328 1227 2383 auctorem;
1286 2313 1366 2368 vel
1420 2313 1562 2378 ideo,
1628 2309 1775 2379 quod
1815 2321 2084 2376 nusquam
2138 2306 2188 2358 in
2248 2319 2311 2359 ea

730 2418 935 2471 mentio
990 2414 1087 2467 ﬁat
1140 2408 1320 2465 autS.
1364 2404 1661 2474 Euthymii,
1695 2411 1787 2457 aut
1838 2409 1988 2455 certe
2033 2399 2091 2454 S.
2134 2399 2311 2460 Salue,

731 2511 874 2565 inter
923 2522 1084 2577 quem
1121 2516 1300 2559 tamen
1348 2509 1401 2554 et
1435 2499 1492 2553 S.
1525 2495 1890 2551 Theodosium
1922 2500 2136 2547 constat
2165 2507 2315 2545 siun-

732 2618 872 2657 mam
904 2598 1203 2654 amicitiam
1240 2601 1401 2661 atque
1446 2590 1870 2645 familiaritatem
1909 2584 2313 2645 intercessisse,

730 2708 788 2749 ut
844 2692 1007 2752 infra.
1042 2692 1070 2762 ᾗ
1118 2691 1171 2753 5,
1230 2684 1453 2755 patebit.
1492 2682 1694 2736 Deinde
1726 2678 1927 2733 inultus
1967 2686 2049 2732 est
2084 2674 2317 2745 Cyrillus

733 2791 785 2841 in
819 2781 1191 2839 describendis
1240 2772 1669 2831 circuitistantiis
1724 2769 1852 2832 loci,
1914 2767 2194 2836 temporis.
2231 2780 2318 2817 so-

730 2881 985 2939 ciorum,
1055 2882 1191 2936 etc.,
1234 2883 1368 2938 quas
1426 2865 1566 2920 alter
1627 2863 1714 2917 vix
1775 2860 2010 2929 attingit.
2078 2857 2322 2924 Denique

731 2974 970 3041 seipsum
1035 2965 1161 3020 alibi
1220 2964 1376 3025 citat,
1426 2971 1480 3015 ct
1521 2960 1662 3013 vitas
1710 2970 1740 3009 a
1793 2969 1851 3009 se
1881 2953 2229 3021 descriptas:
2268 2960 2322 3004 at

736 3082 799 3119 ne
836 3063 1052 3133 quidem
1115 3059 1169 3113 in
1215 3056 1272 3111 S.
1334 3050 1489 3110 Saba:
1539 3053 1700 3118 actis,
1747 3049 1838 3105 ubi
1890 3048 2050 3103 toties
2080 3044 2325 3099 meminit

735 3157 793 3211 S.
816 3152 1127 3217 Theodosii,
1159 3148 1243 3203 vel
1267 3148 1459 3202 leviter
1491 3146 1696 3199 indicat
1726 3157 1755 3195 a
1786 3156 1844 3198 se
1874 3140 1990 3210 ejus
2013 3153 2133 3193 esse
2161 3137 2323 3189 vitam

736 3249 1111 3319 compositam.

805 3343 859 3398 9.
924 3341 1182 3394 Dicuntur
1214 3334 1377 3398 infra,
1438 3348 1491 3384 ιι.
1528 3329 1617 3391 40,
1654 3327 1803 3380 titulti
1834 3324 2143 3379 erutlithne
2183 3323 2318 3375 insi-

736 3450 866 3506 gnes
911 3433 967 3486 S.
1027 3428 1317 3484 Theodosii
1384 3425 1689 3479 institutum
1726 3418 1981 3487 amplexi,
2012 3426 2067 3470 et
2125 3431 2181 3468 ιι.
2212 3412 2280 3468 '59
2305 3453 2319 3476 ,

738 3526 890 3582 multi
917 3540 981 3580 ex
1015 3525 1114 3577 hac
1141 3519 1450 3575 eruditione
1479 3515 1771 3585 prodiisse,
1799 3509 2053 3564 Ecclesia:
2080 3508 2320 3578 episcopi

736 3632 789 3676 ct
820 3627 1089 3689 pastores,
1112 3625 1166 3669 et
1202 3613 1473 3667 variorum
1524 3604 1979 3662 monasteriorum
2022 3600 2317 3655 antistites.

737 3709 931 3777 Quidni
966 3706 1161 3776 aliquis
1200 3706 1396 3759 ltortttn
1431 3698 1718 3769 praeclaras
1749 3694 1995 3765 magistri
2048 3692 2131 3746 sui
2184 3692 2325 3758 opti-

739 3805 919 3870 mique
971 3799 1216 3866 parentis
1255 3797 1481 3850 virtutes
1531 3787 1945 3859 descripserit?
1989 3784 2140 3852 Quod
2183 3785 2323 3839 haud

738 3897 828 3947 diu
880 3902 1000 3962 post
1049 3892 1169 3958 ejus
1228 3886 1470 3948 obitum,
1524 3884 1622 3936 sub
1687 3894 2001 3935 successore
2052 3877 2323 3941 fortassis,

737 3986 939 4041 factum
969 3983 1169 4038 indicat
1195 3982 1391 4036 citatus
1421 3977 1592 4039 locus,
1626 3976 1681 4027 in
1707 3988 1816 4042 quo
1842 3983 1896 4025 et
1927 3971 2019 4040 qui
2059 3970 2116 4024 S.
2152 3968 2324 4024 Theo-

739 4078 900 4143 dosii,
935 4085 987 4132 et
1007 4075 1097 4144 qui
1126 4073 1244 4143 ejus
1275 4066 1607 4123 successoris
1630 4063 1830 4119 eruditi
1860 4071 1987 4117 sunt
2019 4061 2324 4130 disciplina,

738 4174 1152 4225 enumerantur.
1204 4161 1331 4217 Fuit
1375 4159 1518 4212 inter
1564 4152 1859 4209 Theodosii
1908 4150 2203 4219 discipulos
2231 4148 2326 4204 Ju-

739 4264 936 4323 lianus,
962 4271 1121 4327 quem
1173 4265 1399 4321 magnus
1434 4246 1793 4311 Theodosius,
1832 4252 1888 4295 ut
1918 4258 1973 4298 n.
2006 4242 2068 4294 7i
2106 4242 2323 4311 legitur,

744 4376 761 4407 ι
803 4367 1018 4422 semper
1052 4348 1282 4404 habebat
1303 4346 1509 4399 socium
1552 4342 1676 4394 vita:
1705 4354 1771 4393 ex
1805 4336 2025 4392 Christo
2066 4337 2311 4406 agendae,

740 4450 1061 4516 volebntque
1107 4457 1229 4497 cum
1285 4454 1348 4494 eo
1381 4434 1777 4507 philosophari,
1826 4444 1877 4486 et
1916 4446 2036 4486 esse
2069 4446 2190 4483 eum
2226 4428 2325 4481 sibi

740 4544 947 4599 socimn
996 4535 1323 4593 solitudinis.
1367 4551 1384 4582 ι
1425 4530 1498 4584 Ex
1552 4529 1667 4594 ejus
1722 4525 2005 4587 relatione,
2041 4532 2135 4575 aut
2190 4521 2328 4574 forte

2415 2033 2501 2085 hic
2550 2032 2618 2087 de
2662 2032 2854 2103 Magis,
2887 2034 3167 2101 sepultura
3199 2045 3250 2089 et
3294 2044 3563 2105 potestate
3603 2033 3659 2087 S.
3714 2030 4015 2086 Theodosii

2418 2126 2469 2179 in
2504 2126 2778 2182 dastnones
2816 2128 3152 2195 referuntur,
3187 2130 3373 2184 eadem
3431 2129 3680 2199 leguntur
3711 2128 3762 2180 in
3794 2124 3917 2180 Vita
3958 2139 4013 2175 n.

2415 2216 2468 2283 9,
2520 2217 2610 2287 10,
2668 2228 2798 2285 etc.,
2831 2234 2991 2288 quam
3022 2222 3229 2290 pridem
3261 2231 3417 2277 antea
3454 2220 3813 2289 conscriptam
3842 2217 4018 2269 luisse

2414 2311 2497 2365 vel
2556 2311 2679 2367 inde
2730 2314 3000 2383 conjicere
3034 2314 3112 2369 fas
3163 2324 3268 2379 est,
3311 2314 3436 2385 quia
3474 2314 3681 2383 alioqui
3740 2311 3860 2381 ejus
3905 2311 4019 2360 rii-

2419 2414 2558 2457 tutes
2616 2419 2721 2457 neu
2779 2405 2918 2459 idem
2990 2415 3471 2461 commemorasset
3523 2403 3824 2466 Moschus,
3911 2401 4016 2452 nisi

2421 2494 2472 2547 in
2522 2496 2763 2548 omnium
2836 2494 2948 2563 jam
3016 2496 3207 2553 fuisset
3256 2498 3503 2551 manibus
3561 2495 3796 2567 scriptus
3855 2494 3923 2546 de
3957 2493 4022 2544 iis

2424 2587 2660 2642 libellus.

2668 2724 2695 2794 ᾗ
2747 2724 2839 2779 Ill.
2888 2725 3049 2781 .Etas
3110 2728 3241 2796 ejus.
3293 2726 3518 2795 Tempus
3557 2726 3749 2779 obitus.

2489 2854 2575 2910 10.
2627 2855 2686 2911 Ut
2732 2854 2969 2926 Cgrillus
3020 2857 3071 2910 itt
3131 2860 3392 2928 iCIIlPOIiS
3440 2858 3648 2912 ratione
3703 2855 4017 2912 adnotanda

2427 2947 2659 3017 diligens
2701 2948 2801 3001 fuit
2837 2955 3001 3016 atque
3043 2958 3356 3013 accuratus,
3408 2950 3479 3003 ita
3535 2949 3623 3003 hic
3674 2957 3867 3002 auctor
3897 2965 4020 3001 eam

2428 3039 2540 3094 fere
2572 3040 2844 3108 neglexit,
2873 3056 3037 3094 unum
3066 3042 3167 3095 hoc
3201 3041 3403 3096 dixisse
3438 3051 3726 3095 contentus
3758 3040 3927 3104 n.84,
3962 3042 4022 3093 δ.

2428 3130 2793 3187 Theodosium
2819 3134 3041 3198 ohiissc,
3078 3148 3198 3187 cum
3244 3148 3413 3187 annos
3452 3135 3671 3188 vixisset
3699 3143 3925 3195 centum
3970 3145 4028 3188 et

2430 3225 2670 3293 quinque
2724 3236 2778 3279 et
2827 3226 2988 3296 paulo
3041 3227 3293 3295 amplius.
3353 3226 3431 3280 Ex
3474 3237 3603 3295 quo,
3630 3227 3678 3282 si
3707 3242 3889 3281 annus
3931 3236 4030 3281 ant

2428 3318 2724 3371 nativitatis
2759 3328 2852 3371 aut
2882 3318 3062 3373 obitus
3111 3321 3182 3373 sit
3228 3331 3561 3388 compertus,
3594 3322 3801 3390 reliqua
3868 3323 4032 3376 facile

2423 3408 2781 3464 deducentur.
2814 3410 3051 3479 Tempus
3086 3412 3267 3464 obitus
3300 3416 3449 3479 (nam
3483 3428 3599 3481 qua!
3626 3428 3789 3466 senex
3842 3416 4030 3482 potis-

2426 3502 2623 3554 simum
2669 3502 2856 3571 gessit,
2906 3518 2967 3556 ea
3002 3504 3313 3572 diligentius
3367 3506 3637 3573 desnipta
3692 3508 3844 3571 sunt)
3876 3509 4033 3574 prius

2427 3592 2832 3662 inquirendum.
2876 3592 3191 3663 Supcrviait
3240 3596 3297 3650 S.
3342 3596 3677 3652 Theodosius
3731 3599 4035 3651 Anastasio

2427 3682 2740 3753 imperatori
2808 3690 2883 3753 (ιι.
2912 3684 3002 3753 55)
3032 3689 3301 3741 exstincto
3333 3702 3421 3741 an.
3448 3688 3550 3742 Ch.
3604 3686 3729 3742 518.
3763 3687 4039 3743 Praedixit

2429 3783 2793 3829 terrtctnolutn
2826 3776 3127 3832 Antiochiae
3162 3778 3242 3847 (ti.
3270 3777 3361 3847 76)
3389 3779 3457 3831 ali
3482 3789 3595 3847 ptot
3627 3780 3817 3833 diebus
3844 3781 4035 3850 prius-

2427 3879 2587 3933 quam
2643 3865 2816 3929 fieret,
2865 3881 2954 3921 an.
3012 3867 3115 3923 Ch.
3153 3868 3279 3925 526.
3310 3868 3612 3938 Sepultum:
3646 3871 3763 3938 ejus
3827 3873 3910 3939 (ιι.
3937 3870 4038 3937 8ἴ)

2430 3958 2675 4013 interfuit
2720 3958 2913 4014 Petrus
2962 3960 3033 4015 ill
3076 3961 4040 4033 hnjusnotninisHierosolymorum

2429 4052 2759 4122 patriarcha,
2796 4056 2885 4122 qui
2927 4053 3123 4108 Joanni
3156 4054 3220 4120 ll,
3251 4070 3340 4109 an.
3368 4053 3495 4120 524,
3520 4055 3592 4107 2‘2
3626 4055 3797 4123 April.
3830 4056 3951 4110 ind.
3978 4056 4037 4116 2.

2431 4154 2643 4200 mortuo
2673 4148 2958 4213 successit,
2993 4162 3307 4216 supremum
3350 4150 3493 4203 diem
3538 4149 3735 4203 clausit
3762 4164 3856 4202 an.
3898 4150 4039 4204 546.

2433 4238 2559 4293 ll.rc
2594 4255 2659 4295 ex
2701 4238 2819 4294 Vita
2843 4239 3181 4309 Nicephorus
3205 4240 3461 4295 Callistus
3494 4240 3530 4293 l.
3560 4256 3674 4295 xm
3701 4244 3845 4296 Hist.
3895 4248 4038 4298 uel.

2431 4347 2479 4389 c.
2502 4331 2595 4397 ει,
2622 4335 2689 4387 ita
2712 4332 2899 4388 scribit
2932 4350 2945 4387 :
2979 4354 2996 4383 ι
3020 4329 3323 4387 Justiniauo
3344 4334 3515 4389 adhuc
3533 4335 3821 4404 imperium
3849 4338 4041 4390 admi-

2432 4429 2720 4489 nistrante,
2752 4433 2807 4481 et
2839 4441 3068 4496 magnus
3099 4426 3185 4480 ille
3204 4424 3413 4479 Sahbas
3442 4437 3496 4481 et
3519 4426 3815 4496 praeclarus
3846 4430 4041 4485 Theo-

2431 4518 2641 4583 dosius,
2672 4519 2840 4573 eremi
2874 4519 3151 4587 pra'sides,
3202 4518 3525 4586 superstites
3579 4530 3757 4573 erant.
3816 4520 4040 4575 Verum

740 4634 903 4688 etiam
958 4624 1385 4685 connuentariis,
1452 4620 1593 4673 haud
1651 4630 1820 4684 pauca
1883 4614 2130 4667 hausisse
2184 4611 2323 4663 hunc
2356 4628 2403 4684 υ
2433 4609 2945 4681 priorTheodosius
2978 4610 3045 4664 ad
3105 4609 3270 4664 Deum
3304 4611 3545 4666 transiit.
3594 4611 3802 4666 Sabbas
3836 4628 4040 4669 autem

745 4734 1045 4784 auctorem,
1085 4718 1356 4786 conjicere
1390 4715 1515 4767 licet
1551 4726 1613 4765 cx
1645 4711 1709 4763 iis
1740 4722 1881 4777 quae,
1914 4721 1964 4762 c.
2009 4704 2095 4770 16,
2141 4722 2193 4757 ιι.
2228 4703 2319 4766 7i,

745 4823 1016 4871 d.ctmtnr.
1078 4811 1198 4865 Fuit
1233 4824 1357 4861 vero
1395 4805 1645 4860 Julianus
1690 4802 1768 4852 \ir
1808 4813 2055 4865 magnus,
2098 4797 2321 4865 dignus-

745 4926 849 4981 que
908 4916 1057 4960 tanto
1114 4904 1372 4970 magistto
1428 4895 1726 4963 dl§Civi|liis
1759 4934 1772 4952 ,
1829 4893 1944 4959 ipso
1998 4893 2159 4943 etiam
2208 4898 2320 4940 tum

747 5007 957 5057 \ivetilc
1012 4998 1186 5051 factus
1242 4994 1530 5061 CpiSLOPUS
1603 4984 1943 5047 Bostrensis,
1998 4993 2323 5048 coactusque

746 5096 888 5167 quod
924 5093 1123 5146 Severo
1154 5085 1493 5141 Antiocheno
1526 5080 1779 5134 haeretico
1802 5076 2110 5132 consentire
2134 5073 2319 5135 nollet,

748 5198 925 5256 iugem
963 5166 1422 5248 ultro'atripcre,
1461 5186 1515 5227 ut
1570 5173 1853 5241 Cragi-ius,
1915 5168 1948 5221 l.
2004 5185 2081 5229 ιιι,
2137 5182 2185 5221 c.
2232 5166 2318 5219 55.

750 5284 904 5349 isque
940 5282 1055 5347 ipse
1088 5284 1191 5337 est,
1232 5274 1383 5340 cujus
1427 5267 1613 5331 vitam,
1643 5279 1737 5316 seu
1772 5262 1950 5331 potius
2003 5259 2320 5313 miraculum

749 5375 935 5430 ealii-is
989 5369 1262 5429 venenati,
1312 5365 1467 5431 signo
1525 5358 1705 5411 crucis
1748 5366 1871 5408 ante
1902 5355 2067 5417 edito,
2109 5353 2323 5405 immxic

747 5469 914 5535 epoti,
953 5472 1157 5525 narrat,
1209 5476 1258 5515 c.
1307 5457 1377 5514 94
1408 5453 1559 5509 Preti
1621 5450 1918 5519 spiritantia
1954 5447 2189 5503 Joannes
2219 5446 2324 5502 Mo-

749 5564 911 5614 schus
938 5577 951 5625 ;
980 5557 1069 5627 qui
1103 5566 1158 5610 et
1179 5558 1316 5623 ipse,
1350 5563 1407 5605 ut
1437 5550 1488 5603 in
1518 5548 1834 5617 prwlattone
1860 5542 2041 5611 operis
2067 5540 2318 5605 refertur,

755 5678 771 5705 ι
829 5653 1095 5722 prmcipio
1144 5647 1363 5717 quidem
1419 5642 1615 5699 saeculo
1666 5638 1996 5691 renuntiavit
2036 5638 2087 5688 in
2131 5650 2321 5690 tnona-

749 5745 918 5800 sterio
944 5744 1000 5795 S.
1028 5740 1089 5794 Ρ.
1124 5739 1185 5792 Ν.
1208 5736 1497 5792 Tltcetiosii
1543 5732 1752 5787 abbatis
1785 5740 1836 5783 et
1880 5727 2320 5781 architnandtilttt

750 5835 1013 5892 omniuw,
1072 5849 1187 5900 qua:
1213 5838 1335 5885 sunt
1366 5826 1750 5896 Ilicrosolymis
1782 5822 2174 5882 rmnobiorum,
2210 5823 2321 5873 sive

754 5924 1223 5987 n-onasteriol'ttm,
1294 5940 1309 5972 ι
1363 5923 1428 5974 ad
1481 5920 1631 5988 cujus
1679 5913 2034 5971 ινυῖιιιξζειίιιξιι
2084 5912 2319 5980 reliquid:

2431 4703 2841 4772 nonagesimum
2899 4711 3028 4758 tunc
3054 4718 3223 4773 agens
3251 4718 3453 4757 annum
3487 4704 3555 4757 ab
3592 4703 3822 4760 Alliensi
3880 4712 4043 4762 anti-

2429 4797 2985 4865 Stitelegatusitcrutn
3001 4794 3531 4866 Constantinopolim
3557 4798 3623 4851 ad
3638 4796 4034 4855 Justinianunt

2431 4891 2482 4943 in
2516 4892 2659 4944 tentti
2682 4901 2840 4959 atque
2871 4891 3124 4943 imbecilli
3157 4890 3446 4945 admodum
3474 4901 3691 4945 senecta
3724 4891 4043 4958 fluctuans,

2430 4983 2708 5053 profectus
2732 4993 2837 5035 est.
2868 4981 3194 5035 Sutnaritani
3227 4998 3477 5051 namque,
3519 4981 3733 5037 Juliauo
3777 4990 4041 5053 quodam

2433 5092 2556 5144 rege
2588 5077 2689 5131 sibi
2737 5084 2944 5140 creato,
2981 5075 3245 5143 plurimas
3296 5074 3621 5129 Christianis
3656 5077 3904 5144 supetbe
3948 5081 4039 5132 in-

2426 5170 2600 5240 jniias
2650 5168 2901 5231 tulerant,
2942 5186 2960 5218 ι
3019 5176 3125 5221 etc.
3173 5183 3293 5235 quae
3330 5164 3668 5234 Nieephorus
3710 5184 3740 5223 e
3794 5169 3927 5223 \‘ita
3978 5173 4039 5224 S.

2433 5264 2589 5317 Saba:
2626 5260 2947 5328 desumpsit,
2970 5260 3057 5313 ubi
3084 5273 3146 5312 ea
3186 5258 3263 5312 sic
3305 5256 3467 5312 refert
3501 5258 3732 5328 erillus
3776 5277 3789 5311 :
3827 5278 3849 5311 ι
3891 5263 4041 5317 Cum

2426 5359 2536 5426 jam
2565 5365 2743 5407 autem
2786 5353 3070 5420 imperium
3123 5351 3510 5420 assutnpsissct
3563 5351 3952 5420 Justinianus,
3987 5368 4046 5411 et

2430 5463 2608 5502 rerum
2643 5447 2974 5511 suscepisset
2994 5444 3553 5510 administrationem,
3576 5447 3768 5515 agebat
3794 5452 4042 5515 quidem

2432 5543 2489 5596 Β.
2526 5542 2698 5595 δτιΙιιιδ
2721 5538 2781 5592 91
2823 5552 3043 5598 annum,
3096 5535 3254 5589 finem
3319 5550 3449 5590 vero
3478 5538 3597 5590 vita:
3627 5550 3930 5605 acceperat
3957 5544 4050 5595 tli-

2431 5634 2589 5687 vintts
2621 5629 2975 5683 Theodosius.
3029 5627 3130 5691 Qui
3192 5628 3245 5679 in
3297 5625 3580 5680 Palestina
3625 5627 3853 5697 quidem
3914 5646 4049 5689 erat

2432 5726 2659 5795 populus
2698 5721 3192 5781 Satnnritanortttn,
3229 5733 3349 5773 cum
3390 5717 3658 5773 Julianttnt
3694 5731 4044 5792 quemdam,

2429 5821 2518 5887 qui
2554 5820 2666 5885 ipse
2690 5828 2904 5883 quoque
2926 5822 3042 5865 erat
3064 5812 3463 5874 San‘taritattus,
3498 5814 3598 5866 sibi
3631 5828 3815 5879 regem
3843 5833 4054 5873 creas—

2430 5922 2572 5980 st‘nl,
2603 5908 2794 5963 multas
2832 5907 3055 5973 i::j!::‘3'.:s
3099 5906 3367 5961 faciebant
3418 5908 3767 5972 (:ltl‘isll;2li5,
3837 5928 3857 5960 ι
3926 5924 4045 5967 etc.
