4128 6488
151 412 217 469 lii
805 407 979 464 VITA
1118 406 1539 465 .TJIEODOSII
1584 407 2179 468 ΕΟΞΝΟΒΙᾹῖἶΕΗᾹΞ.
2213 434 2235 441 ·

2312 407 2588 467 ΡΗΟΟΞΜ
2606 411 2698 468 i.\.
3290 411 3396 474 462

151 525 373 581 Petavius
404 534 597 578 noster
627 524 663 576 l.
695 540 789 576 xttt
847 524 919 576 De
952 526 1198 576 doctrina
1236 535 1549 589 temporum,
1581 524 1715 576 SCl'i-
1742 526 1792 583 Α
1819 525 1932 591 ejus
1967 524 2308 585 monasterii,
2364 523 2649 577 Theodosii
2698 525 2904 592 legatus
2935 525 3274 591 subscriptus
3314 544 3394 577 ιιι-

150 623 309 675 bitan.
331 616 434 672 Ch.
468 616 596 678 5‘29,
623 614 787 670 Junio
818 630 1027 679 mense,
1066 631 1093 668 a
1126 614 1487 668 Sarnaritanis
1522 627 1574 669 et
1604 615 1702 669 Ju-

150 711 246 766 tlmis
266 708 659 762 rebellantibus
680 708 820 761 hunc
836 706 1110 760 Julianunr
1134 721 1308 774 regem
1325 708 1704 778 constiti-turn,

149 800 398 856 etdeindc
448 815 477 853 a
521 800 696 869 copiis
749 797 1045 852 Justiniani
1077 813 1199 850 cum
1245 799 1358 851 suis
1416 799 1706 852 rebellibus

151 895 528 960 interemptum.
564 891 720 945 Auno
752 891 997 958 sequenti
1041 888 1145 943 550
1183 888 1346 943 refert
1384 889 1706 958 legationem

149 989 192 1039 S.
226 985 375 1039 Saba:
426 985 495 1037 ad
558 983 951 1045 Justinianurn,
993 999 1101 1053 quo
1154 992 1397 1051 tempore
1445 983 1500 1036 S.
1537 984 1709 1035 Sabas

150 1078 305 1142 agebat
335 1091 543 1129 annum
568 1075 743 1128 aetatis
764 1074 853 1139 91,
915 1084 1100 1141 utpote
1126 1083 1285 1126 natus
1311 1074 1409 1127 sub
1427 1073 1709 1127 COIIStIidlu

152 1166 533 1223 ii'l‘hcodosii.
570 1166 620 1219 id
684 1176 765 1219 est
799 1181 940 1219 anno
994 1165 1125 1219 Chr.
1171 1164 1301 1230 459,
1332 1174 1387 1217 ιιι
1424 1180 1484 1217 ex
1526 1163 1709 1233 Cyrilli

151 1263 424 1316 assertione
456 1259 855 1329 apparetinitio
884 1256 1016 1311 Viue
1045 1258 1102 1310 S.
1141 1256 1317 1311 Sabae.
1351 1255 1557 1311 Obierit
1584 1272 1712 1325 ergo

152 1357 195 1409 5.
222 1354 555 1408 Theodosius
588 1353 691 1426 hoc
721 1352 778 1403 Η
820 1350 1092 1415 Januarii,
1129 1365 1271 1404 anno
1294 1349 1392 1403 Ch.
1430 1349 1553 1413 529,
1588 1360 1713 1403 ante

154 1450 429 1502 inchoatam
456 1444 725 1498 Samarita
738 1460 823 1497 no:
841 1461 929 1499 utn
946 1446 1303 1508 seditionem,
1318 1447 1557 1497 secundo
1574 1458 1715 1496 anno

152 1541 330 1610 imperii
380 1538 701 1601 εἶιῖδῑέηῖιιηί,
765 1537 852 1605 Qui
899 1536 1111 1591 Justino
1140 1536 1403 1589 avunculo
1431 1552 1573 1588 anno
1608 1534 1711 1589 527

153 1634 346 1701 Augusti
381 1633 406 1684 1
443 1644 538 1684 aut
563 1631 597 1682 Ξ
629 1630 1158 1698 (variantauetores)
1194 1627 1469 1690 defuncto,
1501 1642 1717 1681 succes-

155 1737 274 1781 Serat
302 1726 438 1793 ipsis
485 1734 611 1777 ante
641 1722 895 1776 Kalendis
945 1722 1146 1789 Aprilis
1201 1720 1335 1774 feria
1387 1721 1418 1774 5
1457 1722 1506 1773 ιιι
1548 1720 1715 1774 Carna

154 1818 358 1881 Domini,
400 1817 467 1870 ab
519 1831 584 1870 eo
640 1816 934 1883 imperator
987 1823 1225 1869 creatus.
1256 1813 1373 1879 Quo
1419 1815 1717 1881 imperante

1812 617 1930 668 dem
1971 616 2152 668 libello
2198 616 2415 683 legitur.
2450 614 2671 668 Vivebat
2724 619 2904 668 adhuc
2951 619 3165 682 quidem
3217 618 3394 669 Theo-

1811 710 1995 763 dosius
2031 709 2167 776 ipse,
2202 709 2267 761 de
2309 725 2416 778 quo
2454 710 2553 761 ista
2614 711 2663 760 in
2706 710 2820 776 ejus
2860 712 2988 766 \tla.
3026 720 3138 774 post
3170 712 3267 762 alia
3302 731 3393 761 sn.

1810 812 1992 867 scepta
2030 814 2128 867 pro
2178 799 2279 851 lide
2335 799 2633 852 orthodoxa
2693 802 3015 861 certamina,
3077 800 3332 870 leguntur
3379 820 3393 854 :

1809 888 1942 942 Cum
1979 892 2041 941 de
2078 905 2141 941 eo
2175 887 2506 958 (Theodosio
2538 890 2768 958 scilicet)
2814 890 3172 945 intellexisset
3220 904 3273 946 et
3303 892 3397 962 qui

1814 982 2013 1036 veteris
2044 981 2228 1036 Roma:
2252 984 2438 1036 sedem
2468 982 2691 1051 pulchre
2719 986 2940 1037 terrebat
2966 984 3033 1053 (is
3065 994 3244 1038 autern
3281 996 3401 1040 erat

1818 1075 2112 1144 Agapitus)
2168 1085 2221 1130 et
2295 1076 2383 1143 qtti
2454 1075 2850 1129 Antiochenam
2919 1078 3102 1131 sedem
3173 1078 3400 1147 regebat.

1816 1167 2094 1235 Ephmim,
2119 1168 2233 1222 sive
2260 1168 2545 1235 Ephrazrn;
2581 1168 2680 1237 ipsi
2706 1182 2920 1237 quoque
2952 1172 3164 1239 populis
3192 1180 3398 1223 tectam

1818 1258 1975 1313 ﬁdem
2015 1259 2401 1328 prtedicabant.
2436 1261 2492 1313 ln
2518 1262 2714 1328 quibus
2747 1262 2913 1315 multa
2938 1276 3058 1315 sunt
3094 1263 3158 1315 ad
3185 1264 3397 1315 laudern

1819 1352 1980 1421 hujus
2014 1353 2154 1406 beati
2191 1353 2518 1422 cowposita,
2560 1370 2679 1422 qua:
2725 1372 2828 1408 non
2861 1355 3126 1409 minorem
3175 1357 3399 1425 gloriam

1818 1446 2048 1499 aﬂerutrt
2086 1446 2151 1499 iis
2179 1446 2270 1516 qui
2308 1446 2667 1515 scripserunt,
2702 1462 2863 1515 quam
2906 1447 2952 1501 ei
2986 1449 3075 1515 qui
3142 1448 3401 1501 laudaba-

1822 1550 1931 1604 tur,
1964 1540 2106 1608 quod
2140 1555 2244 1593 non
2284 1541 2348 1593 ad
2403 1541 2654 1609 gratiam.
2687 1543 2781 1594 sed
2819 1540 2973 1606 plane
3019 1541 3083 1594 ad
3120 1544 3400 1595 veritatem

1822 1632 1979 1685 ﬁeret
2018 1632 2275 1684 laudatio.
2336 1652 2353 1682 ι
2398 1632 2468 1684 Ita
2504 1632 2787 1685 Duronius.
2822 1630 3018 1685 Verum
3061 1647 3235 1701 neque
3262 1634 3403 1701 Aga-

1822 1735 1980 1792 petus
2025 1739 2184 1790 papa,
2246 1739 2421 1790 neque
2484 1723 2741 1788 Eplrraim
2776 1724 3112 1791 patriarcha,
3145 1726 3403 1780 dicuntur

1823 1816 2002 1869 vivum
2034 1817 2282 1869 laudasse
2320 1816 2376 1869 S.
2410 1816 2808 1880 Theodosium;
2852 1818 2945 1870 sed
2977 1833 3096 1870 cum
3126 1832 3401 1873 certamen

152 1909 488 1978 supervixerit
561 1907 619 1961 S.
662 1906 1002 1960 Theodosius
1051 1921 1194 1960 anno
1244 1922 1376 1971 uno,
1441 1905 1717 1959 mensibus
1746 1901 1792 1961 B
1822 1907 1959 1973 ejus,
1998 1923 2117 1960 cum
2150 1908 2441 1961 Anastasio
2474 1908 2665 1974 imper.
2703 1924 2801 1975 pro
2837 1908 2939 1960 ﬁde
2966 1908 3403 1976 orthodoxajam

153 2002 381 2071 quinque,
418 2010 511 2054 aut
542 2016 755 2053 novem.
802 2001 919 2066 Quo
969 2007 1215 2065 tempore
1265 1998 1501 2052 Kericus
1546 1997 1718 2051 victo-

154 2096 264 2148 riam
284 2096 348 2147 de
371 2092 556 2147 Persis
587 2092 908 2160 reportavit,
934 2092 1154 2143 indutus
1181 2089 1239 2143 S.
1267 2089 1558 2144 Theodosii
1595 2089 1715 2142 cili-

150 2188 237 2251 cio,
287 2187 516 2255 ejusque
543 2184 911 2239 admonitione
940 2195 1063 2237 ante
1105 2184 1475 2248 conﬁrmatus,
1507 2192 1562 2236 ut
1582 2183 1718 2237 p.75

153 2292 196 2334 et
220 2280 278 2333 74
295 2280 520 2332 dicitur.
553 2277 646 2330 llis
668 2277 743 2330 ita
761 2277 1093 2341 constitutis,
1117 2287 1275 2330 natus
1295 2275 1459 2329 fuerit
1478 2276 1537 2332 S.
1551 2276 1719 2331 Theo-

152 2375 305 2426 dosius
331 2388 426 2425 an.
466 2371 566 2424 Ch.
596 2370 723 2423 425.
754 2368 1075 2423 Discesserit
1095 2384 1123 2422 c
1148 2370 1340 2439 patria,
1364 2380 1483 2439 post
1509 2385 1717 2424 sacram

154 2466 467 2532 Scripturam
504 2463 699 2532 populo
726 2462 816 2515 diu
850 2463 1183 2530 prmlectarn,
1212 2479 1265 2516 n.
1297 2462 1349 2527 4,
1378 2477 1519 2516 anno
1534 2462 1714 2516 aetatis

151 2560 222 2623 ‘18,
261 2559 463 2614 Christi
497 2557 627 2624 451,
657 2557 783 2610 dum
814 2554 1272 2611 Chalcedonensis
1321 2557 1559 2627 synodus
1585 2570 1719 2610 con-

153 2654 482 2725 grrgabatnr.
519 2671 537 2702 ι

210 2748 286 2798 il.
323 2747 592 2799 Baronius
621 2754 754 2799 tntn.
801 2743 892 2797 γιι
943 2742 1137 2795 Annal.
1174 2743 1301 2797 ecel.
1340 2758 1427 2795 an.
1461 2743 1559 2795 Ch.
1595 2742 1719 2807 55⁸2,

155 2858 195 2890 η.
229 2839 310 2902 21,
348 2846 543 2891 censet
594 2854 613 2887 ι
666 2834 1032 2888 Theodosium
1071 2833 1226 2901 longe
1275 2842 1395 2900 post
1431 2832 1487 2888 S.
1522 2832 1721 2887 Sabam

153 2932 270 2981 diem
297 2940 611 2983 extremum
647 2925 933 2987 clausisse,
986 2930 1041 2977 et
1065 2923 1268 2976 vixisse
1310 2924 1721 2991 adlructempo-

154 3024 281 3076 ribus
300 3024 536 3092 Agapcti
567 3018 796 3071 Romani
832 3014 1140 3080 Pontiﬁcis;
1192 3016 1373 3082 itaque
1416 3015 1573 3084 plane
1603 3028 1722 3067 cor-

153 3116 442 3183 rigendum,
480 3114 626 3182 quod
660 3112 906 3165 additum
954 3120 1037 3165 est
1072 3110 1121 3163 in
1159 3110 1297 3162 actis
1334 3108 1512 3170 Saba',
1544 3107 1720 3161 Theo-

150 3207 339 3260 dosium
362 3216 497 3261 ante
521 3222 646 3260 eum
680 3205 820 3258 diem
839 3206 1062 3259 obiisse.
1101 3223 1118 3255 ι
1159 3202 1280 3255 [hec
1308 3201 1592 3254 Baronius.
1620 3198 1722 3252 Sed

151 3304 402 3368 quotnou'o
456 3303 509 3353 id
567 3300 722 3353 Actis
754 3300 993 3352 additum
1030 3298 1253 3367 probat?
1307 3295 1419 3362 Ipse
1449 3300 1487 3346 t.
1518 3289 1606 3357 Vl,
1634 3307 1721 3345 an.

150 3391 259 3445 Chr.
284 3394 414 3453 475,
446 3409 505 3445 ιι.
536 3391 627 3457 43,
660 3393 803 3445 hunc
844 3411 861 3442 ι
899 3390 1160 3460 Cyrillum
1191 3389 1509 3454 diligentem
1548 3392 1601 3437 et
1638 3398 1724 3435 vc-

152 3487 303 3539 ritatis
342 3486 617 3539 cultorem
650 3485 865 3537 illorum
905 3494 1202 3551 temporum
1235 3478 1517 3532 ﬂorentem
1556 3477 1724 3529 histo-

150 3584 299 3633 riCum
328 3580 577 3641 dixerat,
622 3596 639 3626 r
679 3588 729 3630 et
762 3592 852 3629 an.
903 3575 1004 3628 Ch.
1063 3573 1190 3634 491,
1253 3588 1306 3625 ιι.
1355 3569 1407 3634 5,
1446 3567 1724 3623 historiam

152 3673 249 3740 ejus
282 3692 299 3723 t
338 3674 490 3727 scitu
555 3672 828 3740 dignam,
884 3678 937 3721 ct
994 3665 1297 3719 Annalibus
1342 3658 1727 3716 ecclesiasticis

149 3779 424 3833 mitigatam
461 3772 728 3825 vocarat;
782 3775 903 3813 cum
960 3756 1288 3827 praesertim,
1336 3753 1532 3818 inquit,
1560 3767 1587 3802 ιι
1619 3748 1724 3819 Cy-

150 3854 251 3908 rillo
274 3855 556 3909 monacho
590 3852 859 3919 discipulo
891 3848 1196 3901 admirandi
1248 3846 1392 3898 illius
1430 3841 1726 3911 Enthyrnii,

156 3950 221 4012 pii
254 3948 338 3999 his
364 3946 602 3999 vivebat
662 3940 1014 4012 terriporibus,
1059 3939 1259 4006 scripta
1305 3936 1485 3989 fuerit.
1548 3933 1733 3987 Liceat.

148 4039 333 4105 absque
365 4039 584 4093 invidia
629 4038 832 4098 dicere,
884 4050 969 4088 me
1014 4034 1283 4086 neminem
1315 4029 1582 4097 reperisse
1612 4040 1731 4093 posr

149 4130 230 4184 SS.
253 4133 637 4187 Athanasium
674 4138 838 4198 atque
863 4126 1277 4195 Hieronymum,
1300 4123 1387 4191 qui
1421 4119 1611 4188 majori
1631 4118 1731 4171 ﬁde

146 4226 409 4293 scripserit
445 4222 936 4277 sanetissimorum
989 4218 1225 4271 virorum
1296 4229 1380 4268 res
1410 4224 1611 4283 gestas.
1648 4210 1730 4263 o‘i-

147 4330 319 4383 gerens
349 4331 451 4369 eas
480 4325 658 4382 atque
686 4311 1023 4379 diStingueus
1059 4316 1313 4361 accurate
1347 4314 1729 4373 pentetnpora,

148 4412 328 4479 seipse
364 4409 649 4479 Cyrinus,
691 4406 821 4459 dum
871 4420 992 4472 qua:
1049 4403 1164 4471 ipse
1215 4402 1369 4464 vidit,
1406 4398 1484 4451 vel
1520 4405 1733 4451 sancto-

149 4518 243 4555 rum
277 4504 427 4558 onrni
461 4502 756 4571 probitate
780 4496 1148 4566 prarsmutiuur
1197 4493 1435 4547 virorum
1475 4489 1733 4542 relatione

1821 2001 2027 2071 pridem
2060 2000 2276 2063 initum,
2315 2000 2440 2054 huic
2472 2000 2774 2054 larrdationi
2828 2000 3027 2055 ibidem
3066 2018 3121 2054 ιι.
3155 2001 3243 2067 55,
3274 2017 3405 2056 eon-

1814 2094 2096 2163 jungatur,
2153 2093 2368 2148 videtur
2427 2094 2642 2148 oblatus
2697 2096 2764 2147 ab
2809 2094 2926 2160 ejus
2990 2096 3405 2151 successoribus

1821 2187 2034 2241 libellus
2076 2190 2421 2241 occasionem
2472 2187 2773 2256 praebuisse
2840 2187 3094 2241 laudandi
3163 2205 3270 2243 non
3329 2190 3404 2242 ita

1825 2280 2029 2349 pridem
2064 2279 2379 2334 defunctum
2426 2280 2814 2345 Theodosium,
2853 2281 3159 2350 piissimum
3215 2297 3404 2338 eorum

1824 2384 2103 2441 parentem
2168 2384 2224 2426 et
2281 2373 2597 2427 monasterii
2642 2371 3009 2427 furrdalorem.
3045 2372 3274 2427 Creatus
3323 2384 3407 2429 est

1825 2467 2096 2535 Agapetus
2147 2466 2208 2519 11
2261 2464 2406 2531 Junii
2456 2465 2581 2519 anni
2638 2464 2781 2530 535,
2830 2465 3061 2519 decessit
3113 2479 3258 2518 anno
3314 2482 3407 2518 se-

1825 2557 2031 2627 qucnli.

1898 2648 1982 2702 15.
2016 2645 2218 2700 Deinde
2259 2644 2469 2701 difﬁc-ile
2498 2645 2722 2711 probatu
2756 2656 2838 2700 est
2874 2646 3203 2718 liesychium
3261 2652 3405 2703 hunc

1828 2740 1938 2809 (qui
2009 2738 2250 2808 lsychus,
2314 2736 2544 2792 lsichius
2598 2738 2816 2807 dicitur)
2865 2739 3091 2792 missum
3153 2739 3319 2793 fuisse
3376 2754 3407 2792 a

1829 2831 1887 2885 Β.
1919 2829 2227 2883 Theodosio
2258 2837 2369 2881 tum
2414 2828 2748 2898 supersrite',
2774 2838 2828 2881 et
2879 2842 2983 2881 non
3026 2828 3205 2898 potius
3248 2843 3276 2881 a
3309 2827 3411 2882 So-

1827 2923 2054 2993 phronio
2096 2923 2213 2991 ejus
2263 2935 2607 2975 successore.
2642 2919 2718 2972 Ita
2765 2921 2909 2973 enim
2963 2921 3176 2975 actione
3217 2936 3233 2974 ι
3267 2921 3411 2989 ejus-

1829 3018 1947 3068 dem
1979 3015 2192 3084 synodi,
2234 3014 2284 3065 in
2329 3013 2509 3065 libello
2541 3029 2568 3064 a
2608 3022 2784 3065 mOrte
2831 3014 3054 3081 Agapttti
3105 3014 3171 3066 ab
3218 3013 3408 3066 iisdem

1832 3108 2111 3161 mmtrciris
2141 3107 2320 3159 oblato
2361 3106 2773 3159 subscribitur:
2815 3123 2832 3156 ι
2886 3106 3185 3175 Hesychius
3231 3106 3410 3160 divinat

1772 3248 1792 3262 η
1833 3198 2176 3254 miseratione
2199 3196 2479 3268 presbyter
2508 3207 2561 3250 et
2595 3198 2895 3251 monachus
2920 3199 3232 3251 monasterii
3265 3197 3411 3251 beati

1755 3258 1794 3297 ε’
1837 3292 2046 3343 abbatis
2076 3290 2405 3354 Theodosii,
2460 3289 2634 3341 lorum
2674 3298 2863 3342 tenens
2914 3286 3203 3354 Saphronii
3260 3304 3411 3358 prcs—

1838 3383 2009 3450 hytcri
2051 3391 2104 3433 et
2140 3381 2584 3434 archimandrin
2620 3382 2790 3449 ipsius
2827 3380 3137 3434 monasterii
3166 3390 3219 3433 et
3254 3381 3414 3448 primi

1839 3478 2001 3526 totius
2056 3474 2220 3526 eremi
2272 3471 2791 3541 Hierosolymorum,
2847 3487 2969 3525 curn
3016 3471 3269 3525 omnibus
3309 3472 3412 3536 his,

1836 3568 1924 3633 qui
1956 3580 2164 3619 mecum
2198 3563 2347 3619 missi
2372 3575 2522 3629 sunt,
2550 3565 2998 3619 archimandritis
3026 3564 3414 3634 Hierosolymi-

1839 3660 1977 3712 tarris
2006 3661 2067 3712 ad
2094 3661 2233 3711 hanc
2275 3658 2479 3725 regiam
2510 3657 2721 3721 urbem,
2747 3657 2836 3726 qui
2868 3657 3070 3709 iaciunt
3100 3669 3197 3722 pro
3234 3654 3409 3706 omni-

1838 3756 1938 3805 ‘ot-s
1966 3751 2409 3804 archimandritrs
2437 3761 2485 3803 et
2525 3750 2823 3804 monachis.
2848 3749 2934 3816 qui
2971 3749 3215 3801 habitant
3244 3747 3415 3815 ipsam

1837 3860 2079 3899 eremonr
2105 3854 2155 3897 et
2204 3852 2314 3897 trts
2352 3843 2684 3908 l’ata:stinas,
2720 3843 2811 3911 qui
2841 3858 2941 3893 una
2970 3856 3180 3893 merum
3215 3836 3419 3907 suppli-

1840 3944 2058 4001 carunt;
2094 3934 2393 4003 subscripsi
2414 3935 2475 3987 de
2496 3948 2765 3987 coosensu
2786 3933 3025 3984 omnium
3055 3940 3105 3981 et
3125 3929 3359 3997 porrexi.
3391 3943 3410 3975 ι

1840 4029 1949 4083 imo
2006 4030 2092 4081 hic.
2129 4028 2443 4095 Hesychius,
2506 4028 2594 4095 qui
2661 4041 2781 4079 cum
2845 4024 3134 4092 Polyeucto
3190 4022 3416 4075 diacono

1840 4131 1894 4175 et
1929 4119 2145 4175 Juliauo
2197 4121 2484 4182 monacho,
2531 4128 2759 4185 utroque
2801 4116 3042 4182 ejusdem
3099 4114 3415 4167 monasterii

1842 4212 1902 4266 Β.
1959 4212 2247 4265 Theodosii
2296 4210 2535 4271 a!umuo,
2576 4208 2819 4262 interfuit
2868 4207 2941 4259 illi
2987 4206 3213 4276 synodo,
3261 4208 3417 4257 modo

1844 4304 2039 4358 dicitur
2066 4302 2433 4365 Ambasiator,
2489 4314 2545 4354 ut
2573 4311 2679 4353 act.
2711 4300 2745 4352 2
2776 4308 2828 4351 et
2859 4298 2913 4360 4,
2958 4298 3115 4349 modo
3150 4295 3326 4357 Prior,
3362 4305 3419 4347 ut

1843 4405 1951 4450 act.
1979 4395 2034 4456 5,
2057 4395 2215 4447 modo
2254 4392 2418 4445 etiam
2453 4387 2905 4451 archirnandrita,
2942 4394 2999 4437 ut
3034 4397 3138 4437 act.
3182 4384 3205 4437 1
3264 4395 3315 4437 et
3360 4384 3414 4445 ὅ,

1844 4486 1925 4540 vel
1965 4486 2087 4553 quia
2120 4484 2341 4538 alterius
2368 4481 2619 4537 carnobii.
2655 4479 2726 4531 illi
2759 4476 3136 4531 Tlreodosiano
3164 4478 3240 4528 su‘
3262 4474 3413 4543 jecti,

147 4598 333 4659 didicit,
374 4566 606 4663 absque
646 4590 749 4644 levi
782 4588 1093 4658 suspicione
1144 4586 1416 4639 mendae-ii
1461 4583 1729 4635 sinceram
1772 4604 1811 4657 υ
1845 4576 2129 4647 praefectus
2170 4574 2281 4642 janr
2331 4574 2512 4636 fuerit,
2564 4570 2648 4626 vel
2676 4570 2820 4639 quod
2862 4579 3073 4621 ruortuo
3102 4566 3413 4633 Sophronio

149 4689 412 4742 veritatem
450 4684 641 4740 veiuti
703 4690 1112 4736 sacrosanctum
1162 4676 1465 4746 depositum
1489 4674 1736 4742 posteris

150 4782 368 4844 tradidit,
403 4792 623 4847 nempe
647 4784 769 4827 acta
798 4772 1096 4844 Euthymii,
1133 4771 1367 4838 itemque
1389 4768 1543 4822 Saba:
1578 4776 1737 4833 atque

144 4872 344 4929 Joannis
376 4870 734 4927 Silentiarii.
788 4885 803 4917 r
845 4866 954 4920 Cur
994 4882 1096 4917 non
1132 4863 1301 4931 igitur
1327 4861 1543 4914 illmsam
1576 4870 1741 4928 atque

153 4968 383 5021 iunctam
412 4968 575 5020 hanc
617 4961 755 5014 tanti
785 4959 1247 5025 set‘iptor'islnstor
1267 4958 1368 5006 iam
1392 4952 1736 5019 suscipimus,

150 5074 171 5108 τι
194 5058 439 5115 Patribus
463 5067 709 5127 quoque
729 5050 917 5121 synodi
964 5047 1194 5101 Nicena:
1226 5061 1264 5099 ιι
1297 5044 1509 5097 actione
1546 5043 1737 5110 prima,

153 5153 425 5205 honoriﬁce
462 5151 735 5203 citatam.
779 5161 799 5194 ι

210 5244 286 5297 li.
313 5242 565 5298 Causam
595 5233 917 5302 corrigendi
950 5230 1062 5285 hzec
1092 5231 1225 5283 Acta
1286 5225 1504 5280 deducit
1554 5233 1593 5277 t.
1626 5221 1739 5279 Vll.

155 5350 270 5393 anno
294 5337 427 5394 Chr.
472 5330 620 5395 556,
661 5343 813 5382 num.
849 5328 899 5389 1,
928 5326 1017 5380 ubi
1052 5332 1222 5376 relato
1251 5334 1315 5375 ex
1352 5321 1564 5389 synodo
1596 5317 1739 5371 Con-

156 5429 641 5499 stantinopolitarra
676 5421 779 5476 sub
808 5419 1002 5473 Menna
1038 5429 1181 5479 acta,
1235 5412 1415 5470 libello
1444 5410 1729 5465 monacho-

162 5543 277 5591 rum,
303 5524 493 5581 oblato
534 5523 797 5590 Agapeto
823 5527 971 5583 papae
994 5521 1182 5564 contra
1205 5506 1544 5567 Anthirnum,
1569 5502 1729 5557 Seve-

162 5632 329 5673 mmet
356 5626 610 5672 ceteros
660 5605 969 5665 haereticos,
1001 5598 1320 5667 subjungit:
1365 5613 1382 5645 ι
1424 5594 1568 5647 inter
1614 5593 1746 5645 alios

164 5710 285 5765 aﬁuit
310 5710 513 5783 legatio
546 5722 581 5759 a
628 5710 835 5769 magno
872 5695 961 5749 illo
994 5690 1297 5746 Theodosio
1325 5684 1742 5744 Cmncbiarrha,

166 5808 215 5855 de
254 5774 576 5876 quo'plrrra
636 5790 899 5862 snperius
946 5788 1101 5840 laude
1134 5783 1452 5852 dignissrrra
1489 5791 1607 5876 pro.
1646 5774 1748 5826 ﬁrle

170 5868 421 5964 perfuncta
442 5896 734 5953 enarrata
760 5892 910 5941 sunt.
956 5877 1260 5947 Hesychius
1289 5875 1431 5927 cnim
1467 5868 1748 5940 ριεςίιγιιι·

1845 4669 2190 4731 successerit,
2226 4667 2552 4731 additusque
2600 4665 2650 4717 in
2678 4659 3078 4729 exemplaribus
3118 4660 3189 4711 sit
3244 4660 3421 4711 archi~

1845 4761 2123 4813 mandritte
2153 4760 2339 4811 titulus
2372 4774 2398 4809 a
2430 4756 2689 4809 librariis.
2722 4752 2946 4806 Praefuit
2971 4750 3092 4803 huic
3141 4760 3418 4801 monaste-

1847 4855 1925 4906 rio
1947 4851 2241 4921 Gregorius
2265 4847 2686 4903 archimandrita
2723 4854 2964 4911 tempore
3009 4840 3213 4894 Tiberii
3252 4842 3422 4907 impr-

1851 4946 2043 4999 ratoris
2090 4945 2233 4997 circa
2271 4957 2360 4994 an.
2392 4941 2492 4993 Ch.
2541 4937 2664 5002 580,
2707 4936 2860 5005 cujus
2913 4933 3158 4988 meminit
3185 4931 3422 4986 Joannes

1844 5039 2117 5101 Moschus,
2151 5052 2269 5105 cap.
2322 5034 2413 5094 9!.
2467 5033 2535 5086 93
2579 5042 2630 5085 et
2670 5030 2738 5083 94
2789 5027 2939 5080 l’rati
2992 5024 3306 5095 spiritualis.
3362 5022 3420 5076 I;r

1845 5129 2020 5199 elogio
2072 5128 2297 5183 Joannis
2357 5124 2594 5188 Moschi,
2658 5136 2778 5175 cum
2839 5134 3035 5189 corpus
3111 5118 3227 5183 ejus
3280 5130 3424 5169 anno

1846 5223 1949 5278 ﬁl9
1980 5224 2060 5277 vel
2097 5221 2199 5277 620
2229 5222 2445 5275 ineunte
2486 5215 2565 5286 (ut
2596 5213 2867 5281 colligitur
2894 5226 2959 5265 ex
2995 5210 3144 5262 initio
3170 5209 3427 5262 indictio-

1848 5316 1928 5367 nis
1954 5314 2029 5383 8).
2074 5312 2364 5366 referretur
2384 5308 2557 5362 Roma
2590 5308 2654 5358 ad
2691 5300 3218 5365 noctnonasterimn,
3252 5299 3426 5353 nomi-

1849 5419 2008 5459 natur
2049 5406 2275 5459 antistes
2325 5402 2439 5468 t-jus
2501 5398 2783 5467 Georgius,
2817 5394 3064 5463 Gregorii
3105 5393 3245 5448 forte
3284 5393 3428 5445 illius

1850 5514 1910 5551 δυ
1920 5512 2105 5552 εςρεεο
2115 5512 2159 5550 1⁸.

1922 5589 2007 5642 14.
2033 5586 2165 5641 liter.
2198 5584 2263 5640 de
2286 5592 2442 5639 relate
2472 5584 2529 5639 S.
2565 5580 2878 5642 Theodosii,
2926 5579 3079 5649 quasi
3130 5578 3426 5639 velitando.

1851 5680 2143 5735 subtimide
2174 5678 2301 5747 quia
2336 5688 2527 5731 contra
2562 5673 2740 5743 magni
2778 5672 3066 5727 Annaiinm
3098 5669 3431 5725 ecclesiasti-

1850 5788 2036 5827 corum
2065 5772 2307 5826 auctoris
2338 5768 2687 5829 sententiam,
2724 5778 2991 5834 nusquam
3028 5771 3208 5817 tamen
3245 5761 3354 5816 nisi
3379 5762 3431 5813 in

1855 5865 2030 5919 soiido
2066 5862 2279 5918 ﬁrmum
2309 5863 2531 5931 ligentes
2568 5858 2871 5925 vestigium,
2922 5856 3385 5925 diSputaVL-ramus
3418 5867 3427 5903 :
