4128 6488
757 448 865 513 ιω

1999 445 2280 506 MENSIS
2301 444 2763 529 nummus.

3934 430 4036 494 ibi

759 580 879 616 cum
925 576 1119 615 novum
1175 561 1411 616 oblatum
1445 570 1527 615 est
1585 562 1757 627 nobis,
1814 577 1921 632 quo
1966 563 2333 631 conje’i'turam

2457 568 2771 620 2.;rbonibus
2828 564 3035 633 implet,
3074 563 3278 632 absque
3331 562 3451 632 igne
3487 558 3721 615 sumtum
3788 556 4033 624 imponit,

762 667 999 709 nostrain
1044 653 1439 717 stabiliremus,
1476 664 1879 724 argumentum,
1914 656 2076 724 idque
2105 656 2344 722 ejusmo-

759 752 835 812 di,
862 761 914 803 ιιι
955 750 1184 803 convelli
1222 764 1324 801 non
1360 765 1517 816 posse
1549 751 1944 804 existinwmns.
1979 750 2109 804 Nam
2164 767 2282 820 qna'
2316 766 2343 804 ει

759 843 1123 912 Metaphraste
1160 843 1300 894 edita
1336 854 1418 895 est
1567 842 1722 896 Sal-.e
1776 847 1905 908 viza,
1963 844 2224 897 inolentis
2258 845 2346 897 hic

758 938 922 989 citata
984 950 1011 986 a
1066 937 1241 996 ιιοιςιδ,
1298 938 1602 1002 iterumque
1654 936 1794 989 infra
1834 938 2075 997 citanda,
2112 936 2238 1003 quia
2292 938 2342 987 iit

757 1030 1000 1082 omnium
1032 1044 1109 1084 est
1153 1028 1436 1089 tn:inil)=:s;
1487 1044 1606 1082 Cain
1650 1045 1679 1083 e
1731 1038 1944 1083 vetusto
1978 1030 2187 1095 codice,
2220 1041 2345 1083 ante

761 1138 957 1174 annum
1007 1123 1208 1174 Christi
1252 1121 1413 1185 1054,
1469 1135 1712 1186 exara'o,
1764 1124 2123 1177 nactisumus
2156 1121 2345 1175 Latine

747 1226 966 1265 «'ersam
989 1224 1115 1264 ante
1146 1212 1314 1279 ipsius
1344 1212 1724 1277 Metaphrasitn
1748 1226 1959 1266 a‘tateni
1993 1231 2055 1267 :e
2087 1228 2190 1281 qua
2221 1227 2343 1265 cum

762 1303 891 1356 illud
924 1304 1430 1367 ttltllllatltcrliltttls,
1471 1319 1591 1356 eam
1625 1322 1744 1372 qua:
1791 1306 2004 1373 volgata
2042 1317 2126 1357 est
2167 1320 2286 1358 esse
2316 1318 2346 1357 a

764 1395 1129 1463 Metapht'aste
1162 1398 1381 1463 paulum
1440 1396 1567 1450 hinc
1622 1398 1745 1451 inde
1788 1398 2191 1467 antpliliiatant,
2230 1408 2341 1450 tum

758 1498 816 1543 δ.
848 1487 1140 1542 Theodosii
1174 1492 1359 1542 obitus
1391 1504 1588 1541 annum
1615 1488 1869 1558 d.cmque
1924 1492 2232 1542 didicimus.
2271 1489 2344 1541 lla

756 1582 900 1633 enim
936 1582 1098 1634 habet
1136 1599 1149 1633 :
1191 1599 1207 1630 ι
1240 1580 1537 1649 Incipiente
1568 1589 1747 1634 autem
1782 1581 2135 1646 nonagesimo
2167 1582 2344 1650 primo

759 1676 935 1728 attatis
961 1691 1103 1727 anno
1148 1673 1327 1726 Patris
1355 1674 1524 1727 nostri
1563 1674 1740 1739 Saba',
1772 1675 1966 1728 beatus
2002 1679 2347 1744 supradictus

761 1765 1094 1820 Theodosius
1124 1766 1233 1834 jam
1273 1781 1439 1819 senex
1464 1775 1516 1818 et
1547 1766 1739 1834 plenus
1763 1769 1993 1830 dierum,
2024 1770 2184 1820 vitam
2208 1770 2346 1821 hanc

762 1867 1033 1911 terrenam
1070 1858 1354 1917 deserens,
1390 1860 1454 1908 ad
1497 1857 1695 1909 crelum
1730 1857 2002 1923 transivit,
2036 1857 2217 1911 Mense
2258 1855 2343 1909 Ja-

762 1953 971 2011 nuario,
1007 1950 1093 2002 die
1147 1950 1450 2011 undecima,
1509 1949 1806 2001 indictione
1861 1953 2114 2018 septima.
2166 1950 2261 2003 Cui
2294 1952 2347 2003 in

763 2043 1081 2093 n-onastc-rii
1111 2041 1375 2109 regimine
1420 2037 1707 2094 Sofronius
1744 2043 2033 2100 successit,
2067 2043 2118 2094 ιιι
2164 2056 2348 2096 mena-

760 2133 937 2184 i-hicis
969 2132 1275 2185 action.bus
1302 2132 1435 2183 satis
1462 2131 1757 2198 perfectus.
1795 2131 1919 2185 Post
1941 2130 2347 2186 del‘unctioncm

758 2236 940 2281 autem
995 2225 1204 2279 abbat's
1247 2223 1531 2279 Theodosii
1594 2226 1865 2278 irruentes
1899 2223 2247 2290 Samaritani,
2278 2237 2351 2280 to-

763 2332 868 2373 tam
898 2330 1113 2387 gentem
1160 2317 1457 2371 Palaestina:
1491 2320 1930 2386 concitaverunt,
1962 2321 2125 2372 tttnlta
2159 2319 2347 2385 illicita

760 2423 1075 2482 Operantes,
1121 2411 1486 2479 eci'lesiasque
1523 2413 1896 2479 deprtedautes
1955 2424 2118 2480 alque
2162 2412 2347 2466 incen-

764 2515 980 2568 dentes,
1023 2503 1367 2559 Christianos
1408 2507 1612 2572 absque
1660 2503 1761 2555 ulla
1798 2506 2168 2558 misericordia
2205 2506 2345 2558 oeci-

765 2603 977 2661 dentes,
1012 2614 1229 2651 ontnem
1270 2601 1544 2664 regionem
1575 2596 1682 2666 igni
1712 2597 2016 2650 tradebant.
2054 2594 2349 2651 Venientes

764 2704 945 2742 antetn
974 2692 1040 2741 ad
1094 2686 1393 2756 Neapolim,
1448 2687 1722 2756 nimisque
1753 2691 2152 2758 superbientes,
2187 2690 2352 2755 impe-

767 2794 1007 2836 ratorem
1036 2781 1136 2833 sibi
1165 2782 1563 2832 constituerunt
1590 2778 1860 2833 lulianum
1895 2781 2216 2849 quemdam;
2267 2781 2349 2831 iit-

770 2880 1135 2941 vadi-ntcsqne
1180 2873 1493 2933 civitatem,
1543 2876 1859 2941 episcopum
1922 2872 2349 2937 interfecerunt,

768 2986 944 3023 \‘ITUIII
1006 2969 1299 3020 sanctitate
1360 2966 1614 3032 plenum,
1680 2966 1892 3020 Manion
1958 2967 2197 3020 nomine.
2265 2968 2353 3019 Si-

769 3063 971 3116 militer
1026 3070 1075 3113 et
1139 3061 1400 3128 quosdam
1444 3074 1539 3126 pre
1577 3062 1792 3130 bytcros
1852 3062 2243 3128 apprehensus,
2279 3059 2353 3111 di-

768 3156 943 3208 versis
974 3151 1250 3221 suppliciis
1298 3150 1555 3215 laniatos,
1606 3153 1711 3219 igni
1749 3150 2077 3215 tradebant;
2110 3153 2349 3219 tia-que,

769 3263 891 3315 qua:
923 3250 1079 3315 regia:
1132 3242 1490 3307 vocabantur,
1532 3242 1860 3297 Christianis
1897 3244 2068 3295 invias
2092 3243 2350 3294 exlnbue-
2381 3276 2423 3333 ο

773 3346 915 3390 runt.
950 3355 966 3387 ι

1023 3427 1050 3497 §
1083 3426 1169 3484 IV.
1204 3429 1350 3483 Silus
1391 3426 1701 3479 monasterii
1732 3424 1788 3478 S.
1828 3424 2129 3478 Theodosii.

846 3519 929 3574 15.
968 3518 1117 3587 Quod
1145 3536 1306 3589 supra
1337 3520 1363 3589 §
1396 3534 1434 3581 ι,
1466 3536 1521 3571 ιι.
1550 3518 1709 3570 9.815
1743 3518 1790 3568 in
1835 3513 2230 3585 Martyrologiis
2254 3530 2349 3567 no-

777 3613 1037 3678 minatur,
1098 3614 1259 3666 velnti
1322 3612 1381 3665 S.
1435 3610 1725 3664 Theodosii
1784 3614 1959 3673 scies,
2008 3608 2343 3678 Cappadocia

773 3706 838 3762 ϐε
854 3706 1278 3774 ιυοιυ,γὶιιι5(ιιιε
1301 3706 1657 3774 MagariasSiis
1679 3704 1789 3772 (qui
1822 3719 1870 3756 in
1893 3701 2215 3769 Anthologio
2232 3701 2355 3752 Μω-

776 3802 1027 3871 γσρισός,
1065 3800 1117 3852 in
1177 3802 1283 3851 vita
1337 3798 1678 3850 bibliotheca:
1732 3793 2006 3848 Vaticana:
2035 3794 2355 3862 Μογαριασ-

784 3894 894 3954 σός,
928 3910 976 3944 ιιι
1015 3891 1309 3959 Mettologio
1346 3888 1624 3959 Marinus)
1661 3904 1764 3941 non
1798 3889 1865 3940 ita
1901 3888 1951 3940 id
1983 3885 2352 3954 accipiendum

783 3986 1064 4054 est,qu.isi
1108 3986 1270 4037 isthic
1336 3993 1428 4034 ant
1468 3982 1689 4043 obterit,
1720 3991 1810 4033 aut
1869 3980 2192 4048 prmeipuam
2237 3980 2357 4029 vita:

784 4088 988 4141 partem
1038 4077 1306 4142 exegerit;
1352 4073 1444 4125 sed
1495 4072 1639 4140 quod
1691 4071 1907 4124 circiter
1938 4086 2025 4122 an.
2058 4069 2189 4121 Chr.
2229 4067 2353 4130 4'23,

783 4183 838 4220 nt
867 4169 1120 4230 diximus,
1166 4167 1215 4218 itt
1245 4166 1413 4217 lucem
1449 4163 1609 4216 isthic
1660 4164 1855 4226 editus,
1891 4162 2259 4227 eduramque
2289 4160 2356 4211 ad

782 4277 983 4313 annum
1017 4259 1195 4312 anatis
1227 4258 1296 4311 ‘28
1352 4256 1569 4321 visi-iit,
1598 4265 1650 4308 ct
1708 4268 1919 4307 sacrato
1959 4253 2155 4321 populo
2189 4265 2356 4320 espo-

780 4352 951 4408 sumit
980 4352 1337 4418 Scriptorum.

857 4446 943 4497 16.
981 4442 1107 4494 little
1148 4455 1293 4494 anno
1330 4438 1526 4492 Clitiin
1556 4437 1679 4500 451,
1729 4452 1849 4490 cunt
1890 4435 2178 4490 concilium
2209 4449 2359 4488 (Ecu-

783 4539 1054 4590 mcnitrutn
1121 4547 1170 4584 tv
1223 4530 1564 4584 Chalcedone
1623 4529 2022 4592 celebraretur,
2082 4528 2357 4596 prolectus

2452 677 2545 731 per
2597 660 2919 715 solitudines
2980 656 3235 710 Judaicas
3312 667 3752 725 quaquaversum
3814 650 4034 703 defert:

2455 754 2518 806 ad
2589 753 2733 819 ripas
2799 752 2962 803 maris
3004 748 3194 801 Μαι-μή
3258 746 3450 799 transit
3497 765 3510 799 :
3557 755 3753 798 conatu
3810 744 4035 794 necdum

2450 848 2776 900 succedente
2835 844 2975 897 redit
3032 842 3098 895 ad
3160 841 3474 908 speluncam
3515 837 3770 890 :ai-m-dit
3818 846 3873 887 et
3915 846 4036 884 cccc

2450 940 2655 992 l'uinunt
2709 953 2770 991 ex
2825 936 3154 991 C;tl‘li0llll)us
3207 934 3351 985 videt
3399 932 3863 984 illlSCPlltlelllt‘ﬂlZ
3909 924 4038 994 iacit

2450 1031 2823 1094 fundamenta,
2855 1028 3221 1095 templumque
3261 1041 3325 1079 ac
3356 1022 3747 1076 monasterium
3784 1024 4035 1077 a-dit’ieat,

2448 1126 2587 1193 quod
2616 1124 2811 1177 deinde
2874 1120 3111 1175 dilatatis
3164 1119 3442 1187 poniteriis
3486 1115 3881 1180 amplissimum
3916 1110 4039 1162 fecit

2448 1214 2741 1268 exstructis
2772 1215 2821 1266 in
2855 1228 2918 1266 eo
2967 1222 3203 1280 quatuor
3237 1208 3471 1275 templis,
3509 1214 3564 1256 ιιι
3616 1220 3670 1260 tt.
3720 1203 3789 1255 57
3820 1203 4037 1253 dicitur.

2448 1307 2631 1361 Prima
2666 1317 2721 1359 et
2742 1309 3010 1375 praecipua
3048 1320 3171 1373 pars
3195 1304 3311 1372 ejus
3343 1303 3407 1353 ad
3432 1299 3739 1369 speluncam
3763 1295 4036 1348 Citlllisnta

2449 1402 2648 1454 dicitur
2678 1401 2726 1453 iit
2764 1397 2883 1451 Vita
2925 1398 2983 1453 S.
3018 1401 3173 1451 Saba:
3227 1396 3310 1449 his
3351 1394 3532 1448 verbis
3574 1409 3585 1443 :
3646 1409 3663 1440 ι
3701 1388 4039 1441 Theodosius

2442 1490 2552 1560 jam
2595 1500 2897 1546 recesserat
2932 1492 2998 1542 ab
3026 1489 3254 1543 ecclesia
3287 1502 3408 1557 quin
3436 1486 3633 1538 dicitur
3660 1482 3700 1534 C
3720 1481 4038 1538 ulnsmatis,

2446 1598 2500 1640 et
2531 1587 2579 1637 in
2619 1594 2771 1654 parte
2803 1585 2963 1637 lanrte
3020 1598 3139 1650 quae
3170 1582 3343 1649 vergit
3386 1579 3451 1630 ad
3515 1576 3881 1631 occidentem,
3915 1588 4040 1624 con-

2448 1679 2701 1732 stittterat
2748 1678 3161 1737 monasterium,
3198 1674 3340 1742 quod
3368 1674 3489 1725 vita:
3533 1670 3900 1722 communiter
3943 1667 4039 1717 (ie-

2450 1770 2634 1837 gi-nda:
2668 1768 3044 1830 conteniehat,
3082 1767 3288 1818 distans
3328 1779 3356 1815 a
3388 1762 3559 1815 Lanra
3610 1760 3691 1828 (5.
3725 1758 3905 1823 Sdbzr)
3942 1755 4038 1807 tri-

2451 1860 2597 1926 ginta
2645 1859 2882 1926 quinque
2928 1857 3139 1919 stadiis,
3192 1874 3209 1905 ι
3248 1854 3299 1906 id
3332 1863 3412 1906 est
3470 1852 3579 1903 lere
3633 1843 4040 1917 sesquiinilliari

2381 1928 2421 1982 Β
2453 1945 2686 2017 Belgico,
2715 1965 2808 2000 seu
2841 1957 3075 2015 quatuor
3108 1946 3343 1998 millibus
3368 1958 3646 2011 passuum.

2524 2040 2609 2095 18.
2644 2041 2877 2095 Laurnnt
2940 2041 3041 2091 hoc
3090 2037 3199 2091 fere
3254 2044 3499 2103 tempore
3545 2031 3805 2085 rotabant
3847 2043 4041 2082 mona-

2450 2137 2674 2189 choruin
2736 2132 3047 2186 mansiones
3076 2144 3169 2183 seu
3196 2127 3384 2189 cellas,
3415 2141 3549 2193 quas
3580 2123 3773 2176 additis
3804 2120 4042 2187 propriis

2452 2228 2761 2283 nominibus
2800 2226 3208 2288 discernebant,
3253 2232 3313 2274 ut
3365 2220 3569 2272 laurair.
3624 2217 3680 2268 S.
3735 2213 4039 2282 Euthymii,

2452 2322 2509 2376 S.
2537 2322 2716 2384 Sabze,
2746 2319 2982 2381 Pbaran,
3016 2327 3122 2372 etc.
3162 2315 3327 2382 Origo
3355 2313 3471 2381 ejus
3504 2312 3717 2365 videtur
3740 2306 4038 2376 repetenda

2452 2432 2479 2469 a
2504 2414 2665 2468 ﬂuvio
2694 2413 2869 2472 (aura,
2897 2409 2985 2479 qni
3016 2407 3219 2477 regioni
3265 2405 3477 2465 vicinae,
3508 2419 3669 2468 quam
3698 2400 4041 2469 pra-teitlmt,

2450 2516 2503 2561 et
2533 2503 2877 2559 monasteriis
2904 2502 2955 2553 in
2990 2515 3050 2554 ea
3080 2496 3360 2550 :edilicatis
3406 2507 3600 2546 nomen
3633 2493 3798 2543 dedit.
3833 2489 3908 2541 De
3942 2491 4045 2541 hac

2454 2598 2605 2651 lauta
2640 2598 2711 2649 ita
2768 2593 3024 2647 scribitur
3060 2591 3111 2643 iit
3157 2592 3261 2641 vita
3296 2588 3354 2642 S.
3399 2586 3663 2651 Quirizici,
3690 2582 3757 2635 29
3794 2583 4047 2648 Semen»:

2455 2689 2567 2744 bris
2604 2704 2617 2740 :
2662 2706 2677 2736 ι
2718 2686 2941 2738 Divintts
2977 2696 3167 2735 rursus
3188 2679 3473 2745 Qniriacus
3495 2675 3639 2727 venit
3674 2674 3725 2725 iu
3763 2689 3880 2724 eam
3922 2686 4052 2738 par-

2456 2789 2561 2832 tem
2598 2775 2926 2839 soli;udinis,
2950 2773 3001 2825 in
3034 2787 3137 2841 qua
3174 2768 3356 2821 nullus
3389 2764 3717 2819 anachoreta
3763 2779 3860 2813 nec
3886 2778 4051 2811 man—

2454 2882 2620 2932 serat,
2658 2885 2753 2923 nec
2794 2881 3030 2934 unquam
3085 2862 3396 2915 transierat.
3424 2856 3818 2910 Noniinabatttr
3859 2866 4049 2905 autem

2458 2965 2606 3017 locus
2636 2962 2700 3015 ab
2735 2960 2936 3012 accolis
2967 2953 3238 3019 Sttsacim,
3263 2962 3316 3005 et
3361 2953 3412 3004 in
3445 2965 3510 3003 eo
3543 2960 3595 3002 et
3629 2963 3777 3001 nova:
3809 2945 3977 2998 lauru!
3997 2954 4053 2998 et

2461 3058 2616 3111 Sura:
2658 3053 2804 3106 fluvii
2843 3051 3002 3103 ambo
3045 3048 3391 3107 conveniunt,
3426 3057 3611 3096 eorum
3672 3054 3808 3108 quos
3840 3040 4056 3091 scimus

2460 3146 2680 3201 maximi
2713 3155 2765 3197 et
2793 3139 3224 3213 profundissimi.
3265 3135 3534 3188 Feruntur
3563 3142 3741 3184 autem
3773 3131 3807 3182 ii
3833 3144 3960 3181 esse
3984 3129 4053 3180 de

2459 3242 2655 3307 quibus
2687 3236 2901 3291 Christo
2926 3234 3128 3286 dictum
3158 3245 3183 3280 a
3237 3228 3435 3279 Davide
3466 3243 3478 3277 :
3515 3222 3590 3276 Tu
3616 3222 3821 3274 εἰσίασιὶ
3854 3221 4056 3287 ﬂuvios

2460 3330 2660 3384 Ethan.
2697 3326 2839 3381 Psal.
2865 3339 3071 3387 Lxxvn,
3108 3322 3195 3374 l5.
3239 3340 3258 3371 ι

2534 3424 2619 3475 l9.
2663 3420 2719 3473 S.
2757 3419 2992 3472 Isidorus
3033 3414 3302 3467 Pelusiota
3353 3410 3418 3464 de
3467 3409 3569 3462 hoc
3611 3408 3729 3460 loco
3764 3408 4057 3457 COHSttlLUS

2462 3517 2528 3567 ab
2559 3513 2861 3581 Epiphanio
2912 3510 3160 3569 diacono,
3203 3506 3273 3557 ita
3342 3503 3653 3569 respondet.
3699 3500 3734 3551 l.
3786 3514 3845 3559 tt,
3886 3502 4059 3566 epist.

2460 3604 2528 3661 66
2568 3622 2580 3658 :
2620 3622 2639 3655 ι
2684 3604 2858 3657 lrltliatt
2912 3600 3062 3652 locus
3118 3607 3230 3648 erat
3270 3593 3319 3646 in
3370 3592 3654 3645 Pal-.estina
3700 3590 3877 3642 ﬂuviis
3930 3592 4065 3639 irri-

2428 3728 2429 3731 η
2464 3713 2621 3767 gnos,
2656 3707 2819 3764 atque
2852 3691 3142 3745 arboribus
3182 3698 3231 3740 et
3267 3686 3532 3739 fructibus
3559 3684 3864 3745 abundans,
3902 3688 3960 3733 et
3991 3681 4064 3733 ob

2465 3787 2763 3859 ingentium
2801 3783 3157 3837 animantium
3190 3792 3253 3831 ac
3290 3777 3519 3845 piscium
3573 3774 3784 3841 cupiam
3838 3773 3905 3824 ad
3960 3786 4063 3825 ve-

2466 3882 2700 3935 nandum
2732 3876 3136 3934 arcanimodus,
3180 3890 3196 3921 ι
3244 3880 3348 3921 etc.
3383 3867 3587 3934 Alli-gat
3625 3865 3821 3918 deinde
3858 3874 4068 3916 aucto-

2466 3976 2679 4028 ritatem
2711 3971 2951 4038 .losephi,
2983 3969 3137 4037 cujus
3168 3967 3279 4019 hzec
3299 3964 3456 4017 verba
3477 3974 3622 4024 sunt,
3651 3962 3687 4013 l.
3711 3976 3842 4012 unt
3867 3962 4066 4014 Antia.

2462 4068 2678 4122 Judmc.
2712 4081 2759 4119 c.
2788 4065 2823 4117 ‘2
2856 4081 2870 4118 :
2910 4082 2927 4112 ι
2958 4063 3159 4115 Aberat
3190 4070 3368 4111 autem
3398 4057 3465 4108 ab
3504 4053 3897 4121 Hierosolymis
3924 4056 4069 4103 duo-

2465 4177 2585 4215 rum
2615 4159 2956 4213 scltzcnorntn
3005 4153 3179 4221 spatio
3216 4150 3473 4219 praedium
3501 4145 3793 4214 quoddam,
3830 4158 4069 4195 nomine

2467 4254 2647 4311 Etlatt.
2691 4249 2864 4305 hortis
2913 4257 2965 4301 et
3007 4244 3242 4299 inductis
3310 4241 3544 4291 fontibus
3582 4251 3854 4289 amantum
3890 4236 4067 4287 simul

2465 4359 2521 4402 et
2550 4345 2866 4416 Opttlentum
2905 4359 2917 4394 :
2978 4340 3030 4392 in
3063 4338 3167 4390 hoc
3211 4337 3385 4389 exitus
3416 4331 3646 4384 faciebat
3701 4329 3880 4380 libens
3936 4331 4069 4395 (~t‘tl

2464 4439 2615 4494 exire
2646 4432 3039 4499 delectabatur)
3069 4428 3346 4482 Salomon.
3383 4444 3401 4475 ι
3436 4423 3520 4476 Est
3550 4434 3727 4474 autem
3755 4419 4070 4485 Schmnus,

2470 4531 2700 4601 σχι’,ῐνος,
2766 4538 3015 4579 mensura
3055 4532 3211 4573 terra:
3240 4515 3581 4583 Egyptiaca,
3613 4513 3906 4564 continens
3978 4525 4075 4562 sc-

781 4627 1232 4695 llierosolymatn,
1266 4625 1465 4690 aliquot
1492 4623 1652 4675 isthic
1702 4636 1871 4675 annos
1905 4632 2141 4673 moratus
2172 4629 2274 4681 est,
2305 4631 2358 4674 et
2389 4640 2437 4699 ι)
2472 4624 2687 4690 .vaginta
2721 4619 2916 4677 stadia,
2947 4613 3219 4666 Herodoto
3253 4620 3495 4669 auctore,
3551 4607 3582 4657 I.
3641 4619 3702 4664 ιι,
3741 4619 3788 4656 c.
3815 4602 3891 4666 6;
3935 4602 4078 4655 licet

781 4726 1032 4789 spiritum
1074 4719 1251 4772 hausit
1278 4718 1395 4770 vitae
1450 4715 1727 4768 solitariae.
1760 4714 1904 4766 Abiit
1938 4715 2118 4780 itaque
2148 4712 2197 4763 iii
2232 4711 2360 4763 soli-

784 4816 1023 4867 tudinem
1049 4812 1285 4878 aliquant
1319 4808 1574 4868 vicinam,
1604 4821 1761 4874 quam
1802 4823 1820 4854 ι
1865 4818 2104 4856 eremum
2160 4812 2360 4854 sancta:

777 4905 981 4961 Christi
1030 4903 1243 4957 Domini
1295 4901 1467 4953 nostri
1523 4898 1756 4952 cititatis
1794 4916 1812 4948 ι
1850 4897 2083 4964 appellat
2119 4893 2358 4947 Joannes

779 5000 1031 5054 Moschus
1058 5000 1109 5049 iit
1138 4992 1306 5047 Prata
1331 4992 1623 5062 apiriluali,
1661 5007 1709 5045 c.
1749 4991 1817 5041 8'2
1839 5002 1892 5042 et
1923 4988 2045 5040 105.
2086 4988 2179 5039 llic
2212 4988 2358 5041 inco-

778 5093 1205 5158 luitspeluncain
1238 5104 1381 5150 eam,
1413 5086 1477 5137 ad
1518 5100 1679 5151 quam
1721 5083 2005 5134 traduntur
2035 5079 2172 5148 Magi
2228 5079 2357 5130 ado-

779 5195 898 5239 rato
931 5185 984 5237 in
1025 5182 1297 5235 Bethleem
1334 5178 1552 5231 Christo
1583 5174 1888 5237 divertisse,
1919 5189 2038 5225 tum
2064 5172 2131 5224 ab
2166 5172 2358 5239 angi-lo

775 5280 912 5349 jnssi
938 5287 1113 5330 essent
1158 5289 1254 5342 per
1291 5272 1448 5325 aliain
1481 5272 1616 5323 viam
1657 5270 1707 5320 iii
1758 5282 1885 5322 suas
1912 5265 2088 5319 redire
2136 5265 2353 5332 provin-

778 5376 914 5425 eias.
961 5368 1017 5422 ln
1071 5370 1211 5421 hanc
1259 5365 1568 5434 Speluncam
1606 5364 1927 5415 descensum
1965 5373 2059 5426 per
2085 5358 2269 5410 decem
2304 5371 2357 5408 et

778 5478 900 5515 o.to
930 5462 1129 5531 gradus
1165 5458 1404 5527 patuisse
1434 5454 1592 5508 docet
1629 5451 1899 5514 Mosdtus,
1936 5465 1985 5503 c.
2025 5449 2137 5502 l05.

855 5554 939 5606 t7.
985 5553 1148 5607 Fama
1202 5549 1506 5604 sanctitatis
1561 5547 1676 5614 ejus
1716 5544 1905 5597 deinde
1962 5542 2122 5594 exciti
2155 5538 2265 5602 alii,
2301 5553 2357 5589 se

780 5648 899 5710 ejus
954 5644 1248 5710 disctphnze
1303 5641 1680 5707 subiecerunt;
1747 5646 1802 5689 et
1852 5633 2095 5703 prmclari
2158 5631 2355 5683 ibidem

783 5738 1083 5791 a-ddicandi
1107 5733 1337 5789 twttobii
1366 5733 1701 5785 occasionem
1738 5728 2103 5797 praebuerunt.
2132 5722 2351 5785 Locum,

786 5834 873 5885 tibi
903 5832 952 5881 id
979 5837 1217 5883 statuere
1247 5824 1633 5878 monasterium
1680 5823 1923 5884 deberet,
1961 5819 2008 5870 d'
2035 5819 2218 5868 .initns
2255 5815 2354 5867 sibi

786 5919 1074 5979 monstrari
1143 5927 1412 5985 precatus,
1472 5915 1732 5969 instinctu
1790 5912 1961 5966 divinr
2025 5909 2355 5962 tharibulam

2462 4715 2694 4774 Plinius,
2721 4712 2756 4764 Ι.
2797 4726 2892 4771 xn,
2927 4722 2977 4761 c.
3021 4705 3110 4766 Η,
3141 4702 3495 4771 quadraginta
3540 4699 3712 4751 stadia
3746 4696 3934 4759 d;cat;
3974 4698 4075 4749 ubi

2467 4819 2644 4860 tamen
2700 4815 2950 4856 notarunt
3031 4811 3271 4851 errorem
3340 4792 3649 4859 suspicatur
3700 4788 3946 4843 Budaeus
4018 4792 4077 4841 in

2464 4901 2718 4952 Annotat.
2786 4893 3009 4962 prior-ib.
3074 4889 3125 4941 in
3192 4904 3249 4939 π.
3318 4884 3565 4937 Distatiat
3629 4896 3757 4948 ergo
3829 4883 3926 4934 hic
3990 4883 4082 4935 to-

2462 5006 2559 5045 cus
2610 4984 3030 5053 liierosMymis,
3086 4981 3236 5050 juxta
3288 4976 3543 5029 llerodoti
3611 4974 3909 5029 calculum.
3980 4992 4082 5025 Sr-

2464 5092 2604 5151 ptem
2670 5077 2907 5131 millibus
2960 5083 3015 5128 et
3074 5072 3384 5139 quingentis
3454 5069 3706 5135 passibus
3762 5081 3863 5118 seu
3930 5068 4085 5117 clim-

2469 5188 2581 5225 rum
2642 5171 2899 5222 boraruttt
2945 5180 3008 5217 ac
3058 5163 3291 5217 dimidia:
3351 5159 3566 5212 itinere.
3612 5156 3892 5211 Continuat
3964 5156 4079 5209 l‘e-

2466 5264 2750 5333 rcgrimitio
2788 5255 3273 5325 Hierosolymitmm
3310 5250 3687 5318 Cltristophori
3736 5248 4080 5309 Radzivd'i,

2462 5359 2551 5425 qni
2589 5367 2835 5423 egressus
2865 5360 3015 5402 extra
3062 5356 3265 5413 portam
3300 5343 3560 5403 Piscium,
3596 5342 3837 5392 emensis
3875 5344 4079 5394 tritius

2466 5444 2786 5499 inilliaribus
2836 5438 3063 5506 magnis,
3116 5433 3361 5503 pervenit
3428 5431 3492 5484 ad
3560 5432 3973 5485 mona~teriuin
4016 5438 4081 5489 ὃ,

2465 5537 2643 5598 διώὶῐέ,
2673 5533 2813 5603 quod
2855 5530 3149 5583 etiamnum
3183 5534 3393 5586 exstat;
3433 5536 3461 5574 e
3510 5522 3780 5589 quocirca
3816 5525 4087 5579 mediam

2464 5638 2676 5684 noctem
2707 5636 2978 5693 egressus,
3017 5620 3209 5672 itinere
3244 5628 3508 5667 nocturno
3543 5613 3774 5667 confecit
3803 5617 3921 5669 tria
3959 5634 4090 5687 pas-

2465 5735 2619 5773 suum
2668 5717 2856 5777 tttillia,
2893 5720 2946 5765 et
2990 5709 3042 5761 in
3083 5722 3278 5760 aurora
3318 5720 3468 5757 mare
3500 5704 3885 5772 ASpbalticuta
3938 5724 4089 5762 ευιι.

2466 5812 2663 5877 spexit,
2693 5809 2758 5860 ad
2804 5806 2957 5874 cujus
2987 5804 3138 5856 littus
3190 5801 3317 5852 hora
3350 5800 3453 5850 dici
3487 5799 3717 5850 secunda
3776 5808 4088 5864 pervenit.

2461 5901 2733 5958 Cen~uleu
2761 5900 2841 5952 lus
2897 5891 3294 5949 Adrichiunius,
3329 5890 3417 5958 qui
3463 5890 3511 5940 id
3564 5890 3790 5941 collocat
3826 5896 3904 5943 ait
3967 5898 4009 5947 Α
4044 5916 4091 5937 ‹.
