4128 6488
113 445 190 509 tu
798 446 976 505 VITA
1014 447 1079 509 S.
1113 446 1529 506 THEODOb'll
1572 445 2171 506 C(ENUBIARCH/E.
2204 471 2269 480 -
2298 439 2683 503 PROCEMIA.

3252 430 3357 494 666

113 570 250 608 strutn
283 553 527 613 Hcrodii,
564 556 706 608 inter
737 555 1029 609 lierodiunt
1058 563 1113 609 et
1137 556 1434 607 Thecuam.
1459 555 1539 607 Ah
1564 557 1662 608 hoc.
1690 558 1738 616 Α
1769 556 1876 607 imo
1904 568 2034 607 vero
2067 551 2396 604 voluntatem
2429 549 2655 601 alterius
2710 546 2937 615 putabat
2989 557 3111 597 esse
3159 555 3316 595 suam

114 646 318 699 distabat
370 648 760 698 monaSIeritttn
816 646 873 699 S.
918 646 1209 701 Theodosii
1262 646 1673 714 sesqttimilliari

115 754 269 791 versus
316 738 683 799 occidentem,
743 737 1133 809 Hierosolyma
1185 739 1579 808 propinquius;
1619 749 1677 791 ut

114 831 243 889 exigit
280 831 418 882 visio
452 831 505 881 in
554 844 619 881 eo
654 828 793 883 facta
822 829 879 884 S.
926 831 1104 895 Salue,
1147 849 1165 881 ‹
1203 833 1504 885 ostendens
1546 831 1675 884 Tor-

116 927 315 975 rentem,
340 919 432 981 qui
468 933 494 966 a
532 916 678 968 Siloe
705 918 891 970 deﬂuit
935 919 999 971 ad
1046 930 1313 983 austrum,
1356 930 1411 974 et
1467 923 1674 974 denun-

116 1008 227 1058 tians
279 1018 332 1056 ut
374 1008 646 1059 habitaret
671 1006 953 1064 Torrentis
982 1012 1319 1078 speluncam,
1355 1029 1472 1080 qua:
1502 1014 1673 1082 vergit

116 1099 164 1150 ad
209 1098 497 1151 orientem.
561 1118 580 1151 ι
618 1100 713 1153 liic
765 1099 933 1166 Siloe,
992 1117 1086 1155 seu
1148 1104 1349 1171 piscina
1383 1106 1670 1168 natatoria,

120 1202 334 1254 respectu
368 1192 759 1262 Hierosolytme
791 1195 855 1246 ad
910 1204 1179 1254 austrum,
1217 1196 1457 1249 illabitur
1490 1198 1539 1249 in
1572 1195 1676 1250 Ce-

118 1280 244 1343 dron,
288 1282 451 1351 vulgo
484 1282 839 1349 Torrentem;
902 1287 992 1353 qui
1050 1284 1282 1339 ﬂuviolis
1336 1303 1397 1340 ac
1436 1287 1674 1342 fontibus

119 1385 274 1423 auctus
326 1389 423 1440 per
474 1375 632 1442 plana
667 1377 863 1430 deserti
904 1392 1093 1431 versus
1144 1378 1412 1432 orientem
1448 1380 1497 1432 in
1527 1396 1674 1435 mare

119 1464 360 1517 Mortuum
396 1465 647 1529 inﬂuens,
678 1470 1015 1523 absorbetur.
1051 1469 1184 1523 llnic
1209 1469 1461 1524 Torrenti
1500 1473 1675 1525 itumi-

118 1568 307 1609 sretdur
337 1560 489 1611 citati
544 1558 690 1613 ﬂuvii
750 1559 924 1614 Laura
977 1572 1031 1615 et
1060 1563 1223 1624 Sura,
1259 1565 1326 1615 ad
1363 1564 1519 1631 hujus
1548 1580 1674 1620 vero

120 1650 427 1703 conuentus
452 1651 699 1705 Susaeim
738 1652 795 1708 S.
834 1654 1096 1719 Quiriaci.
1123 1657 1410 1726 nonaginta
1444 1673 1469 1710 a
1496 1656 1671 1712 Laura

120 1741 331 1798 5.5.122
361 1746 521 1797 stadii
572 1747 732 1799 situm
768 1757 903 1801 erat.
964 1748 1087 1803 Hazc
1118 1751 1184 1803 de
1235 1750 1351 1805 loco
1411 1760 1466 1805 et
1508 1753 1673 1806 laurzn

122 1832 164 1885 S.
190 1835 332 1887 Salue
358 1845 416 1889 et
440 1839 757 1892 monasterii
800 1840 858 1892 S.
896 1840 1209 1898 Theodosii.

173 1925 251 1979 20.
285 1926 340 1981 In
396 1929 497 1981 hoc
531 1929 869 1984 celeberrimi
923 1932 1217 1988 Theodosii
1252 1937 1512 1991 doctrinae
1556 1937 1670 1991 fru-
1705 1904 1726 1960 ι

122 2028 239 2069 ttutn
291 2021 604 2087 percepisse
649 2022 847 2074 dicitur
889 2024 965 2090 (in
1009 2024 1114 2077 vita
1171 2025 1229 2079 S.
1287 2027 1462 2097 Saba)
1515 2027 1672 2081 beata

124 2108 409 2173 imperatrix
466 2110 725 2176 Eudocia,
785 2112 1072 2168 Theodosii
1123 2115 1167 2168 ll
1223 2116 1461 2171 defuncti
1514 2134 1673 2184 uxor,

123 2216 218 2250 cum
239 2200 485 2255 ha'resim
520 2203 931 2273 Eutychianam,
960 2222 1119 2272 quant
1149 2225 1176 2261 a
1205 2208 1676 2276 pseudomonacbo

124 2286 401 2344 Theodosio
456 2293 733 2357 hauserat,
786 2294 1111 2362 abjuraSseI,
1163 2311 1215 2353 et
1254 2302 1479 2353 remissa
1515 2317 1541 2353 a
1577 2302 1676 2372 Sy-

122 2394 282 2433 meoue
319 2383 516 2452 Stylita
553 2387 618 2437 ad
674 2387 730 2439 S.
767 2388 1138 2460 Euthymimn,
1172 2409 1275 2445 una
1311 2392 1369 2447 S.
1424 2392 1675 2447 Theodo-

124 2474 234 2523 sium
262 2474 549 2541 intriserrt;
584 2478 712 2531 obiit
746 2481 830 2531 illa
868 2498 954 2533 an.
997 2482 1099 2536 Ch.
1135 2482 1258 2537 460.
1290 2485 1362 2538 De
1408 2500 1468 2537 ea
1497 2496 1674 2539 actum

124 2565 163 2614 in
194 2565 333 2620 Notis
365 2569 436 2621 ad
475 2571 638 2623 vitam
675 2570 734 2625 S.
771 2572 1041 2628 Simeonis
1073 2573 1276 2645 Stylitze
1303 2587 1528 2632 auclore
1560 2576 1677 2631 Me—

128 2660 393 2723 lapluaSIe,
432 2660 464 2714 5
494 2661 615 2715 Jan.
646 2679 693 2717 c.
720 2664 786 2715 12
812 2666 888 2718 lit.
924 2666 975 2719 It.
1031 2678 1083 2719 et
1121 2668 1362 2735 pluribus
1401 2678 1590 2738 agetur
1621 2668 1674 2721 itt

124 2746 219 2799 γης.
240 2749 292 2803 S.
322 2750 625 2823 Euthymii,
656 2755 727 2809 20
745 2755 969 2812 Januar.
1002 2757 1112 2812 Hoc
1142 2759 1199 2812 S.
1235 2760 1525 2813 Theodosii
1558 2776 1675 2814 mo-

125 2846 419 2906 ttasterium,
475 2848 544 2899 ab
600 2848 748 2902 obitu
815 2850 930 2916 ejus
983 2867 1199 2919 semper
1248 2854 1672 2920 dcnomiuatum,

124 2934 383 2995 przvclaros
448 2939 635 2993 habuit
676 2942 797 2995 fidei
854 2945 1167 2996 orthodoxae
1223 2958 1672 3013 proiittgnatorcs,

122 3023 286 3088 quibus
316 3042 428 3093 prae
473 3029 692 3098 reliquis
724 3030 1021 3086 Palaestina
1054 3037 1393 3089 nimiasteriis
1428 3038 1674 3103 pratenti-

125 3120 272 3170 llettlia
304 3135 517 3174 summa
549 3126 687 3186 apud
715 3126 1066 3193 imperatores
1123 3138 1175 3181 et
1205 3130 1255 3180 itt
1279 3130 1524 3181 conciliis
1550 3129 1669 3183 fuit.

1783 660 1904 698 cum
1934 644 2134 697 Christi
2174 657 2325 695 amor
2356 642 2432 692 sic
2470 655 2563 693 eos
2615 637 3008 703 coniunxisset,
3035 645 3088 686 et
3120 644 3177 685 ut
3219 633 3362 685 idem

1781 736 2047 790 sentirent
2108 736 2187 787 eis
2224 733 2597 801 persuasisset.
2638 730 2748 783 Hoc
2780 739 2957 781 autem
2986 738 3095 779 erat
3124 726 3361 777 omnium

1781 842 2030 882 sermone
2055 826 2413 887 celebratum,
2447 832 2501 876 et
2562 824 2702 875 aliud
2761 835 2859 889 par
2908 819 3262 886 apostolicum
3299 818 3367 870 ab

1784 918 2295 989 llicrosolytnilanis
2343 917 2733 985 jttdicabantur
2782 924 2947 979 atque
3005 911 3368 964 nntttinabano

1782 1023 1887 1067 tur.
1932 1013 2022 1065 Eis
2066 1014 2133 1064 ah
2168 1011 2604 1078 archiepiscopo.
2630 1023 2658 1060 a
2701 1006 2958 1065 Salustio,
2991 1005 3235 1070 inquam,
3274 1001 3363 1067 qui

1778 1106 1971 1159 eratin
2002 1104 2221 1158 Christo
2258 1101 2737 1163 consumtnamlus,
2788 1098 3038 1151 mandata
3094 1095 3193 1148 luit
3226 1108 3362 1161 pra:-

1780 1196 1987 1250 fectura
2050 1196 2286 1248 universi
2342 1204 2519 1245 castus
2578 1192 2992 1252 monachorum,
3059 1203 3165 1239 non
3223 1188 3363 1250 quod

1782 1289 1882 1357 ipsi
1935 1303 2055 1341 eam
2110 1302 2225 1339 rem
2258 1286 2668 1353 concupissent,
2698 1282 2790 1335 sed
2824 1281 3002 1346 potius
3032 1277 3189 1331 εΙενιί
3230 1277 3364 1329 fuis-

1779 1393 1902 1435 sent
1935 1397 1961 1433 a
2023 1378 2327 1441 monachis,
2357 1386 2412 1431 et
2463 1375 2742 1444 prmmium
2775 1374 2994 1425 virtutis
3034 1387 3151 1424 eam
3209 1383 3365 1423 acre-

1781 1475 1990 1544 pissent
2019 1471 2419 1539 prtefecturam.
2454 1466 2697 1532 Quonam
2744 1464 2903 1517 modo
2927 1474 3106 1515 autem
3134 1461 3199 1515 ad
3227 1462 3366 1514 hanc

1778 1565 2304 1621 administrationem
2333 1561 2705 1631 pervenerint,
2738 1561 2913 1612 dicam
2941 1558 3152 1626 paucis.

1844 1658 1936 1712 25.
1980 1676 1997 1708 ι
2035 1656 2167 1710 Cum
2221 1655 2461 1722 Elpidius
2488 1664 2542 1706 et
2579 1652 2759 1717 Elias,
2785 1666 3132 1707 successores
3182 1652 3362 1719 magni

1776 1750 2107 1813 Pasarionis,
2130 1764 2160 1803 e
2180 1749 2287 1801 vita
2308 1747 2698 1811 excessissent,
2733 1758 3130 1814 consequenter
3154 1745 3219 1797 ad
3252 1744 3359 1796 La-

1779 1858 1966 1897 zarum
2025 1852 2223 1896 transit
2257 1840 2683 1894 administratio.
2737 1838 2829 1893 Sic
2858 1839 3020 1892 etiam
3057 1838 3123 1890 ad
3155 1837 3370 1890 Geron-

1782 1935 1934 1987 tium.
1956 1933 2056 1998 Qui
2092 1948 2213 1987 cum
2266 1931 2616 1992 decessisset,
2649 1931 2935 1984 Anastasio
2970 1945 3098 1984 cura
3132 1928 3363 1982 fratrum

1778 2027 2155 2080 cutnuttttitur.
2178 2024 2310 2079 Cum
2337 2025 2369 2077 ii
2391 2038 2541 2090 ergo,
2574 2022 2839 2086 Lazarus,
2873 2024 3186 2091 inquam,et
3214 2022 3369 2073 Ausa

1778 2121 2001 2181 stasins,
2036 2125 2332 2184 pra-essent
2354 2114 2840 2175 administrationi,
2870 2129 2958 2167 res
2978 2113 3364 2166 monachorum

1777 2223 1934 2267 erant
1969 2212 2256 2266 admodum
2307 2210 2654 2272 turbulentae,
2684 2218 2740 2263 et
2780 2208 3033 2261 maximis
3078 2206 3364 2275 agitaban-

1780 2312 1866 2357 tur
1891 2301 2166 2353 ﬂuctibus.
2200 2299 2332 2354 Cum
2370 2300 2420 2351 hi
2451 2314 2598 2368 ergo,
2630 2312 2769 2364 quos
2802 2297 3057 2358 diximus,
3102 2295 3363 2359 Lazarus,

1780 2393 2027 2459 inquam,
2060 2401 2112 2441 et
2144 2390 2486 2449 Anastasius,
2522 2387 2836 2441 monasdcze
2858 2384 3208 2454 perfectionis
3244 2398 3370 2449 par-

1779 2499 1899 2536 vam
1931 2492 2021 2536 aut
2044 2482 2245 2534 nullam
2273 2496 2461 2535 curam
2488 2489 2761 2549 gererent,
2797 2479 2859 2530 ad
2896 2478 3155 2547 quasdam
3183 2485 3365 2528 autem

1780 2576 2081 2628 mundanas
2112 2589 2269 2627 cnras
2291 2583 2347 2625 et
2375 2572 2618 2639 pecunia:
2642 2570 3005 2624 emolumenta
3045 2579 3154 2621 tota
3185 2576 3367 2621 mente

1780 2677 1831 2720 ct
1862 2667 2037 2718 anima
2066 2665 2313 2717 conversi
2343 2675 2557 2727 essent;
2616 2667 2851 2715 maxime
2892 2678 3012 2714 cum
3046 2660 3369 2713 Anastasius

1782 2766 1907 2809 luut‘
1935 2768 2051 2824 post
2078 2754 2347 2808 Zenonem
2399 2754 2728 2821 suscepisset
2759 2752 3068 2819 imperium,
3104 2761 3157 2804 et
3191 2750 3367 2804 schis-

1780 2861 1921 2902 mata
1954 2864 2073 2901 cum
2113 2862 2325 2900 summa
2385 2846 2717 2913 impudentia
2753 2855 2801 2899 et
2836 2844 3052 2898 licentia
3084 2842 3367 2911 loqueren-

1777 2951 1865 2995 tur
1901 2942 2164 2994 adversus
2196 2940 2517 2994 Ecclesiatu.
2571 2939 2706 2993 Cum
2774 2948 2901 2991 tunc
2964 2952 3092 3007 ergo
3150 2936 3365 2990 divinus

1778 3036 2383 3102 S.tlu‘.-ttitts(era'.autem
2402 3036 2444 3086 is
2468 3032 2778 3085 Patriarclta
2801 3026 3363 3101 Hierosolymilatttts}.

1780 3129 2059 3184 statttissu
2089 3125 2326 3181 liberare
2350 3126 2548 3182 fratres
2573 3129 2639 3179 ab
2660 3127 2746 3179 illa
2772 3134 3109 3193 tempestate,
3132 3124 3369 3193 primum

124 3206 303 3277 Srpius
326 3228 521 3269 eorum
554 3219 784 3272 virtutes
818 3221 1139 3287 depraadicat
1169 3221 1403 3275 Joannes
1422 3222 1674 3277 Moschus
1707 3249 1750 3306 ο
1785 3222 2003 3289 quidem
2049 3221 2355 3285 constituit,
2426 3229 2503 3282 ut,
2558 3221 2647 3289 qui
2675 3221 2785 3288 jam
2839 3236 2867 3271 a
2927 3235 3013 3274 me
3059 3221 3236 3273 dictus
3287 3230 3368 3273 est

125 3299 165 3350 iu
193 3302 343 3355 Prata
382 3309 672 3373 spirituali,
708 3312 1041 3379 potissimum
1078 3328 1125 3368 (ι.
1164 3314 1217 3375 3,
1253 3314 1342 3379 22,
1373 3314 1466 3378 Ξῖ),
1503 3314 1590 3376 92.
1626 3323 1681 3369 et

124 3392 377 3449 duodecim
412 3401 796 3465 Sequentihus,
854 3410 907 3454 et
963 3403 1086 3466 109,
1146 3421 1373 3472 quorum
1422 3408 1677 3459 nonnulla

126 3499 374 3551 perperam
417 3491 633 3542 litulutn
671 3496 980 3547 tttOttastcrii
1024 3496 1082 3549 S.
1120 3497 1406 3552 Theodosii
1445 3500 1499 3552 in
1549 3501 1681 3555 Sco-

123 3580 218 3643 palo
258 3580 467 3635 Cilicia:
520 3585 835 3652 prmferunt,
874 3599 930 3642 ttt
968 3590 1143 3657 capita
1190 3592 1258 3646 95
1308 3602 1359 3644 et
1408 3594 1495 3655 99.
1536 3596 1681 3662 quod

126 3670 291 3722 mirum
358 3688 387 3724 a
460 3678 681 3728 nemine
763 3676 1022 3733 hactenus
1090 3678 1258 3735 fuisse
1331 3683 1678 3739 anintadVer-

125 3774 238 3815 ηιξ).

273 3903 299 3974 §
332 3903 396 3955 ν.
438 3902 543 3957 SS.
583 3902 739 3959 Saba:
767 3917 814 3959 et
844 3907 1125 3962 Theodosii
1154 3911 1519 3979 familiaritas.

179 4035 256 4091 21.
286 4038 498 4091 Auctor
542 4039 665 4092 vita:
693 4039 746 4094 S.
789 4040 1077 4096 Theodosii
1117 4059 1181 4098 nc
1211 4044 1295 4097 vel
1328 4062 1522 4100 nomen
1560 4049 1683 4117 qui-

127 4129 221 4180 dem
266 4129 323 4183 S.
387 4128 553 4184 Saba:
611 4132 885 4194 exprimit.
947 4131 1002 4187 In
1063 4133 1221 4199 hujus
1276 4134 1391 4188 Vita
1440 4138 1683 4204 plutibus

126 4225 379 4289 utriusque
417 4224 724 4275 amicitiam
780 4224 1053 4278 collaudat
1096 4227 1349 4297 Cyrillus.
1388 4247 1405 4278 ‹
1460 4230 1685 4283 Accedit

127 4310 175 4360 ad
218 4311 435 4375 Sabaut,
488 4314 687 4381 inquit,
724 4314 938 4379 quidam
976 4318 1292 4379 monachus,
1328 4320 1541 4371 nomine
1576 4321 1685 4373 An-

126 4403 243 4465 tltus,
277 4407 358 4456 vir
399 4406 620 4458 amittis
682 4407 921 4472 virtutis,
970 4411 1059 4477 qui
1117 4410 1216 4477 ipsi
1252 4392 1467 4480 quoque
1526 4411 1685 4481 longo

124 4503 329 4561 tempore
361 4506 625 4549 vchatus
656 4494 827 4549 fuerat
853 4514 973 4550 cum
1000 4514 1193 4567 magno
1208 4499 1630 4555 Theodosio.....
1660 4520 1677 4552 ι

124 4581 267 4637 Hicin
302 4589 423 4641 Vita
463 4587 663 4641 Latina
709 4588 900 4643 Florus
930 4592 1271 4658 appellatur:
1310 4611 1327 4643 ι
1368 4592 1520 4645 Tunc
1576 4594 1682 4662 pri—
1718 4590 1758 4644 D

127 4692 243 4730 num
273 4681 546 4733 divinitus
580 4680 664 4731 hic
700 4678 871 4734 Sabas
913 4683 1094 4735 evadit
1138 4691 1296 4736 notus
1338 4683 1397 4737 Β.
1430 4683 1680 4737 Theodo-

123 4767 201 4827 sio,
235 4786 347 4821 rum
380 4772 467 4823 eis
507 4770 577 4823 ad
615 4770 750 4822 hanc
794 4772 1155 4841 cognitionem
1191 4774 1402 4827 Antbus
1460 4776 1684 4843 pulchre

128 4858 525 4915 ititereessiSset.
589 4859 794 4914 Deinde
871 4874 1049 4916 autem
1113 4865 1275 4917 etiam
1332 4867 1678 4919 solitudinem

124 4946 221 5001 facit
255 4951 442 5017 Sabas,
505 4962 565 5003 et
612 4952 817 5005 Lutram
848 4954 899 5006 in
928 4968 988 5007 ea
1026 4956 1330 5009 constituit.
1370 4974 1388 5007 ι
1426 4957 1612 5011 Annus
1641 4959 1685 5013 is

126 5053 215 5093 erat
240 5046 439 5099 CtJtSii
468 5046 608 5098 477.

178 5134 252 5188 ‘22.
286 5156 302 5184 ι
353 5136 594 5191 Divinus
651 5136 823 5191 Sabas
867 5138 1063 5209 (pergit
1109 5140 1318 5193 ibidem.
1349 5140 1604 5211 Cyrillus)
1643 5144 1685 5195 si

128 5240 333 5291 qnvtnex
380 5235 448 5284 iis
502 5234 602 5299 qui
644 5233 843 5284 mundo
878 5233 1260 5287 renuntiabant
1292 5235 1496 5287 videret
1542 5234 1683 5301 ejus-

133 5324 261 5383 modi,
313 5326 397 5377 rui
435 5325 664 5378 scilicet
709 5324 875 5377 facies
904 5325 1139 5378 nendum
1190 5334 1333 5379 esset
1370 5336 1506 5379 tccla
1542 5328 1688 5395 pilis,

131 5430 220 5465 eunt
249 5419 491 5470 mittebat
529 5420 603 5470 ad
640 5416 1026 5483 Theodosium,
1079 5418 1169 5487 qui
1233 5432 1327 5471 eas
1374 5419 1464 5487 qui
1503 5421 1686 5473 tnitte~

134 5511 292 5568 luatur
334 5517 583 5570 libenter
634 5517 922 5569 admodum
958 5517 1259 5586 excipiens,
1288 5517 1542 5570 omnibus
1575 5532 1689 5571 mo-

134 5601 192 5651 dis
235 5608 477 5662 studt-bat
512 5622 716 5659 eorum
750 5622 934 5660 curam
966 5622 1173 5676 gerere.
1211 5607 1259 5662 ei
1322 5609 1411 5677 qui
1468 5609 1688 5660 miserat

134 5696 397 5753 mtil‘scans
424 5719 437 5754 :
464 5709 640 5753 erant
667 5701 809 5752 enim
865 5715 1057 5770 magno
1090 5702 1227 5755 inter
1262 5716 1321 5755 se
1346 5716 1529 5757 amore
1555 5716 1685 5753 con-

134 5790 258 5843 tumti
290 5793 502 5847 divinus
529 5791 721 5847 Sabas
742 5800 795 5845 ct
829 5792 917 5847 hic
957 5791 1017 5846 Β.
1044 5791 1382 5849 Theodosius
1407 5810 1423 5825 ο
1446 5804 1499 5852 et
1537 5804 1683 5847 uter-

140 5890 213 5945 ηις
238 5884 447 5942 alterius
495 5885 843 5941 voluntatem
889 5886 1205 5954 prafercbat
1267 5885 1524 5943 volanti
1552 5902 1681 5951 sum,

1785 3314 2089 3367 Marcianus
2106 3312 2184 3365 eis
2225 3321 2574 3381 pr:cesset,cl
2608 3325 2791 3363 eorum
2837 3311 3134 3380 su~cipcret
3167 3310 3367 3363 rectio—

1784 3420 1929 3459 nem.
1957 3405 2091 3457 Cum
2135 3414 2312 3457 autent
2349 3403 2747 3457 intercessisset
2788 3403 3121 3471 aliquantum
3158 3408 3367 3481 tempo-

1785 3499 1885 3562 ris,
1916 3496 2454 3565 :egrotabatqnidem
2484 3496 2697 3547 divinus
2730 3494 3025 3555 Salustius,
3058 3502 3111 3546 rt
3138 3496 3367 3559 corpore

1784 3600 1902 3644 erat
1932 3592 2069 3644 male
2102 3588 2326 3642 aﬂectus
2363 3604 2374 3639 :
2406 3589 2469 3641 ad
2499 3604 2623 3641 eum
2664 3604 2789 3640 vero
2820 3587 3150 3641 conveniunt
3175 3592 3366 3640 orntus

1785 3685 1876 3753 qui
1919 3694 2075 3737 erant
2108 3685 2159 3736 in
2207 3683 2538 3736 solitudine:
2568 3681 2681 3749 ipse
2714 3692 2894 3733 autem
2935 3680 3210 3733 communi
3254 3677 3367 3731 suf-

1785 3775 1959 3844 fragio
1990 3790 2176 3827 eorum
2196 3772 2285 3841 qui
2315 3771 2474 3825 simul
2505 3781 2899 3832 convenerant,
2931 3774 3121 3824 Statuit
3158 3780 3214 3823 ut
3248 3786 3368 3823 mea

1788 3869 2061 3929 uasteriis,
2085 3883 2202 3935 qua:
2225 3876 2379 3919 erant
2406 3868 2545 3919 circa
2567 3878 2806 3919 sanctam
2839 3865 3137 3927 civitatem,
3167 3880 3371 3934 prateso

1788 3968 1910 4015 seut
1965 3961 2137 4012 Sabas
2170 3971 2221 4011 et
2266 3957 2623 4019 Theodosius,
2659 3958 2715 4019 ii,
2775 3973 2911 4025 quos
2944 3973 3182 4024 prmsetts
3217 3960 3368 4013 vobis

1786 4053 2021 4105 ostendit
2047 4050 2298 4103 narratio.
2330 4051 2411 4103 Ab
2445 4050 2537 4102 illo
2566 4064 2695 4117 ergo
2746 4059 2987 4117 tempore
3028 4049 3368 4107 Theodosius

1787 4145 2001 4213 quidem
2030 4143 2118 4202 iis,
2145 4144 2233 4209 qui
2262 4141 2625 4194 communiter
2656 4140 2909 4193 vivebant
2945 4159 2956 4193 :
2988 4141 3161 4194 Sabas
3186 4154 3363 4195 autem

1789 4236 1874 4301 iis,
1920 4234 2011 4301 qui
2070 4249 2191 4287 cum
2271 4234 2487 4287 nemine
2546 4233 3058 4301 congrediebantur,
3101 4242 3156 4287 et
3212 4244 3370 4287 erant

1787 4330 2008 4384 omnino
2036 4327 2297 4396 separati,
2345 4336 2633 4395 prmcraut.
2696 4346 2713 4377 ι
2782 4326 3137 4395 Subjuttgitur
3188 4330 3369 4382 obitus

1791 4422 2014 4476 Salustii
2042 4432 2098 4473 ut
2125 4423 2171 4474 is
2202 4421 2248 4473 ei
2276 4422 2497 4473 mothus
2543 4420 2789 4472 videatur
2822 4419 2991 4472 fuisse
3031 4420 3228 4475 letalis.
3266 4419 3371 4474 Dc-

1790 4519 1951 4571 ccssit
2000 4531 2141 4569 anno
2171 4515 2372 4568 Christi
2416 4514 2539 4567 513.

1858 4611 1946 4664 ‘24.
1984 4629 2001 4661 ί
2032 4611 2163 4661 Cum
2194 4608 2365 4662 Sabas
2401 4623 2427 4659 a
2469 4606 2680 4660 Joanne
2713 4605 3205 4677 llierosolymitano
3233 4622 3368 4675 pon-

1788 4703 1931 4756 tilice
1987 4713 2208 4755 vocatus
2262 4709 2405 4751 esset
2456 4699 2520 4751 ad
2579 4697 2909 4759 convivium,
2972 4698 3223 4765 quoniam
3263 4714 3368 4751 una

1783 4796 1944 4845 etiam
1969 4772 2158 4846 aderat
2190 4791 2457 4843 Antonius
2498 4790 2783 4856 cpiscopus
2806 4787 3242 4848 Ascalonitanus.
3274 4791 3364 4857 qui

1786 4894 1901 4935 erat
1934 4882 2100 4933 frater
2156 4880 2570 4948 archiepiscopi,
2601 4894 2722 4932 cum
2767 4878 2839 4929 illi
2891 4875 3088 4929 Saham
3132 4879 3365 4932 medium

1788 4969 2219 5037 intercepissent.
2258 4969 2330 5020 illi
2367 4968 2537 5022 amice
2576 4970 2956 5035 propinauant,
3008 4978 3060 5021 et
3100 4984 3196 5036 pro
3241 4971 3368 5022 viri--

1787 5063 1886 5116 bus
1912 5077 2032 5115 eum
2070 5060 2369 5113 invitabant
2422 5071 2474 5113 et
2502 5060 2863 5123 accipiebant.
2904 5060 3007 5112 Sed
3046 5077 3219 5115 neoue
3252 5079 3369 5113 rur-

1786 5172 1877 5209 sus
1918 5166 2103 5209 sancto
2126 5164 2283 5207 erant
2333 5170 2526 5206 manus
2552 5156 2739 5206 aliusre
2778 5153 2931 5215 :se-l,
2984 5163 3037 5204 ttt
3096 5169 3192 5221 par
3228 5166 3366 5215 erat.

1790 5259 1994 5299 remota
2032 5247 2177 5298 omni
2238 5245 2455 5297 fictione
2514 5256 2565 5296 et
2620 5244 2988 5308 simulatione,
3045 5245 3369 5299 chcebatur

1788 5340 2046 5407 appositis
2101 5338 2300 5391 Aderat
2326 5347 2503 5389 autem
2527 5336 2738 5388 divinus
2768 5350 2984 5403 quoque
3009 5336 3363 5402 Theodosius,

1788 5432 2019 5499 quierat
2044 5445 2090 5482 et
2122 5431 2273 5483 valde
2299 5428 2505 5480 amicus
2543 5436 2595 5479 et
2647 5427 2947 5488 familiaris,
2982 5438 3037 5480 ιιι
3076 5428 3187 5495 jam
3225 5445 3253 5480 τι
3281 5445 3365 5488 ιιι.

1789 5537 1931 5584 δίελθε
1960 5523 2159 5575 dictum
2207 5530 2287 5574 est
2324 5538 2336 5574 :
2367 5521 2455 5589 qui
2491 5536 2613 5572 cum
2666 5520 2825 5573 veluti
2858 5520 3128 5587 quoddam
3174 5522 3365 5575 caudi-

1789 5626 2047 5671 ntentum,
2080 5610 2238 5663 vellet
2258 5625 2455 5663 mensa:
2485 5608 2783 5676 Speciosam
2812 5607 3044 5674 aliquam
3070 5618 3123 5660 ct
3156 5620 3362 5677 gratam

1789 5704 2008 5767 injicere
2030 5702 2352 5766 orationem,
2386 5706 2591 5753 urbane
2614 5700 2901 5753 admodum
2934 5708 2989 5751 et
3028 5698 3200 5766 lepide
3232 5700 3366 5755 infe-

1789 5812 1915 5850 rens
1948 5795 2100 5857 dixit,
2134 5795 2374 5849 divinum
2422 5793 2617 5848 Sabam
2668 5792 2743 5846 ita
2785 5790 3016 5854 esurire,
3053 5800 3113 5845 ut
3158 5808 3226 5847 ne
3270 5808 3364 5848 vos

1789 5889 2003 5958 quidem
2035 5888 2212 5952 ambo,
2241 5887 2443 5952 aiebat,
2472 5887 2561 5956 qtti
2596 5884 2841 5941 sttﬂ'te'ttis
2878 5884 2941 5937 ad
2991 5892 3155 5938 totam
3201 5886 3365 5942 simul
