4128 6488
127 441 206 509 ί83
1026 427 1205 491 VlTA
1246 426 1306 486 S.
1350 417 1686 483 THEODOS

1810 413 2414 479 C(ENOBIARCH/E.

3270 418 3378 483 493

125 558 201 627 ξδη
229 550 547 623 δεδήλωται,
580 545 792 608 τούτοις
817 540 1057 613 ἐχρῶντο
1084 537 1181 593 τοῦ
1239 536 1432 627 πεινᾷν
1497 549 1676 627 παρα-

1789 539 1938 594 rent,
1984 543 2046 584 ea
2099 542 2220 599 quae
2286 514 2563 582 restabant
2615 539 2739 583 ossa
2779 526 3107 600 coquebant,
3161 542 3219 586 ut
3262 534 3377 603 jam

130 623 314 716 μύθων.
367 641 558 701 Οὕτως
618 638 818 691 ἐκεῖνοι
881 633 1169 702 ἄνθρωπον
1226 629 1312 682 ἀει
1351 626 1435 679 -τὸ
1496 623 1678 677 λαθεῖν

128 734 440 795 σπεύσαντα,
483 730 643 800 δῆλον
665 724 923 796 γενέσθαι
949 723 1036 777 διὰ
1074 719 1443 792 μικροψυχίαν
1500 717 1676 785 ἠνάγ-

126 828 285 889 καζον,
317 824 412 879 καὶ
440 822 531 876 τὸν
566 821 646 883 είς
679 817 812 871 Θεὸν
833 816 1055 885 τρέπειν
1078 811 1393 882 ὀφθαλμοὺς
1434 808 1679 876 εἰθισμέ-

128 939 194 973 νον
211 919 346 989 πρὸς
378 912 711 986 ἀνθρώπους
743 911 957 981 ὀρέγειν
982 908 1169 977 χεῖρας
1226 901 1469 971 ἀγεννῶς
1521 901 1679 970 ἦπειο

126 1030 217 1079 γον,
270 1014 433 1079 χεῖρα
484 1004 590 1076 τὴν
640 999 1005 1069 ἀνοιγομένην
1033 995 1395 1059 ἀπολιπόντα,
1430 992 1525 1045 καλ⁹
1565 992 1677 1045 πᾶν

126 1104 238 1165 ζῶον
260 1100 511 1161 εὐδοκίας
536 1091 987 1163 ἀποπληροῦσαν,
1016 1088 1180 1143 οἱονεὶ
1212 1088 1474 1140 στένωσιν
1505 1086 1677 1154 αὐτῆς

128 1196 152 1264 ἦ
185 1190 529 1264 μικρολογίαν
556 1190 616 1241 τό
639 1205 703 1256 γε
730 1187 823 1239 νῦν
854 1186 975 1254 ἔχον
1016 1180 1425 1249 κατεγνωκότα.
1477 1178 1542 1231 Οἱ
1580 1178 1678 1247 μὲν

129 1282 198 1338 οὖν
222 1283 488 1354 ἠθύμουν,
522 1283 551 1334 6
573 1281 630 1333 δὲ
664 1277 949 1349 παραινῶν
981 1276 1166 1346 ἠρέμα
1194 1290 1208 1303 °
1238 1273 1343 1337 τίς,
1364 1273 1541 1341 ἔλεγε,
1569 1269 1678 1324 τῶν

129 1378 318 1430 πώποτε
360 1376 642 1447 θαρρήσας
700 1372 819 1441 Θεῷ
860 1372 1022 1440 μέχρι
1073 1366 1271 1431 παντὸς
1314 1365 1676 1435 κατε).είφοη;

132 1473 184 1523 Ἦ
208 1471 281 1530 τίς
313 1468 616 1536 ὑπομείνας
640 1464 803 1516 αὑτὸν
824 1465 900 1525 είς
924 1461 1076 1524 τέλος
1145 1460 1205 1512 ού
1230 1458 1641 1527 παρακέκληται
1662 1473 1677 1520 ;

132 1567 206 1624 ὐς
230 1563 413 1631 μεθύει
439 1560 619 1612 πᾶσαν
646 1555 825 1626 ψυχὴν
851 1554 1114 1624 διψῶσαν.
1168 1553 1437 1622 Ἱερεμίας
1462 1554 1489 1603 6
1538 1550 1679 1614 θεῖος

129 1655 303 1719 λεγέτω
346 1651 468 1720 μεθ’
506 1648 664 1718 ἡμῶν
720 1646 915 1709 ταῦτα,
953 1646 1047 1698 καὶ
1088 1644 1272 1696 πᾶσαν
1315 1642 1493 1711 ψυχὴν
1559 1659 1679 1694 πει-

130 1746 280 1795 νῶπαν
302 1742 715 1812 ὲμπίμπλησιν,
735 1739 792 1802 ὃς
820 1740 1096 1810 ἐτοιμάζει
1113 1736 1299 1809 κόραξι
1327 1738 1550 1808 βορρᾶν,
1584 1735 1679 1787 καὶ

128 1839 220 1896 τοῖς
245 1835 484 1895 νεοσσοῖς
518 1832 625 1883 τῶν
678 1830 954 1899 κοράκων,
1011 1829 1099 1882 ἵνα
1120 1828 1214 1880 καὶ
1266 1827 1384 1879 ’1ὼό
1432 1824 1549 1892 ἅμα
1586 1822 1679 1875 καὶ

1784 623 1989 677 dictum
2024 631 2129 687 est,
2159 629 2214 676 et
2262 620 2344 676 eis
2372 618 2665 673 utebantur
2693 622 2759 674 ad
2784 620 2944 676 famis
2974 624 3249 679 solatium.
3287 622 3379 681 Sic

1781 729 1911 783 ergo
1935 714 2009 768 illi
2042 713 2339 777 hominem,
2360 714 2449 782 qui
2480 726 2696 781 semper
2722 712 2890 767 latere
2918 716 3221 779 studuerat,
3260 733 3380 771 ma-

1784 805 2041 858 nifestum
2103 804 2219 859 fieri
2276 806 2549 874 cogebant
2583 811 2805 873 propter
2854 806 3107 872 pusillum
3134 823 3291 862 suum
3320 820 3378 864 ct

1782 896 2053 966 abiectum
2083 899 2322 952 animum
2366 914 2380 950 :
2439 906 2494 952 et
2548 912 2697 961 eum,
2740 899 2832 967 qui
2884 900 2948 952 ad
2983 898 3147 952 Deum
3191 904 3379 959 oculos

1783 1000 2103 1044 convertere
2137 998 2515 1054 consueverat,
2549 992 2836 1059 urgebant,
2872 1000 2928 1043 ut
2980 992 3211 1059 turpiter
3262 1011 3376 1047 ma-

1783 1098 1884 1137 nus
1936 1083 2239 1153 porrigeret
2278 1082 2612 1147 hominibus,
2650 1083 2839 1139 relicta
2902 1101 3062 1139 manu
3122 1103 3239 1156 qua:
3295 1100 3380 1142 est.

1780 1183 1990 1245 aperta,
2022 1186 2073 1228 et
2096 1174 2281 1244 implet
2310 1188 2472 1229 omne
2507 1176 2711 1228 animal
2765 1176 3168 1241 benedictione,
3200 1191 3253 1233 ut
3282 1184 3375 1249 qui

1782 1282 1899 1320 eam
1946 1280 2065 1321 esse
2111 1275 2392 1336 angustam
2423 1266 2507 1319 vel
2547 1280 2767 1333 parcam
2810 1280 2873 1320 ac
2925 1269 3200 1322 sordidam
3231 1270 3380 1336 judi-

1783 1367 1952 1412 casset
1978 1359 2030 1411 in
2063 1358 2370 1425 prmscntia.
2403 1358 2697 1428 Atque,illi
2729 1360 2947 1428 quidem
2973 1372 3131 1415 erant
3168 1365 3373 1417 tristes.

1786 1447 1837 1503 ls
1864 1464 1990 1503 vero
2010 1463 2103 1503 eos
2133 1450 2333 1502 sensim
2358 1450 2677 1503 admonens:
2708 1450 2859 1514 Quis,
2890 1451 3085 1514 aiebat,
3106 1467 3169 1506 ex
3200 1454 3373 1523 iisqni

1784 1540 1838 1594 in
1876 1541 1986 1595 Deo
2013 1541 2198 1595 conlisi
2225 1555 2371 1605 sunt,
2404 1556 2626 1595 omnino
2656 1543 3047 1598 estdcrelictus
3076 1545 3098 1597 ?
3130 1547 3199 1598 At
3229 1550 3371 1614 quis,

1780 1636 1869 1704 qui
1928 1635 2101 1702 ipsum
2140 1634 2207 1688 ad
2269 1634 2429 1688 linem
2465 1650 2637 1703 usque
2678 1635 2956 1696 sustinuit,
3016 1652 3120 1689 non
3169 1642 3378 1706 accepit

1782 1726 2209 1797 consolationem
2236 1726 2258 1778 ?
2310 1725 2409 1791 Qui
2438 1726 2671 1780 inebriat
2698 1742 2913 1781 omnem
2942 1729 3214 1783 sitientem
3249 1731 3373 1783 ani-

1786 1832 1947 1869 mam.
2012 1816 2137 1871 llaec
2193 1818 2475 1872 nobiscum
2497 1819 2643 1873 dicat
2684 1820 2898 1873 divinus
2935 1818 3200 1875 Jeremias
3245 1838 3257 1872 :
3304 1821 3371 1874 Et

128 1929 201 1979 τὸν
222 1927 356 1980 θεῖον
391 1925 554 1979 Annia
595 1924 802 1990 εἰσάγω
862 1921 1406 1992 συμφθεγγομένους.
1457 1916 1680 1984 Γνῶμεν

1789 1926 1986 1963 omnem
2019 1914 2326 1965 esurientem
2360 1912 2535 1981 implet
2597 1913 2896 1967 animum“.
2951 1915 3055 1979 Qui
3112 1928 3375 1983 pra’parat

129 2023 229 2071 ὅσον
252 2020 308 2071 τὸ
342 2019 550 2085 μεταξὺ
586 2016 935 2086 ἀνθρωπίνης
962 2014 1217 2082 σπουδῆς,
1278 2013 1369 2065 καὶ
1426 2008 1683 2081 προνοίας

132 2110 227 2161 ἐστί
253 2110 443 2177 θεῐκῆς
482 2108 642 2178 μέχρι
673 2105 904 2159 καὶτῶν
952 2104 1205 2175 ἐσχάτων
1263 2103 1528 2171 ἡκούσης,
1590 2098 1684 2152 καὶ

129 2201 361 2269 είςὸμεθα
390 2201 536 2261 ὅπως
568 2200 662 2251 καὶ
690 2191 763 2250 ὧν
790 2196 1007 2259 ἑκόντες
1036 2196 1123 2249 διὰ
1164 2196 1402 2266 Χριστὸν
1450 2194 1687 2263 ἀπέστη-

130 2307 231 2357 μεν,
262 2290 469 2343 τούτων
500 2290 651 2352 αῦθι;
684 2289 823 2343 κατὰ
853 2287 1088 2359 Χριστοῦ
1143 2287 1399 2359 πρόνοιαν
1449 2286 1683 2354 δαψιλῶς

130 2382 311 2436 ἁπολαύ
320 2401 379 2436 σο
386 2400 509 2453 μεν.

187 2649 278 2720 κβ¹.
318 2650 510 2705 Ταῦτα
551 2648 695 2714 εἷπε,
739 2650 830 2703 καὶ
873 2650 991 2721 μετ’
1034 2650 1213 2718 ὀλίγον
1256 2650 1574 2717 ἀνεφαίνετό
1603 2667 1685 2713 τις

131 2741 245 2802 {uim
282 2744 436 2810 ἄγων
480 2742 933 2810 πεφορτισμένον.
976 2741 1170 2812 Ἀπῄει
1216 2742 1272 2793 δὲ
1319 2742 1379 2794 ού
1416 2741 1553 2812 πρὸς
1591 2742 1685 2811 τὴν

130 2832 205 2886 τοῦ
242 2833 502 2900 Μεγάλου
545 2834 739 2904 μονὴν,
769 2834 905 2886 ἀλλὰ
941 2833 1141 2896 σκοπὸς
1169 2831 1319 2904 αὑτῷ
1356 2831 1561 2904 ταύτην
1587 2834 1685 2903 μὲν

131 2927 425 2996 παρελθεῖν,
470 2927 706 2996 ἀλλαχοῦ
755 2927 810 2979 δέ
854 2944 955 2980 που
989 2926 1309 2981 καταθεῖναι
1341 2927 1433 2980 τὸν
1464 2928 1683 2998 φόρτον.

137 3016 209 3081 'tl;
234 3019 289 3072 δὲ
324 3020 558 3091 πλησίον
606 3021 707 3091 ἤδη
748 3020 847 3090 τῆς
888 3021 1057 3090 μονῆς
1096 3016 1184 3092 ἦν,
1231 3021 1325 3074 καὶ
1368 3021 1568 3075 ἄκοντα
1597 3020 1687 3073 τὸν

128 3111 271 3180 ἄνδρα
302 3114 363 3165 τὸ
399 3112 697 3182 ὑποζύγιον
728 3113 870 3183 ἵστη,
897 3116 990 3166 καὶ
1020 3113 1219 3176 πολλὰς
1249 3116 1314 3184 τῇ
1347 3115 1573 3183 μάστιγι
1601 3117 1686 3166 ἐν·

128 3203 331 3257 τεὶνοντι
364 3205 468 3267 τὰς
507 3205 748 3274 πληγὰς,
781 3207 955 3257 έκεῖνο
990 3205 1216 3276 πέτραις
1265 3206 1465 3275 ὁμοίως
1498 3207 1687 3276 ἀκίνη-

128 3312 202 3348 τον
227 3294 312 3367 ἦν.
364 3294 442 3351 Εὖ
477 3297 662 3351 τοίνυν
690 3296 978 3350 ὑπολαϐὼν
1011 3298 1040 3348 6
1080 3298 1366 3366 ἄνθρωπος
1414 3298 1488 3368 μὴ
1537 3298 1687 3351 ἀθεεὶ

126 3388 260 3443 τοῦτο
286 3390 544 3459 γίνεσθαι
601 3389 839 3458 στρέψας
894 3391 1239 3463 παραχρῆμα
1270 3391 1367 3459 τὴν
1406 3390 1558 3453 τάξιν
1613 3390 1689 3451 ὡς

126 3483 283 3555 ὁδηγῷ
320 3485 533 3553 μᾶλλον
577 3484 739 3547 αὐτὸς
790 3484 990 3555 εχρῆτο
1023 3485 1099 3553 τῷ
1130 3482 1274 3552 ζώῳ,
1318 3485 1409 3536 καὶ
1442 3483 1531 3535 τὸν
1586 3499 1689 3551 χα-

126 3573 247 3625 λινὸν
297 3577 534 3638 ύπανε“ις
569 3576 740 3628 ἐδίδου
789 3573 1047 3645 φέρεσθαι
1094 3570 1237 3647 ᾗπερ
1278 3575 1423 3644 αύτῷ
1454 3577 1486 3646 ἡ
1520 3576 1686 3645 ὁρμή·

126 3665 260 3720 ῦῦτω
292 3668 386 3721 τοῦ
420 3668 622 3738 ἀνδρὸς
660 3666 987 3738 πράξαντος,
1016 3666 1076 3720 τὸ
1105 3667 1245 3731 ζῶον
1275 3666 1489 3737 ἀθρόως
1526 3668 1690 3722 ἀλλα-

126 3759 201 3825 χο]
232 3761 327 3828 μὲν
359 3759 628 3830 οὐδαμοῦ,
666 3760 782 3813 ἀλλ’
806 3761 994 3831 ὥσπερ
1022 3761 1165 3824 τινὸς
1198 3761 1446 3832 ἀοράτως
1477 3763 1567 3816 τὸν
1600 3780 1691 3833 χα-

125 3852 245 3906 λινὸν
270 3855 534 3918 ἕλκοντος
575 3854 670 3907 καὶ
699 3854 1036 3917 εὐθύνοντος,
1066 3854 1195 3907 εὐθὺ
1233 3855 1331 3924 τῆς
1362 3856 1531 3924 μονῆς
1556 3857 1692 3925 ὲχώέ

126 3960 212 4011 ρει.
244 3946 417 3997 Ἔνθα
445 3947 515 4015 δὴ
549 3946 645 3997 καὶ
676 3944 931 3997 εἰσελθὼν
962 3944 989 3995 6
1022 3943 1180 4015 ἀνὴρ,
1213 3945 1307 3996 καὶ
1342 3944 1438 4014 τὴν
1483 3944 1690 3997 ἔνδειαν

123 4032 150 4102 ἠ
187 4036 405 4099 τούτους
439 4038 693 4104 συνεῖχεν
722 4036 795 4099 ὡς
840 4034 1069 4105 πλείστη
1105 4034 1313 4105 μαθὼν,
1341 4036 1559 4105 καὶτῆς
1596 4034 1690 4088 τοῦ

123 4127 237 4178 Θεοῦ
257 4129 523 4199 προνοίας
551 4128 610 4181 τὸ
633 4128 944 4198 ἀπόρρητον
961 4127 1274 4195 ἐκπλαγεὶς,
1289 4128 1437 4191 ὅπως
1463 4127 1691 4189 ἐκείνοις

126 4220 206 4287 μὲν
242 4224 534 4291 πρόφασιν
589 4222 867 4289 στεφάνων
910 4222 1008 4291 τῆς
1055 4220 1260 4284 ἐνδείας
1312 4222 1372 4275 τὸ
1430 4222 1691 4291 λυπηρὸν,

123 4312 250 4382 αὺτῷ
277 4313 336 4367 δὲ
368 4313 472 4367 τοῦ
510 4313 762 4383 λυπηροῦ
807 4313 904 4382 τὴν
955 4314 1108 4366 λύσιν
1150 4315 1556 4384 ἐμηχανήσατο,
1598 4316 1693 4368 καὶ

126 4407 192 4456 ὅτι
226 4408 354 4477 πρὸς
392 4407 565 4460 τοῦτο
607 4408 856 4477 φανερῶς
884 4409 913 4477 ἡ
938 4406 1032 4459 τοῦ
1069 4407 1207 4471 ζώου
1261 4393 1549 4471 ἀπείθεια,
1592 4426 1691 4461 κα-

122 4497 292 4569 λούσης
341 4501 521 4554 αὑτὸν
548 4500 647 4567 τῆς
684 4499 944 4568 προνοίας
970 4500 1169 4570 τρέψαι
1208 4500 1407 4570 ψυχὰς,
1432 4500 1551 4572 Θεῷ
1593 4502 1692 4571 μὲν

1785 2003 1949 2056 corvis
1972 2004 2164 2067 cibum,
2199 2014 2245 2057 et
2289 2004 2451 2072 pullis
2498 2021 2811 2070 corvorum;
2852 2014 2908 2058 ut
2935 2005 3036 2059 Joh
3067 2022 3281 2076 quoque
3322 2017 3377 2062 et

1787 2098 2025 2152 divinum
2078 2099 2247 2152 David
2280 2100 2617 2154 introducam
2664 2102 2824 2155 simul
2873 2104 3160 2172 loquentes
3190 2105 3231 2158 ⁹.
3267 2104 3371 2160 Co-

1784 2211 2105 2264 gnoscainus
2160 2204 2418 2265 quantum
2468 2196 2694 2253 interest
2749 2198 2893 2253 inter
2934 2201 3225 2254 humanum
3255 2211 3373 2255 stn-

1786 2286 1933 2341 dium
1959 2297 2012 2340 et
2045 2286 2280 2340 divinam
2312 2288 2729 2356 providentiam,
2756 2305 2875 2357 qua:
2899 2292 3155 2361 pertingit
3205 2309 3376 2362 usque

1787 2376 1851 2430 ad
1887 2386 2128 2430 extrema
2160 2402 2173 2429 .
2201 2384 2254 2430 et
2288 2376 2545 2440 sciemus,
2603 2380 3057 2445 quemadmodum
3083 2381 3148 2435 iis
3180 2383 3372 2447 etiam,

1789 2484 1910 2537 qua:
1990 2477 2212 2538 propter
2303 2469 2577 2524 Christum
2672 2470 2921 2524 lubenter
3004 2472 3370 2540 reliquimus,

1789 2563 1966 2616 divina
2004 2578 2188 2617 rursus
2220 2562 2555 2631 providentia
2572 2562 2786 2616 abunde
2807 2564 3082 2631 etcopiose
3118 2564 3373 2619 fruimur.

1855 2656 1945 2713 22.
1979 2656 2102 2710 llazc
2130 2656 2285 2719 dixit,
2319 2668 2372 2709 et
2410 2656 2568 2724 paulo
2590 2664 2709 2724 post
2740 2657 2987 2724 apparuit
3018 2658 3375 2725 quidam,du-

1789 2765 1916 2803 cens
1950 2750 2150 2802 animal
2186 2758 2460 2802 onustum.
2505 2749 2620 2801 lbat
2665 2759 2843 2802 autem
2902 2765 3005 2804 non
3056 2750 3123 2803 ad
3189 2752 3372 2820 magni

1789 2843 2079 2896 Theodosii
2122 2841 2543 2906 monasterium;
2597 2840 2690 2895 sed
2716 2855 2910 2909 scopus
2938 2844 3154 2910 quidem
3179 2854 3289 2897 erat
3322 2846 3373 2896 ei

1793 2934 1839 2985 id
1873 2931 2125 2994 transire,
2169 2946 2306 2984 onus
2349 2940 2528 2983 autem
2574 2932 2624 2983 in
2676 2930 2858 2999 aliquo
2906 2931 3011 2985 alio
3040 2931 3157 2986 loco
3208 2932 3371 3001 depo-

1791 3038 1937 3080 nere.
1998 3023 2283 3091 Postquam
2356 3036 2482 3076 vero
2552 3023 2650 3075 fuit
2703 3023 2818 3091 jam
2897 3038 3061 3093 prope
3104 3035 3375 3080 monaste-

1794 3118 1970 3180 rium,
2042 3116 2123 3167 vel
2180 3117 2405 3168 invitum
2452 3116 2622 3168 virum
2667 3116 2808 3169 sistit
2838 3117 3141 3184 jumeutum
3174 3134 3187 3168 :
3218 3134 3372 3171 cuin-

1716 3221 1897 3296 ane
1966 3206 2014 3259 ci
2078 3204 2287 3275 ﬂagello
2365 3206 2562 3285 multas
2622 3206 2808 3277 plagas
2873 3207 3187 3275 incuteret;
3244 3210 3371 3264 illud

1790 3306 1905 3352 erat
1967 3298 2263 3360 immobile,
2359 3314 2463 3352 non
2526 3313 2681 3353 secus
2722 3314 2786 3352 ac
2843 3302 2886 3352 si
2958 3310 3105 3355 esset
3154 3317 3370 3357 saxum.

1792 3390 1925 3443 Cum
1955 3390 2114 3443 homo
2137 3404 2267 3458 ergo
2299 3400 2445 3443 recte
2486 3389 2854 3443 existimasset
2891 3390 2942 3443 id
2978 3407 3084 3445 non
3112 3394 3224 3446 lieri
3253 3394 3369 3448 sine

1795 3478 1888 3533 Dei
1923 3479 2163 3542 mnnine,
2202 3492 2320 3531 mox
2349 3492 2611 3532 converso
2635 3479 2843 3543 ordine,
2874 3481 3092 3534 animali
3122 3483 3374 3553 utebatur

1794 3581 2048 3640 tanquam
2086 3572 2253 3634 duce;
2284 3579 2341 3624 et
2373 3571 2552 3625 laxato
2586 3571 2739 3625 freno
2788 3572 2836 3625 ei
2886 3577 3233 3641 permittebat
3267 3577 3367 3641 ire,

1792 3677 1903 3733 quo
1941 3676 2066 3715 eum
2116 3658 2289 3716 ferret
2334 3662 2588 3730 impetus.
2621 3659 2753 3714 Cum
2809 3663 2969 3718 homo
3024 3665 3100 3719 sic
3131 3665 3370 3734 fecisset,

1793 3750 1994 3805 animal
2025 3749 2313 3804 confestim
2345 3766 2611 3820 nusquam
2641 3751 2856 3819 quidem
2887 3754 3011 3817 alio,
3036 3754 3127 3809 srd
3149 3758 3373 3824 perinde

1793 3858 1857 3897 ac
1889 3842 1933 3896 si
1966 3842 2162 3908 aliquis
2201 3841 2436 3906 frenum,
2471 3856 2589 3894 cum
2632 3859 2660 3894 a
2689 3844 2906 3897 nemine
2956 3845 3125 3897 videri
3166 3855 3368 3913 p’lSSCl,

1794 3936 2035 3989 traheret
2068 3944 2122 3987 et
2152 3934 2433 4003 dirigeret,
2474 3943 2622 3988 recta
2669 3935 2813 3988 vadit
2845 3936 2910 3989 ad
2953 3940 3369 3996 monasterium.

1794 4026 1912 4092 Quo
1952 4042 2074 4079 cum
2114 4027 2195 4078 vir
2222 4037 2368 4080 esset
2403 4026 2703 4094 ingressus,
2729 4036 2783 4080 et
2837 4027 3097 4094 inopiam,
3130 4041 3247 4096 qua:
3273 4044 3371 4084 eos

1796 4118 2018 4187 urgebat
2086 4116 2348 4181 maxima,
2413 4119 2715 4181 didicisset,
2757 4126 2811 4172 et
2880 4120 2974 4189 Dei
3023 4122 3374 4189 providentia:

1796 4226 2055 4264 arcanum
2106 4221 2249 4264 esset
2301 4211 2624 4275 admiratus,
2678 4211 3131 4281 quemadmodum
3165 4214 3374 4266 scilicet

1796 4302 2085 4367 effecisset,
2112 4312 2169 4353 ut
2198 4302 2392 4370 inopia:
2419 4302 2657 4356 molestia
2691 4304 2768 4356 eis
2798 4314 2941 4357 esset
2979 4303 3193 4357 occasio
3218 4319 3375 4357 coro-

1796 4410 2007 4459 narum,
2039 4406 2090 4449 ct
2114 4404 2168 4449 ut
2193 4396 2306 4463 ipse
2334 4411 2453 4449 eam
2488 4396 2725 4449 solveret
2760 4394 3085 4462 molestiam,
3129 4405 3179 4449 et
3225 4399 3367 4463 quod

1796 4502 1858 4542 ea
1886 4488 1952 4542 de
1981 4502 2145 4542 causa
2189 4503 2294 4542 nou
2347 4490 2573 4558 parebat
2611 4488 2831 4553 animal,
2864 4504 2987 4543 emn
3036 4490 3214 4541 divina
3277 4504 3373 4541 vo-

120 4584 558 4657 ὶειτουργούαας.
601 4587 858 4658 ἀσθενείᾳ
884 4589 940 4642 δὲ
967 4589 1281 4659 καμνούσας
1310 4590 1406 4643 τοῦ
1452 4591 1686 4662 λειτουρ-

1803 4590 1960 4633 cante
1981 4579 2317 4649 providentia
2352 4580 2417 4633 ad
2449 4579 2667 4633 alendas
2695 4580 2925 4643 animas,
2956 4595 3075 4649 quae
3107 4579 3217 4631 Deo
3252 4582 3373 4646 qui-

121 4680 201 4741 γιῦ
234 4683 523 4751 σώματος.
573 4680 760 4734 Ταῦτα
800 4681 864 4750 δὴ
906 4683 1110 4745 ἐκεῖνος
1153 4682 1489 4751 καταμαθὼν
1527 4685 1692 4753 διπλῆ

123 4772 341 4842 παρέσχε
372 4774 472 4826 τὸν
517 4772 779 4842 ἀριθμὸν,
829 4775 951 4827 καθ’
988 4775 1047 4827 ὃν
1079 4776 1108 4826 6
1161 4776 1377 4846 πρῶτος
1406 4777 1694 4847 διανομεύς

124 4861 269 4915 ίδὶδηυ
298 4866 392 4917 τὸν
426 4864 611 4917 ἔλεον.
659 4864 731 4916 Τὸ
769 4864 950 4918 λοιπὸν
981 4864 1073 4919 οῦν
1098 4867 1146 4918 oi
1173 4868 1414 4936 μαθηταὶ
1460 4869 1551 4923 τοῦ
1583 4870 1691 4923 διο-

126 4958 249 5017 γὶεῖν
270 4959 425 5027 αὐτῷ
452 4958 810 5027 παυσάμενοι
843 4963 933 5013 καὶ
966 4960 1348 5031 μικροψυχεῖν,
1377 4964 1471 5016 τοῦ
1508 4966 1690 5034 μιμεί-

126 5045 225 5098 ενξαι
260 5050 468 5116 μᾶλλον
528 5049 791 5101 ἔσπευδον
835 5053 926 5102 καὶ
978 5052 1175 5120 ζηλοῦν
1220 5054 1317 5122 τῆς
1380 5057 1511 5126 προς
1562 5057 1692 5109 Θεὸν

126 5140 318 5204 βεῆαίας
357 5144 596 5204 ἐλπίδος
633 5144 729 5195 καὶ
766 5143 1017 5207 πίστεως.
1062 5144 1219 5198 Ἀλλὰ
1262 5148 1433 5200 ταῦτα
1477 5149 1574 5217 μὲν
1614 5152 1691 5213 είς

124 5246 366 5287 τοεοπον.

1804 4673 1922 4725 dem
1950 4672 2348 4735 ministrabant,
2380 4672 2746 4727 ministrantis
2780 4684 2957 4726 autem
3014 4674 3258 4740 corporis
3298 4671 3376 4724 iu-

1802 4764 2069 4816 borabant
2135 4763 2527 4818 imbecillitate.
2600 4764 2723 4818 Haec
2786 4778 2907 4818 cum
2942 4764 3031 4817 ille
3070 4764 3371 4825 didicisset,

1803 4855 2023 4923 duplum
2071 4856 2303 4924 praebuit
2345 4856 2460 4921 ejus
2522 4857 2899 4927 eleemosynae,
2954 4871 3114 4925 quam
3172 4857 3378 4923 primus

1805 4946 2007 4999 divisor
2049 4945 2289 4999 dederat.
2327 4947 2399 5001 De
2427 4957 2623 5001 caetero
2674 4964 2803 5016 ergo
2842 4949 2958 5017 ejus
2986 4947 3231 5014 discipuli
3261 4961 3381 4999 ces-

1802 5047 1983 5091 santes
2004 5039 2053 5091 ei
2095 5037 2355 5093 exhibere
2388 5040 2709 5102 molestiam,
2742 5049 2793 5094 et
2833 5056 2950 5094 esse
2983 5042 3176 5108 pusillo
3197 5047 3247 5092 et
3278 5038 3370 5092 ab-

1798 5129 1943 5196 jecto
1999 5128 2205 5194 animo,
2250 5131 2540 5185 studebant
2592 5133 2770 5200 potius
2806 5148 2927 5185 eum
2988 5131 3211 5192 imitari,
3249 5132 3380 5183 bea-

1805 5232 2023 5290 tumque
2045 5239 2169 5277 eum
2194 5225 2460 5278 ducebant
2483 5234 2701 5291 propter
2725 5225 2935 5278 firmam
2960 5240 3105 5293 spem
3137 5234 3190 5277 et
3216 5222 3374 5276 (idem

1806 5314 1857 5365 in
1894 5315 2079 5369 Deum.
2102 5314 2205 5369 Sed
2233 5314 2344 5369 hinc
2371 5314 2585 5383 quidem
2625 5314 2918 5383 hucusque

1591 5470 1818 5524 CAPUT
1862 5472 1942 5526 Vl.

1392 5560 1699 5614 Exstruitur
1726 5570 2122 5623 monasterium.

190 5683 284 5748 κγ.
337 5678 498 5731 Ἐπεὶ
562 5674 623 5727 δὲ
678 5676 797 5728 καθ’
852 5678 1089 5746 ἑκάστην
1149 5679 1296 5747 αὑτῷ
1343 5680 1391 5730 oi
1456 5689 1707 5751 φοιτηταὶ

137 5774 515 5837 τροσετίθεντο,
558 5769 816 5839 (ἐκάλουν
846 5770 955 5839 γὰρ
984 5770 1039 5821 αἱ
1075 5768 1182 5822 τῶν
1208 5773 1417 5824 ἐκείνου
1460 5774 1696 5842 χαρίτων

191 5889 329 5944 'Jer.
362 5907 521 5951 xui,
558 5887 659 5940 Ξῖ).
736 5888 754 5915 ⁸
784 5885 1130 5953 Ιυὺκλκιίιι,
1162 5890 1221 5950 ἅς
1266 5890 1401 5943 ἰδείει.
1435 5905 1612 5955 cun,
1637 5892 1687 5943 υ.

362 5989 656 6047 Γηιιοι.
695 5983 809 6041 Gn.
845 5982 1048 6041 ChiY.

1887 5686 1976 5740 25.
2008 5688 2269 5755 Quoniam
2294 5699 2470 5743 autem
2498 5691 2543 5744 ei
2577 5690 2814 5757 quotidie
2853 5689 3182 5743 accedebant
3207 5688 3377 5741 disci-

1810 5779 1919 5846 puli
1954 5780 2152 5850 (fontes
2183 5783 2324 5836 enim
2384 5782 2526 5838 illius
2558 5784 2849 5853 gratiarum
2906 5782 3165 5834 vncalmnt
3210 5782 3378 5834 lienas

3027 5981 3096 6037 16
