4128 6488
122 420 213 483 491

1036 421 1206 479 VlTA
1249 420 1309 480 S.
1351 420 1767 486 THEODOSII
1809 427 2411 491 C(ENOBIARCHAS.

3268 441 3376 505 498

121 536 330 585 ἐκείνων
369 530 575 601 μᾶλλον
602 531 855 600 φανερῶς
904 532 1277 602 οἰκειούμενος
1297 550 1310 563 ·
1345 533 1486 587 ὥστε
1516 538 1690 600 οὐδεὶς

1802 541 1922 596 vilis
1945 550 1998 596 et
2044 544 2325 609 minimus,
2380 546 2641 614 majorem
2672 555 3097 619 consequeretur
3147 556 3382 607 curatio-

120 621 177 693 ἦν
205 625 334 685 ὅλως
364 626 486 676 ἐκεῖ
512 624 621 676 τῶν
674 622 1115 695 ἐκϐαλλομένων,
1157 626 1334 689 οὐδεὶς
1376 631 1689 699 παροπτέος

122 722 199 771 n‘t
225 719 553 788 σπλάγχνων
581 718 985 790 φιλανθρώπων
1008 720 1228 791 ὰνᾲξιος
1250 737 1265 751 ·
1288 723 1429 793 ὅπερ
1461 726 1554 776 καὶ
1581 726 1688 778 τῶν

121 812 358 880 πατέρων
414 812 584 875 ἐνίοις
615 811 678 864 οὐ
714 812 855 864 πάνυ
889 812 1072 882 ρἁιον
1100 816 1179 877 είς
1208 814 1404 878 παῖδας
1428 817 1683 884 φυλάξαι.

124 904 289 956 Ἀλλοι
353 905 456 973 μὲν
511 904 607 956 καὶ
669 904 890 974 ἀμφίων
929 906 1078 969 ὅσοις
1131 905 1309 961 ἔνδεια
1350 909 1555 963 τούτων
1598 906 1689 980 ἦν,

122 1000 302 1060 πάντες
330 998 389 1052 δὲ
413 999 620 1067 ὁμοίως
680 997 895 1069 τρυφῆς
952 998 1287 1068 ἀξιούμενοι·
1322 1003 1415 1053 καὶ
1452 1004 1693 1073 μέμνην-

120 1094 197 1146 ταί
230 1110 359 1145 ποτε
414 1093 470 1145 οἱ
499 1109 563 1160 γε
595 1092 732 1161 πρὸς
762 1091 938 1146 ταῦτα
963 1092 1375 1163 διακονούμενοι
1410 1095 1625 1158 πλείους
1655 1096 1689 1165 ἧ

123 1185 297 1237 ἑκατὸν
350 1186 485 1254 μιᾶς
527 1184 747 1253 ἡμέρας
802 1182 1072 1236 διαθεῖναι
1126 1184 1432 1254 τραπέζας.
1478 1184 1617 1237 Ἀλλ’
1658 1187 1691 1252 η

127 1279 209 1342 μὲν
252 1275 572 1343 ἀνθρωπίνη
632 1273 728 1327 τοῦ
784 1273 967 1336 ἐλέους
994 1274 1146 1345 πηγὴ
1172 1275 1400 1345 τοιαύτη
1422 1277 1513 1329 καὶ
1546 1275 1690 1329 οὕτω

122 1368 337 1437 ὁλψιλῶς
380 1368 671 1436 βλύζουσα.
716 1367 781 1420 Ἡ
813 1367 871 1421 δὲ
902 1368 996 1420 τοῦ
1020 1369 1155 1421 Θεοῦ
1205 1370 1402 1433 cateia;
1434 1371 1503 1422 Ἢ
1540 1370 1696 1439 δῆλον

124 1463 191 1512 ὅτι
250 1459 433 1528 πολλῷ
482 1459 559 1528 τῷ
625 1460 775 1529 μέσῳ
818 1462 911 1513 καὶ
963 1461 1180 1531 ἀπείρῳ
1232 1460 1294 1513 τὸ
1347 1461 1691 1531 ὑπερϐάλλον

125 1556 300 1621 ἔχουσα
328 1570 343 1616 ;
371 1551 617 1620 Δηλώσει
642 1552 701 1605 δὲ
735 1551 829 1604 νῦν
856 1553 885 1604 ὀ
909 1553 1066 1620 λόγος
1086 1554 1198 1605 τίσι
1229 1555 1569 1625 τεκμηρίοις,
1599 1555 1694 1608 καὶ

127 1645 190 1713 τῷ
214 1643 607 1712 ὲπαγγελθέντι
638 1643 813 1713 πέρας
843 1644 1058 1709 ἑπάξει.

1803 646 1959 697 nem;
2003 637 2257 701 quoniam
2287 636 2538 691 Christus
2578 653 2794 707 quoque
2825 650 2908 695 est
2944 640 3085 696 inter
3103 641 3380 707 minimos,

1798 737 1849 779 et
1876 742 1992 793 qua:
2021 738 2145 782 Sunt
2197 729 2436 791 illorum,
2472 740 2659 799 aperte
2708 731 2808 785 sibi
2845 734 3048 789 tribuit.
3080 734 3260 800 Quare
3288 750 3383 789 eo-

1800 834 1913 871 rum
1945 821 2034 888 qui
2079 822 2498 888 expellerentur.
2532 823 2674 877 uulla
2738 824 2845 878 illic
2893 825 3189 880 habebatur
3219 828 3379 884 ratio.

1798 911 1986 965 Nullus
2016 916 2438 983 despiciebatur,
2478 916 2767 987 nullusque
2796 919 3052 989 indignus
3088 922 3379 990 reputaba-

1798 1015 1883 1057 tur
1923 1006 2424 1064 commiseratione.
2466 1007 2623 1074 Quod
2658 1010 2877 1078 quidem
2920 1020 3133 1079 patrum
3166 1026 3382 1082 quoque

1798 1098 2068 1153 nonnullis
2108 1115 2214 1154 non
2242 1110 2326 1156 est
2358 1101 2646 1155 admodum
2678 1100 2833 1158 facile
2864 1118 3086 1158 servare
3135 1104 3186 1158 in
3222 1104 3380 1160 ﬁlios.

1797 1187 1902 1242 Sed
1927 1189 2044 1244 aliis
2075 1191 2292 1259 quidem
2319 1200 2495 1247 vestes
2522 1207 2739 1260 quoque
2777 1194 3069 1262 dabantur,
3096 1196 3294 1266 quibus
3319 1198 3384 1252 iis

1794 1289 1913 1333 erat
1957 1295 2091 1350 opus
2136 1299 2147 1333 :
2186 1282 2438 1337 omnibus
2494 1283 2752 1339 similiter
2802 1284 3070 1340 dabantur
3103 1287 3381 1342 alimenta.

1797 1374 1971 1437 Atque
2015 1373 2383 1429 meminerunt
2409 1376 2651 1444 quidem,
2689 1377 2782 1446 qui
2836 1378 2905 1431 ad
2959 1379 3072 1433 haec
3108 1381 3384 1435 ministra-

1802 1467 1947 1531 bant,
1969 1479 2026 1518 se
2060 1480 2167 1518 uno
2197 1466 2282 1520 die
2302 1467 2587 1537 plusquam
2620 1478 2841 1524 centum
2890 1485 3106 1526 mensas
3129 1487 3372 1541 parasse.

1802 1556 1870 1610 Et
1906 1558 2171 1614 humanus
2206 1560 2423 1628 quidem
2477 1560 2863 1617 misericordite
2903 1562 3022 1617 fons
3046 1575 3165 1618 erat
3201 1563 3386 1631 hujus-

1802 1648 1971 1713 modi,
2006 1660 2059 1705 et
2094 1662 2199 1705 tam
2255 1652 2475 1705 aliunde
2529 1655 2853 1708 seaturiens.
2892 1654 2984 1710 Dei
3015 1665 3193 1710 autem
3261 1656 3384 1713 fons

125 1740 319 1809 qualis?
351 1739 609 1808 Nunquid
639 1748 725 1792 est
748 1736 1123 1802 manifestum,
1147 1738 1290 1807 quod
1325 1738 1510 1793 multis
1541 1748 1703 1808 atque
1741 1744 1876 1796 adeo
1908 1743 2133 1798 inﬁnitis
2204 1744 2450 1812 partibus
2491 1746 2821 1816 superabat?
2871 1744 3021 1801 Nunc
3073 1758 3253 1802 autem
3280 1749 3377 1805 de-

125 1836 335 1889 clarabit
365 1837 573 1896 oratio,
598 1833 924 1903 quibusnam
968 1834 1205 1899 indiciis,
1246 1844 1303 1888 et
1344 1834 1502 1888 ﬁnem
1528 1836 1768 1905 imponet
1803 1839 1873 1901 ci,
1901 1840 2045 1906 quod
2074 1852 2158 1895 est
2189 1841 2451 1911 pollicita.

182 1933 239 1985 λ’.
292 1930 618 1983 Ἐπαξδευσέ
661 1948 793 1983 ποτε
837 1933 938 1999 τὴν
982 1932 1087 2000 γῆν
1114 1934 1142 1984 ὁ
1174 1932 1339 1997 Θεὸς,
1392 1932 1680 1984 ἐπαίδευσε

1857 1934 1945 1989 50.
1971 1936 2284 2006 Castigabat
2316 1938 2607 2007 aliquando
2641 1949 2839 1995 terram
2877 1942 3040 2009 Deus,
3072 1944 3378 2014 castigabat

191 2023 349 2092 λιμῷ,
403 2022 502 2077 καὶ
538 2023 717 2091 ὀλίγος
760 2024 859 2075 οὐκ
889 2025 982 2075 ἐπὶ
1020 2023 1218 2094 βραχὺ,
1250 2024 1370 2077 οὑδὲ
1419 2024 1528 2077 τῶν
1562 2026 1684 2094 μὲν,

124 2117 287 2169 τῶνδὲ
312 2118 374 2169 οὑ
407 2118 773 2185 κατεκράτει,
836 2116 954 2168 ἀλλ’
994 2116 1153 2187 ἐπῄει
1202 2120 1367 2171 πᾶσιν
1401 2122 1435 2189 ἡ
1482 2120 1689 2187 ,μάστιξ

124 2212 340 2276 duo-itur
404 2209 553 2262 οὕτω
598 2210 654 2261 δὲ
703 2210 813 2262 τῶν
859 2209 1163 2279 ἀνθρώπων
1206 2213 1545 2281 πιεζομένων
1603 2212 1691 2265 διὰ

126 2302 291 2353 κακῶν
377 2303 561 2372 ἔργων
629 2302 956 2360 ,ἀντέκτισιν
1035 2302 1209 2371 (ἐπεὶ
1277 2304 1369 2355 καὶ
1438 2305 1691 2375 πονηρῶν

127 2393 567 2461 ὲτιτηδευμάτων
628 2391 871 2460 Μιχαίας
907 2394 936 2443 ὁ
968 2390 1111 2454 θεῖος
1158 2393 1369 2461 καρπὸν
1429 2390 1569 2446 εἶναι
1624 2396 1692 2447 τὰ

127 2482 326 2534 τοιαῦτα
388 2482 574 2551 φησιὶ,
610 2482 704 2534 καὶ
737 2483 769 2551 ἡ
820 2482 930 2532 τῶν
959 2480 1127 2550 βαῖων
1176 2482 1479 2551 παρίστατο
1508 2483 1689 2553 ἑορτὴ,

127 2575 228 2625 καθ’
258 2576 322 2642 ἣν
343 2574 409 2624 τὸ
438 2574 549 2625 τῶν
600 2574 848 2642 πενήτων
889 2574 982 2625 καὶ
1011 2574 1286 2641 ἀγροίκων
1324 2573 1527 2643 πλῆθος
1559 2576 1692 2646 πρό-

128 2682 268 2732 φασιν
314 2665 503 2717 λαϐὼν
556 2664 657 2735 τὴν
710 2666 1016 2733 πανήγυριν
1070 2665 1339 2733 ἐπεδήμει
1405 2663 1484 2733 τῷ
1540 2665 1692 2733 τόπῳ

127 2759 209 2826 ἢδη
235 2758 331 2826 μὲν
363 2758 466 2809 καὶ
496 2758 565 2808 δι’
597 2756 751 2817 ἔθους
776 2755 936 2807 τοῦτο
961 2755 1264 2819 ποιοῦντες,
1294 2756 1431 2807 ἀλλὰ
1457 2758 1550 2808 καὶ
1572 2759 1691 2808 τότε

128 2850 207 2899 καὶ
236 2848 396 2899 πλέον
436 2847 544 2898 ὑπὸ
590 2846 684 2898 τοῦ
716 2845 877 2915 λιμοῦ
905 2845 1277 2914 κελευόμενοι.
1311 2846 1374 2897 Ol
1403 2845 1535 2913 γοῦν
1564 2863 1629 2897 πε
1641 2848 1693 2915 ρὶ

128 2940 206 3008 τὴν
256 2938 644 3009 ἀριστοποιίαν
700 2936 1110 3006 διακονούμενοι
1177 2937 1314 3006 πρὸς
1372 2936 1433 2988 τὸ
1488 2936 1693 3004 πλῆθος

131 3032 523 3099 ἰλιγγιάσαντες
564 3031 669 3082 ὑπὸ
708 3029 970 3098 σταθμοῖς
999 3045 1107 3081 τισι
1142 3029 1233 3081 καὶ
1258 3028 1444 3097 ζυγοῖς
1468 3029 1565 3099 τὴν
1594 3030 1692 3098 τῆς

127 3124 307 3193 τροφῆς
340 3121 620 3174 ποιεῖσθαι
657 3121 917 3190 διανομὴν
950 3119 1071 3191 [alii
1098 3118 1374 3190 διακονὴν]
1396 3111 1694 3189 ἐπειρῖῦντο

128 3218 188 3275 ὡς
218 3218 277 3267 ἂν
320 3218 389 3283 τῇ
439 3213 618 3281 φειδοῖ
661 3212 831 3282 ταύτῃ
863 3213 958 3265 καὶ
986 3211 1244 3281 ἀκριϐείᾳ
1278 3213 1414 3280 προς
1443 3211 1693 3271 πλείονας

1798 2037 1973 2083 autem
2010 2030 2152 2085 fame
2189 2045 2203 2081 :
2237 2040 2356 2085 erat
2393 2040 2570 2085 autem
2626 2048 2729 2087 non
2764 2034 2944 2088 brevis
2971 2035 3152 2105 aliqua
3184 2034 3379 2097 fames,

1799 2136 1970 2190 neque
2022 2121 2075 2175 in
2123 2122 2222 2175 hos
2272 2120 2491 2189 quidem
2539 2122 2941 2187 dominabatur,
2982 2124 3034 2177 in
3088 2126 3223 2181 alios
3255 2141 3383 2181 vero

1799 2227 1939 2277 non;
1978 2212 2071 2264 sed
2104 2227 2170 2265 ex
2205 2226 2358 2280 aequo
2387 2227 2580 2267 omnes
2630 2215 2902 2267 invaserat
2929 2215 3217 2284 ﬂagellum.
3246 2216 3380 2270 Cum

1799 2304 1877 2358 sic
1926 2312 2107 2359 autem
2161 2303 2529 2375 aﬁligerenlur
2586 2306 2857 2371 homines,
2905 2318 2962 2361 ut
3019 2322 3231 2372 eorum,
3264 2326 3385 2379 qua:

1799 2395 2061 2449 scelerate
2086 2394 2543 2463 fecerant,pcenas
2562 2396 2756 2451 darent
2781 2397 3066 2466 (malorum
3091 2400 3235 2452 enim
3264 2409 3382 2453 stu-

1798 2486 2009 2541 diorum
2045 2486 2159 2541 hmc
2185 2501 2305 2542 esse
2334 2487 2591 2553 fructum,
2628 2489 2755 2544 dicit
2793 2490 3008 2544 divinus
3038 2490 3378 2560 Michznas“)

1798 2588 1850 2631 et
1879 2579 2092 2632 adesset
2120 2578 2235 2632 dies
2283 2578 2453 2634 festus
2487 2578 2815 2646 Palmarum,
2854 2595 2961 2649 quo
3006 2596 3299 2650 pauperum
3328 2592 3383 2636 et

1799 2669 2091 2737 agrestium
2139 2669 2450 2732 multitudo,
2500 2669 2621 2723 festi
2675 2678 2895 2739 accepta
2961 2672 3269 2735 occasione,
3328 2674 3380 2727 iu

1801 2774 1923 2813 eum
1955 2760 2131 2814 locum
2162 2769 2510 2827 convenerat,
2560 2761 2672 2828 jam
2708 2762 2809 2816 hoc
2841 2763 3055 2829 quidem
3090 2778 3186 2831 pro
3232 2780 3381 2817 more

1802 2850 2077 2917 facientes,
2112 2853 2203 2907 sed
2241 2861 2367 2905 tunc
2396 2853 2567 2921 magis
2615 2867 2643 2904 a
2688 2850 2827 2905 fame
2855 2852 3011 2920 jussi.
3049 2854 3151 2919 Qui
3186 2855 3371 2921 itaque

1800 2944 1864 2997 ad
1905 2945 2204 3012 parandum
2267 2944 2551 3012 prandium
2618 2944 3009 3009 inserviebant,
3067 2945 3134 2999 ad
3176 2954 3378 2999 tantam

1800 3032 2098 3102 caligantes
2154 3034 2590 3099 multitudinem,
2669 3036 3008 3087 conabantur
3060 3035 3377 3103 quibusdam

1803 3125 1951 3178 libris
1977 3134 2029 3178 et
2053 3125 2268 3178 trutinis
2292 3124 2605 3178 alimentum
2636 3124 2983 3189 distribuere,
3011 3133 3070 3178 ut
3096 3124 3198 3178 hac
3222 3139 3382 3179 accu-

1804 3227 1918 3271 rata
1949 3216 2239 3285 subtilique
2269 3218 2478 3270 ratione
2504 3225 2558 3271 et
2593 3216 2856 3283 parcitate
2910 3223 3093 3284 posset
3138 3214 3383 3285 pluribus

128 3309 319 3377 ἀρκέσῃ
338 3306 407 3358 τὰ
426 3306 527 3375 τῆς
544 3305 771 3373 τροφῆς.
790 3303 849 3356 Ὀ
864 3304 919 3356 δὲ
940 3303 1176 3373 σταθμὸς
1191 3304 1375 3364 αὑῖοῖς
1394 3306 1471 3364 είς
1489 3302 1690 3371 λίτραν¹

1805 3309 2115 3361 alimentum
2158 3306 2421 3361 sullicere.
2460 3305 2676 3358 Pondns
2707 3315 2885 3357 autem
2939 3305 3019 3358 eis
3051 3304 3115 3358 ad
3164 3304 3379 3369 libram,

125 3402 186 3462 ὡς
222 3402 281 3454 ἄν
305 3418 391 3461 τις
449 3398 601 3449 εἴποι
635 3396 851 3467 γλώττῃ
884 3396 1176 3464 Ῥωμαίων
1205 3396 1507 3464 χρώμενος,
1540 3412 1694 3464 περι-

130 3494 321 3544 ίστατο·
357 3488 583 3558 παριών
612 3505 671 3541 τε
697 3490 726 3540 ὁ
759 3489 933 3558 μέγας
964 3488 1058 3540 καὶ
1086 3488 1148 3539 τὸ
1177 3487 1546 3557 πραττόμενον
1575 3486 1694 3556 ὄψει

128 3580 470 3647 παραλαϐὼν,
536 3579 735 3648 πλήθει
765 3596 823 3631 τε
859 3578 1039 3646 πολλῷ
1079 3578 1177 3640 τὰς
1215 3577 1391 3639 πύλας
1432 3578 1689 3647 βιαζομέ-

130 3692 227 3737 νις,
252 3676 347 3726 καὶ
376 3674 441 3726 τὸ
472 3672 571 3725 τοῦ
610 3670 731 3723 Ἰὼϐ
768 3670 956 3741 ὥσπερ
999 3670 1096 3723 καὶ
1136 3671 1298 3732 αὐτὸς
1354 3673 1572 3738 φρονεῖν
1603 3670 1695 3723 καὶ

130 3766 284 3830 λέγειν
341 3764 809 3832 πεπαιδευμένος,
864 3764 946 3816 ὅτι
978 3762 1054 3833 μὴ
1088 3761 1194 3827 ἔξω
1252 3762 1502 3832 ηὐλίζετο
1547 3762 1696 3826 ξένος

130 3859 434 3927 καὶὴθύρα
486 3876 591 3927 μου
650 3859 812 3909 παντὶ
853 3856 1116 3925 ὁδοιπόρῳ
1170 3856 1426 3925 ἀνέῳκτο,
1484 3855 1696 3909 κελεύει

129 3950 208 4010 τὰς
256 3950 435 4011 πύλας
487 3949 929 4010 διαπετασαντας
963 3948 1214 4012 εἰσιτητά
1250 3949 1421 4000 θεῖναι
1446 3949 1511 4001 τὰ
1544 3949 1692 4009 ἐντὸς

131 4044 242 4091 πᾶσι
263 4045 372 4103 τοῖς
400 4040 756 4109 βουλομένοις
784 4056 797 4068 ⁸
825 4037 941 4092 εἶτα
967 4041 1064 4092 καὶ
1089 4040 1189 4102 τὰς
1226 4040 1479 4109 συνήθεις
1515 4056 1693 4109 παρα-

129 4128 277 4179 θεῖναι
326 4129 620 4197 τραπέζας
678 4128 955 4195 ἀνδράσιν,
1016 4125 1096 4191 οἷς
1128 4129 1289 4199 ἔργον
1342 4132 1436 4181 καὶ
1478 4130 1695 4199 ἀριθμῷ

126 4222 304 4283 ξοίνιι,
342 4224 419 4290 μή
458 4238 515 4272 τι
538 4237 603 4287 γε
636 4221 775 4281 ὅλως
805 4222 899 4274 καὶ
928 4225 1098 4291 τροφῇ
1127 4222 1371 4292 κορέσαι.
1401 4223 1557 4274 Ὅσοι
1595 4224 1693 4291 μὲν

127 4312 239 4379 προς
264 4311 424 4363 τοῦτο
462 4312 761 4379 ὑπηρετεῖν
813 4310 1059 4379 ἔμελλον,
1086 4314 1190 4374 ἓως
1229 4314 1327 4381 μὲν
1366 4315 1501 4383 πρὸς
1537 4315 1695 4384 μόνον

129 4405 291 4466 ἁπλῶς
320 4407 380 4457 τὸ
410 4404 625 4472 πλῆθος
682 4404 890 4473 ἐώρων,
955 4408 1314 4470 ἀπιστοῦντες
1342 4411 1504 4476 μόνον
1530 4405 1691 4477 ἦσαν,

126 4498 207 4565 οὺχ
241 4500 386 4561 ὅπως
412 4499 480 4568 δή
520 4515 575 4549 τι
605 4499 699 4549 καὶ
742 4499 1090 4568 ἐνεργοῦντες
1135 4501 1239 4569 ἰδίᾳ
1268 4483 1367 4571 τὴν
1390 4501 1693 4571 ὑπερϐολὴν

127 4589 201 4639 τοῦ
246 4591 647 4660 κελεύσματος.
686 4592 835 4643 Ἐπεὶ
856 4592 913 4645 δὲ
939 4593 1033 4644 καὶ
1065 4593 1200 4662 πρὸς
1229 4593 1329 4662 τὴν
1367 4594 1566 4663 ἀρετὴν
1600 4597 1691 4649 καὶ

126 4684 207 4747 τὴν
234 4684 391 4753 χάριν
424 4683 525 4736 τοῦ
566 4684 933 4753 κελεύσματος
967 4684 1123 4750 εἶδον,
1154 4688 1469 4756 ἀπέστησάν
1494 4706 1549 4741 τε
1582 4690 1688 4740 τῶν

127 4775 466 4844 ἀ·.ῡρωπίνων
521 4778 618 4829 καὶ
680 4777 1011 4847 ὑψηλότερον
1060 4779 1313 4848 ἔϐλεψαν.
1374 4780 1588 4849 ἦνοιγόν
1630 4798 1687 4834 τε

128 4871 210 4930 τὶς
272 4869 447 4932 πύλας
501 4869 713 4931 εὐθέως
744 4910 757 4932 ,
806 4871 900 4923 καὶ
948 4872 1199 4940 ἀσμένως
1247 4873 1375 4935 τοὺς
1422 4874 1691 4935 εἰσιόντας

126 4960 343 5027 ἐδέχοντο
372 5006 385 5027 ,
457 4956 590 5015 εἶτα
649 4963 745 5013 καὶ
793 4963 929 5032 πρὸς
1000 4964 1280 5033 τραπέζας
1327 4964 1688 5031 διεπονοῦντο,

126 5055 203 5105 nt
244 5055 443 5124 ἱλαρῶς
499 5053 832 5125 παρετίθουν
883 5054 1022 5109 αύτά
1057 5055 1231 5108 ταῦτα
1257 5057 1357 5108 ὅσα
1408 5059 1688 5127 παρεῖχον.

127 5148 176 5197 ΤΞ
207 5144 337 5201 οὖνὸ
363 5150 478 5203 τῶν
507 5149 837 5219 θαυμασίων
874 5147 1006 5211 Θεός
1031 5164 1046 5213 ;
1078 5150 1276 5218 Ἤρκει
1325 5151 1418 5203 καὶ
1440 5149 1593 5213 αὖθις
1623 5150 1695 5203 δι’

125 5238 293 5306 ίλίγων
318 5242 555 5312 τρέφειν
610 5240 791 5309 πλήθη
835 5239 1028 5307 πολλὰ,
1075 5238 1264 5310 ὥσπερ
1299 5239 1408 5309 ἄρα
1437 5242 1533 5294 καὶ
1578 5244 1691 5304 τοῖς

128 5331 260 5385 πέντε
281 5332 472 5403 ἄρτοις
514 5331 649 5394 τοὺς
696 5332 1169 5405 πεντακισχιλίους
1192 5330 1253 5385 τὸ
1283 5333 1546 5403 πρότερον
1575 5332 1691 5402 ἅμα

128 5423 233 5487 γοῦν
256 5425 481 5477 αὐτοιτε
505 5424 613 5484 τὰς
642 5423 911 5493 γαστέρας
938 5422 1301 5493 ἐπίμπλαντο,
1322 5423 1416 5474 καὶ
1441 5422 1498 5474 αἱ
1520 5423 1681 5492 ἀρτοο

129 5512 265 5580 ὑῆκαι
312 5514 625 5569 κατάπλεω
673 5513 782 5565 τῶν
805 5512 985 5583 ἄρτων
1018 5511 1346 5573 ἐδείκνυντο,
1385 5510 1552 5563 κα.ὶοί
1588 5510 1685 5579 μὲν

129 5608 278 5657 πάντα
304 5608 595 5660 ἐπιλιπεῖν
628 5605 899 5673 ἐνόμιζον,
921 5605 969 5656 οἱ
996 5604 1055 5657 δὲ
1084 5604 1311 5674 πλήρεις
1342 5597 1484 5673 ἦσαν
1524 5601 1685 5655 πλέον

135 5698 440 5769 ῆπαρέσχον
498 5698 935 5763 ἀντιλαϐοὖσαι,
994 5699 1088 5751 καὶ
1145 5698 1212 5751 δι’
1275 5696 1439 5767 εὐχῆς
1498 5695 1686 5766 ὥσπερ

200 5856 395 5911 “ﬂuit
463 5873 512 5908 τι
606 5860 677 5912 15η
764 5860 930 5914 "Job
985 5874 1127 5921 μυ,
1185 5860 1241 5911 17
1291 5866 1337 5911 cl
1387 5856 1449 5909 18

1799 3409 1855 3452 ut
1886 3400 2084 3453 dixerit
2116 3398 2383 3467 quispiam
2414 3407 2569 3451 utens
2596 3397 2778 3463 lingua
2810 3398 3194 3462 Romanorum,
3231 3397 3377 3451 redi-

1800 3490 1908 3544 bat.
1957 3490 2237 3543 Accedens
2270 3497 2449 3540 autem
2487 3502 2713 3555 magnus
2746 3486 2833 3539 ille
2864 3484 3221 3552 Theodosius,
3256 3501 3377 3540 cum

1798 3580 1848 3633 id
1896 3580 2037 3648 quod
2075 3578 2256 3642 ﬁebat,
2308 3577 2423 3631 visu
2487 3576 2959 3644 apprehendisset,
3002 3584 3056 3629 et
3112 3591 3141 3630 a
3186 3591 3379 3645 magna

1799 3674 2142 3729 multitudine
2184 3672 2294 3725 vim
2344 3668 2522 3725 aﬂerri
2566 3670 2771 3738 januis,
2811 3681 2865 3723 et
2892 3668 3030 3723 idem
3088 3669 3229 3736 quod
3256 3667 3377 3732 Job,

1798 3766 2079 3824 didicisset
2109 3764 2313 3821 sentire
2344 3772 2398 3818 et
2428 3763 2607 3817 dicere
2640 3779 2652 3812 :
2684 3760 2838 3813 Foris
2876 3777 2976 3814 non
3011 3760 3381 3813 diversabatur

1797 3860 2000 3928 hospes,
2031 3866 2080 3910 et
2106 3858 2310 3922 patebat
2338 3856 2530 3908 ostium
2558 3868 2701 3905 0mm
2734 3851 2919 3904 viatori
2952 3850 2992 3881 ¹¹
3017 3866 3031 3914 ;
3070 3849 3223 3918 jubet
3253 3863 3380 3916 por-

1796 3964 1879 4008 tas
1909 3950 2129 4023 aperiri,
2164 3958 2217 4005 et
2248 3949 2597 4019 permittere,
2652 3953 2710 3999 ut
2746 3959 2932 3999 omnes
2980 3945 3219 3997 volentes
3256 3958 3378 4010 pos-

1798 4058 1914 4100 sent
1945 4043 2148 4114 ingredi
2188 4058 2201 4093 :
2231 4050 2285 4095 et
2314 4040 2621 4095 hominibus
2653 4051 2869 4091 mensas
2897 4041 3189 4089 consuetas
3215 4048 3380 4103 appo-

1799 4151 1945 4199 nere,
1974 4150 2110 4202 qnos
2141 4132 2353 4188 diﬁicile
2395 4141 2515 4184 erat
2547 4129 2628 4181 vel
2671 4141 2981 4191 numerare,
3042 4140 3146 4179 non
3204 4126 3377 4180 solum

1798 4242 1890 4281 eos
1922 4226 2040 4279 cibo
2079 4225 2296 4277 satiare.
2335 4222 2657 4288 Quicunque
2709 4230 2838 4287 ergo
2871 4217 2920 4270 ei
2962 4225 3118 4270 erant
3152 4216 3377 4268 inservi-

1799 4320 1924 4379 turi,
1974 4316 2187 4382 quando
2261 4316 2327 4367 ad
2383 4314 2552 4367 solam
2608 4309 2979 4365 tantummodo
3048 4308 3382 4378 aspiciebant

1800 4408 2215 4469 multitudinem,
2276 4421 2381 4459 non
2420 4402 2717 4457 credebant
2760 4419 2773 4454 :
2819 4410 3027 4454 tantum
3083 4401 3256 4463 abest,
3322 4410 3382 4451 ut

1797 4504 1995 4570 aliquid
2042 4501 2313 4561 lacerent,
2381 4508 2665 4565 propterea
2727 4495 2870 4563 quod
2938 4494 3153 4547 modum
3206 4492 3381 4560 iussio

1799 4596 2178 4666 exsuperabat.
2222 4593 2514 4661 Postquam
2550 4595 2729 4642 autem
2759 4597 3096 4657 aspexerunt
3118 4589 3183 4640 ad
3215 4587 3382 4639 virtu-

1800 4702 1907 4745 tem
1932 4698 1983 4743 et
2013 4687 2241 4756 gratiam
2275 4684 2412 4753 ejus,
2448 4682 2538 4753 qui
2566 4682 2812 4750 jubebat,
2855 4681 2922 4734 ab
2957 4678 3209 4733 humanis
3255 4679 3380 4733 des-

1796 4783 2039 4843 titerunt,
2082 4786 2137 4832 et
2183 4776 2347 4829 altius
2434 4782 2804 4844 aspexerunt,
2864 4780 2918 4826 et
2970 4779 3149 4838 portas
3198 4771 3378 4825 statim

1796 4878 2143 4942 aperuerunt,
2193 4877 2248 4923 et
2275 4868 2525 4922 lubenter
2579 4866 2916 4920 admiserunt
2946 4876 3041 4918 eos
3064 4863 3156 4933 qui
3200 4862 3380 4917 venie-

1798 4966 1929 5019 bant
1964 4978 1978 5015 :
2011 4973 2067 5018 et
2087 4959 2286 5017 deinde
2317 4960 2481 5016 etiam
2508 4957 2764 5027 parandis
2786 4955 2992 5011 mensis
3026 4955 3229 5009 dabant
3250 4969 3379 5023 ope-

1791 5071 1928 5121 ram,
1962 5064 2017 5110 et
2076 5054 2322 5109 hilariter
2368 5065 2431 5107 ea
2462 5052 2624 5107 etiam
2657 5050 3020 5119 apponebant,
3059 5060 3177 5116 quae
3211 5046 3376 5099 habe-

1790 5148 1936 5201 bant.
1970 5145 2108 5213 Quid
2135 5160 2264 5215 ergo
2296 5144 2432 5199 Deus
2456 5138 2895 5195 admirabilium?
2921 5140 3131 5192 Rursus
3159 5150 3378 5205 quoque

1788 5237 2000 5293 suﬂ'ecit
2033 5237 2097 5291 ad
2156 5235 2341 5306 paucis
2369 5232 2614 5287 alendam
2648 5244 2900 5297 magnam
2936 5227 3370 5288 multitudinem,

1787 5332 1930 5386 sicut
1959 5331 2123 5385 etiam
2158 5327 2309 5395 prius
2368 5326 2608 5395 quinque
2639 5322 2873 5391 panibus
2901 5322 3147 5390 quinque
3182 5318 3372 5372 millia.

1794 5423 1967 5480 Simul
1997 5436 2125 5491 ergo
2151 5434 2338 5475 eorum
2359 5418 2562 5489 impleti
2594 5425 2722 5473 sunt
2765 5422 3003 5479 ventres,
3026 5421 3082 5466 et
3109 5425 3249 5465 arcae
3281 5424 3348 5480 pa

1796 5516 1961 5570 uariae
1991 5512 2416 5568 ostendebantur
2441 5510 2609 5580 plena:
2653 5507 2879 5577 panibus
2914 5522 2931 5559 :
2964 5514 3021 5559 et
3044 5505 3117 5559 illi
3155 5504 3371 5572 quidem

1794 5604 2179 5659 existimabant
2232 5600 2366 5665 fore,
2400 5610 2459 5655 ut
2506 5600 2685 5654 omnia
2749 5598 3088 5652 deﬁcerent:
3137 5609 3213 5648 eae
3244 5607 3374 5647 vero

1798 5705 1953 5751 erant
1983 5693 2172 5763 plenae,
2204 5702 2255 5748 ct
2278 5693 2431 5762 plura
2460 5691 2718 5747 tenebant
2744 5703 2906 5760 quam
2932 5687 3292 5757 praebuerant,
3322 5693 3379 5739 et
