4128 6488
139 441 220 507 501
1050 444 1226 505 VlTA
1270 446 1328 502 S.
1374 442 1418 500 Τ
1424 442 1793 504 HEUDOSll
1834 443 2431 505 CtENOBlAHCHiE.

3289 448 3395 511 502

136 554 333 625 πλησίον
386 553 612 623 ἀγάπης
651 555 685 625 ἡ
744 554 872 625 περὶ
918 556 1045 618 τοὺς
1116 554 1411 619 νοσοῦντας
1464 554 1700 625 κηδεμο-

1810 554 1860 607 in
1896 556 2227 622 proximum,
2260 563 2343 608 est
2369 569 2497 607 cura
2527 569 2646 623 quae
2672 555 2878 624 geritur
2902 563 3252 625 aegrotorum;
3278 574 3397 625 quae

137 648 223 711 νία,
309 646 406 699 καὶ
439 646 676 715 μάλιστα
708 646 771 700 τὸ
796 646 1099 719 παθητικὸν
1128 647 1286 719 ἡμῶν
1330 642 1471 700 οἶδεν
1495 649 1698 700 ἐκκαθ-

138 739 362 810 αίρεοθαι
394 741 493 809 τῆς
536 740 741 811 ψυχῆς,
774 742 851 794 ὅτι
888 742 1022 810 μηδὲ
1053 742 1213 813 ἀρκεῖ
1246 742 1383 811 πρὸς
1417 742 1698 795 τελείωσιν

137 836 183 885 τὸ
216 834 479 888 πεινῶντα
505 834 703 905 θρέψαι
731 836 823 889 τὸν
851 836 1101 905 ἀδελφὸν,
1131 836 1221 889 καὶ
1255 836 1473 889 ποτίσαι
1502 836 1698 907 διψῶν-

139 946 207 989 τα,
238 929 379 993 ξένον
407 948 465 982 τε
493 932 587 982 καὶ
626 930 833 999 γυμνὸν
864 930 992 983 ὄντα
1040 930 1440 984 είσοικίσασθαι
1474 933 1567 985 καὶ
1599 949 1697 984 πε-

143 1021 377 1091 ριὸαλεῖν,
405 1022 540 1074 ἀλλὰ
574 1025 709 1093 πρὸς
742 1024 952 1084 τούτοις
983 1023 1063 1077 δεῖ
1092 1026 1187 1078 καὶ
1218 1025 1584 1095 συμπάσχειν,
1611 1028 1698 1081 ἵνα

227 1123 281 1176 τὺ
312 1124 479 1176 καλὸν
513 1122 701 1185 ἁπλῶς
737 1121 919 1191 μόνον,
949 1118 1084 1173 ἀλλὰ
1129 1119 1225 1173 καὶ
1264 1119 1445 1181 καλῶς
1473 1120 1698 1191 γινόμε-

141 1235 212 1271 νον
236 1213 286 1290 ᾖ,
315 1216 461 1270 κατὰ
489 1217 669 1287 ψυχῆς
711 1213 911 1286 δηλαδὴ
938 1214 1201 1279 διάθεσιν,
1234 1213 1375 1268 ὥστε
1429 1215 1505 1285 μὴ
1557 1218 1701 1286 χειρὶ

143 1314 295 1381 μόνον.
338 1311 475 1363 ἀλλὰ
500 1312 595 1363 καὶ
620 1310 765 1381 ψυχῇ
806 1310 903 1362 τὸν
934 1308 1083 1361 ἔλεον
1113 1309 1524 1362 ἐπιδείκνυσθαι
1546 1327 1559 1340 '
1590 1306 1701 1372 οἷος

142 1406 361 1474 καὶπερὶ
385 1403 545 1457 τοῦτο
574 1399 645 1474 ἦν
691 1405 923 1467 ἐκεῖνος,
952 1405 979 1455 ό
1030 1402 1185 1471 λόγος
1219 1404 1318 1474 ἤδη
1352 1404 1544 1473 δηλοῦν
1575 1404 1699 1474 βού-

142 1497 287 1550 λεται.
344 1498 508 1566 Τρεῖς
539 1495 902 1567 οἰκοδομήσας
942 1497 1156 1561 οῑκους,
1209 1497 1301 1550 τὸν
1338 1498 1437 1567 μὲν
1468 1500 1580 1560 τοῖς
1614 1498 1699 1551 διὰ

142 1589 345 1658 Χριστὸν
377 1589 627 1655 ἀζύγοις,
652 1589 841 1657 κόσμῳ
869 1605 927 1641 τε
963 1588 1320 1658 σταυρωθεῖσι
1351 1591 1535 1654 παντὶ,
1564 1590 1699 1661 πρὸς

141 1685 222 1753 τὴν
245 1684 296 1735 ἐν
323 1682 635 1745 ἀσθενείαις
656 1680 749 1735 τοῦ
777 1679 1027 1752 σώματος
1045 1684 1344 1752 θεραπείαν
1373 1684 1694 1754 ἀπένειμεν·

146 1772 246 1827 εἶτα
280 1776 403 1839 τοὺς
431 1776 525 1829 δύο
554 1778 666 1839 τοῖς
701 1777 759 1829 ἐν
792 1776 984 1847 κόσμῳ
1014 1776 1149 1841 ζῶσι
1179 1777 1274 1830 καὶ
1316 1781 1699 1849 στρεφομένοις

142 1870 304 1936 avitas,
331 1870 427 1921 καὶ
452 1867 657 1922 τούτων
682 1868 863 1921 αὐτῶν
892 1868 983 1921 τὸν
1008 1870 1107 1939 μὲν
1137 1873 1247 1933 τοῖς
1280 1871 1698 1942 ὲπισημοτέροις
1739 1914 1776 1967 Β

143 1962 219 2010 καὶ
261 1961 629 2029 σεμνοτέροις,
663 1962 753 2013 τὸν
783 1962 837 2014 δὲ
867 1964 979 2025 τοῖς
1015 1963 1417 2035 εὐτελεστέροις
1464 1966 1556 2019 καὶ
1602 1967 1699 2033 τῆς

142 2050 319 2117 ἑτέρων
364 2051 643 2121 δεομένοις
700 2054 1042 2124 ἐπικουρίας.
1116 2054 1274 2108 Ἀλλὰ
1314 2059 1407 2108 καὶ
1464 2060 1573 2119 τοῖς
1611 2057 1699 2109 ὑπ’

144 2144 279 2195 αὑτὸν
322 2147 581 2215 μοναχοίς
639 2146 754 2199 ὅσοι
803 2147 951 2218 γήρᾳ
997 2148 1090 2202 καὶ
1150 2150 1369 2220 μακρᾶς
1416 2149 1701 2220 ἀσκήσεως

144 2238 298 2299 πόνοις
323 2239 423 2309 τὴν
463 2239 570 2292 τῶν
597 2241 866 2308 σωμάτων
889 2242 1042 2311 ἰσχὺν
1064 2242 1390 2296 ὑπολέλυντο
1423 2245 1549 2314 (ἔδει
1594 2245 1702 2315 γάρ

147 2328 258 2397 μηδὲ
279 2329 436 2381 τοῦτο
466 2331 562 2393 τάς
588 2332 871 2386 Θεοδοσίου
904 2336 1190 2404 φροντίδας
1223 2337 1551 2409 διαφυγεῖν),
1575 2342 1696 2395 τού-

142 2435 236 2480 τοις
268 2423 321 2472 ἐν
352 2421 613 2486 ἰδιάζοντι
659 2424 809 2495 τόπῳ
859 2430 1139 2497 προσῆκον
1177 2432 1489 2501 ἀναστήσα;
1533 2449 1702 2503 γηρο-

143 2514 355 2577 κσιιεῖον,
381 2516 464 2575 είς
500 2515 684 2568 ἄνεσιν
715 2516 897 2580 αὐτοῖς
947 2519 1120 2588 ἐφῆκε
1176 2521 1492 2593 πολημέρου
1536 2542 1700 2577 κακο-

145 2603 381 2664 παθεζας,
416 2604 493 2665 ὡς
546 2622 687 2660 τισιν
738 2608 963 2674 ἀγαθοῖς
1025 2611 1327 2682 ὁδοιπόροις
1362 2616 1426 2665 ἐκ
1485 2616 1702 2685 μακρᾶς

142 2694 239 2746 ὁδοῦ
289 2696 379 2750 καὶ
410 2696 669 2768 βραχείας
707 2700 808 2771 ἤδη
849 2703 1121 2772 καμοῦσιν
1153 2707 1352 2758 οἰκεῖον
1387 2708 1698 2778 κατάλυμα.

146 2786 263 2851 ιίρος
311 2789 547 2856 τούτοις,
604 2794 700 2844 καὶ
749 2798 1093 2864 νοσοκομεῖον
1150 2798 1338 2869 ἕτερον
1368 2802 1517 2870 αυτῴ
1573 2821 1701 2855 κατ-

146 2882 444 2950 εσκεύαστο,
479 2888 548 2938 τα
572 2884 674 2957 τῆς
704 2890 1052 2958 συμπαθείας
1079 2891 1217 2961 ἔργα
1231 2895 1297 2963 τῇ
1325 2898 1598 2964 συμπαθεί
1628 2900 1703 2966 τῷ

143 2972 237 3024 δντι
272 2977 361 3026 καὶ
390 2976 762 3049 φιλανθρώπῳ
788 2980 932 3051 ψυχῇ
958 3000 969 3009 ’
1003 2981 1031 3033 ὃ
1060 2983 1153 3034 καὶ
1183 2984 1413 3054 δώρημα
1450 2991 1703 3054 γυναικὸς

144 3062 198 3134 ἦν
225 3072 452 3137 κοσμίας
488 3072 694 3140 σφόδρα
730 3077 821 3124 και
859 3075 949 3129 τὸν
981 3076 1180 3146 τρόπον
1230 3078 1529 3147 θεοφιλοῦς,
1582 3084 1704 3152 ἥτις

146 3160 283 3213 αὑτὸν
319 3164 647 3234 αγασαμένη
682 3166 777 3231 τῆς
806 3166 1160 3238 ἁγαθότητος,
1200 3171 1290 3223 τόν
1320 3188 1375 3222 τε
1405 3168 1553 3226 οἷκον
1608 3179 1704 3243 φέ-

1807 649 1972 700 etiam
2008 648 2243 700 maxime
2273 647 2421 699 novit
2462 661 2691 716 purgare
2724 648 2999 715 patibilem
3034 660 3237 704 nostra:
3279 653 3397 704 ani-

1806 754 1905 791 mae
1934 737 2249 792 facultatem
2283 756 2297 793 :
2332 739 2591 807 quoniam
2626 756 2731 792 mm
2777 738 2972 793 suﬂicit
3012 741 3077 793 ad
3107 739 3399 811 perfectio-

1805 847 1948 895 nem,
1998 831 2225 885 fratrem
2298 832 2507 885 nutrire
2540 834 2894 895 esurientem,
2944 845 2998 886 et
3028 844 3211 901 potum
3262 838 3392 889 dare

1803 922 2033 986 sitienti,
2066 937 2299 991 eumque
2322 924 2413 992 qui
2448 931 2530 977 est
2563 923 2761 992 hospes
2786 934 2837 977 et
2876 926 3071 990 nudus,
3094 925 3147 979 in
3169 925 3387 979 domum

1808 1014 2156 1070 introducere
2196 1023 2251 1069 et
2281 1017 2518 1080 vestire;
2576 1016 2671 1071 sed
2723 1026 2939 1085 oportet
2974 1025 3233 1086 praeterea
3274 1019 3391 1086 ejus

1804 1108 1967 1161 etiam
2001 1122 2124 1162 cum
2159 1118 2349 1163 mutuo
2403 1106 2640 1175 quodam
2678 1124 2839 1165 sensu
2895 1109 3165 1177 misereri,
3200 1122 3256 1167 ιιι
3287 1128 3391 1165 ιιοτι

1805 1201 1875 1253 sit
1904 1199 2244 1256 solummodo
2274 1204 2498 1269 bonum,
2550 1204 2642 1259 sed
2667 1204 2830 1256 etiam
2867 1204 3004 1258 bene
3031 1202 3145 1271 fiat,
3177 1219 3241 1259 ex
3270 1208 3393 1259 ani~

1808 1307 1907 1346 ma:
1938 1293 2149 1347 scilicet
2176 1292 2461 1350 affectione
2490 1315 2503 1351 :
2534 1304 2591 1350 ut
2612 1310 2720 1350 non
2749 1310 2913 1349 manu
2962 1298 3159 1359 solum,
3201 1312 3390 1351 verum

1804 1385 1968 1437 etiam
2001 1388 2180 1439 anima
2213 1388 2468 1442 ostendat
2503 1389 2951 1445 misericordiam.
2996 1388 3183 1454 Qualis
3210 1402 3389 1443 autem

1807 1477 1896 1530 ille
1926 1487 2069 1531 esset
2101 1480 2154 1532 in
2204 1495 2269 1534 ea
2306 1496 2388 1547 re,
2423 1481 2532 1549 jam
2572 1482 2687 1536 vult
2717 1482 3002 1537 declarare
3028 1482 3226 1536 oratio.
3255 1481 3388 1536 Cum

1808 1579 1916 1623 tres
1947 1569 2137 1626 domos
2164 1573 2512 1635 aedificasset,
2556 1588 2716 1627 unam
2752 1574 2965 1641 quidem
2999 1574 3085 1638 iis,
3128 1574 3218 1642 qui
3252 1590 3390 1640 pro-

1810 1671 1930 1728 pter
1966 1660 2245 1719 Christum
2280 1675 2443 1720 erant
2475 1668 2727 1734 sejuncti,
2763 1677 2817 1721 et
2879 1667 2972 1720 toti
3010 1673 3213 1722 mundo
3271 1684 3394 1721 crn-

1807 1755 1976 1822 ciﬁxi,
2004 1757 2194 1811 tribuit
2231 1760 2297 1813 ad
2340 1774 2527 1814 curam
2572 1760 2820 1829 corporis
2850 1760 2900 1813 in
2961 1761 3389 1817 infirmitatibus.

1809 1846 2011 1903 Deinde
2039 1851 2172 1904 duas
2214 1852 2464 1918 permisit
2519 1852 2607 1918 iis,
2663 1854 2754 1921 qui
2805 1852 2855 1905 in
2911 1854 3109 1907 mundo
3141 1846 3392 1907 vivebant

1806 1949 1858 1995 et
1904 1941 2267 1995 versabantur
2315 1960 2327 1994 :
2386 1954 2439 1996 et
2464 1958 2528 1996 ex
2559 1945 2625 1997 iis
2662 1943 2796 2013 ipsis
2838 1960 2998 1998 unam
3042 1946 3257 2014 quidem
3303 1949 3390 2008 iis,

1805 2034 1897 2100 qui
1947 2043 2107 2087 erant
2156 2035 2486 2106 insigniores
2517 2046 2568 2089 et
2609 2037 2981 2104 honestiores;
3009 2039 3232 2093 alteram
3264 2055 3392 2094 vero

1806 2127 1894 2194 iis,
1930 2128 2020 2196 qui
2054 2138 2208 2181 erant
2232 2130 2454 2184 viliores
2498 2140 2553 2185 et
2587 2135 2959 2202 pauperiores,
3017 2143 3071 2186 et
3118 2133 3209 2202 qui
3257 2148 3394 2203 Opus

1806 2220 2080 2275 habebant
2143 2220 2368 2276 alterius
2400 2224 2624 2280 auxilio.
2687 2226 2825 2292 Quin
2861 2229 3022 2279 etiam
3061 2229 3173 2281 suis
3202 2242 3392 2281 mona-

1805 2314 1944 2376 chis,
1998 2327 2229 2381 quorum
2283 2325 2507 2384 promer
2572 2319 2782 2372 senium
2846 2331 2899 2373 et
2953 2319 3167 2374 labores
3220 2321 3391 2390 longa:

1804 2404 2215 2460 exercitationis
2253 2407 2427 2461 soluta
2455 2419 2573 2461 erat
2605 2410 2684 2462 vis
2715 2411 3081 2465 membrorum
3137 2411 3394 2480 (Oporte-

1804 2497 1897 2550 bat
1923 2500 2067 2552 enim
2098 2516 2167 2554 ne
2204 2502 2307 2554 hoc
2333 2501 2552 2571 quidem
2595 2501 2833 2573 effugere
2862 2501 3153 2559 Theodosii
3183 2506 3389 2560 sollici-

1808 2587 2112 2658 tudinem),
2158 2591 2225 2644 iis
2263 2607 2383 2646 cum
2421 2593 2470 2645 in
2512 2594 2628 2647 loco
2671 2609 2922 2663 separato
2960 2608 3144 2666 aptum
3174 2610 3393 2652 exstru-

1810 2684 1978 2738 xissct
2009 2688 2473 2754 gerontocomion,
2510 2689 2560 2740 id
2602 2690 2682 2743 eis
2712 2693 2955 2758 permisit
2991 2693 3054 2743 ad
3097 2696 3397 2747 recreatio-

1809 2790 1928 2829 nem
1982 2779 2253 2832 diuturna:
2295 2777 2623 2843 aﬂlictionis,
2688 2791 2942 2850 tanquam
2978 2784 3132 2838 bonis
3166 2786 3391 2839 \ittlul‘l-

1808 2870 1925 2931 bus,
1967 2870 2122 2938 longa
2158 2873 2237 2924 via
2293 2883 2346 2925 et
2394 2889 2586 2942 aspera
2622 2876 2872 2939 defessis,
2921 2882 3387 2933 accommodatum

1808 2960 2185 3016 diversorium.
2224 2963 2491 3019 Praeterea
2531 2978 2707 3020 autem
2753 2969 2899 3021 aliud
2951 2986 3166 3040 quoque
3202 2973 3268 3025 ab
3323 2988 3390 3028 eo

1809 3063 2178 3110 constructum
2203 3068 2284 3109 est
2305 3061 2697 3125 nosocomium,
2728 3076 2918 3130 nempe
2956 3064 3022 3115 ad
3050 3079 3212 3131 opera
3244 3080 3390 3119 com-

1811 3147 2174 3202 miserationis
2210 3166 2335 3205 vere
2366 3152 2717 3208 misericorde
2763 3164 2818 3208 et
2853 3157 3121 3212 clemente
3153 3160 3334 3214 anima
3378 3182 3391 3215 :

146 3270 293 3318 ρουσα
322 3261 415 3308 καὶ
464 3260 660 3329 ἑαυτὴν
700 3262 795 3313 σὺν
837 3261 951 3330 ἅμα
982 3263 1193 3326 τέκνοις
1224 3264 1373 3337 αυτῷ
1402 3268 1704 3339 χαρίζεται,

1812 3239 1955 3307 quod
1980 3241 2141 3294 etiam
2169 3252 2286 3296 erat
2315 3244 2515 3297 donum
2552 3246 2797 3301 mulieris
2843 3263 2968 3303 vere
3002 3251 3245 3305 honestae
3274 3268 3393 3305 mo-

147 3347 311 3417 κόσμῳ
353 3352 457 3419 μὲν
498 3353 910 3425 ἀποταξαμένη,
965 3358 1085 3427 Θεῷ
1122 3360 1174 3410 δὲ
1202 3361 1329 3428 ὃλην
1360 3363 1557 3433 ἑαυτὴν
1582 3367 1701 3419 ἑπι-

145 3441 385 3509 τρέῲασα,
422 3444 521 3497 καὶ
554 3446 644 3499 ὑπ’
670 3450 863 3519 ἐκείνῳ
894 3450 992 3521 ζῇν
1025 3454 1206 3518 αὐτοῖς
1233 3457 1444 3519 τέκνοις
1478 3460 1704 3528 προελο-

148 3547 282 3603 nam.

202 3738 286 3793 λό’.
318 3742 465 3793 Ἀλλ’
501 3745 605 3797 ὅτε
640 3746 908 3815 σύμίολον
939 3752 1352 3825 φιλανθρωπίας
1378 3762 1493 3813 ἐστὶ
1525 3764 1705 3832 μείζο-

147 3846 237 3894 νες,
264 3833 371 3887 ὅσοι
392 3837 507 3907 γάρ
534 3839 589 3891 ὲν
617 3839 769 3908 ὄρεσι
806 3844 896 3895 καὶ
928 3846 1208 3917 σπηλαίοις
1240 3850 1339 3921 τὴν
1370 3854 1591 3926 ἀγωγὴν
1618 3856 1705 3909 διὰ

146 3922 358 3991 Χριστὸν
395 3930 519 3997 μὲν,
566 3931 710 4001 πλὴν
737 3934 797 3985 οὐ
830 3938 970 3989 κατὰ
1005 3938 1240 4009 Χριστὸν
1272 3943 1477 3999 εἴλοντο
1527 3922 1705 4019 ἀλόγῳ

148 4020 224 4067 καὶ
248 4020 451 4087 άπατεῖ
486 4022 780 4096 θερμότητι
818 4030 912 4098 τὴν
942 4032 1175 4103 ἄσκησιν
1202 4036 1572 4105 μετελθόντες,
1613 4047 1706 4095 καὶ

146 4113 227 4176 τῆς
249 4114 345 4179 μὲν
369 4115 725 4187 ἀνθρωπίνης
752 4123 1032 4188 ἀσθενείας
1082 4129 1177 4179 καὶ
1205 4128 1315 4181 τῶν
1341 4130 1433 4183 τοῦ
1471 4134 1706 4201 Χριστοῦ

146 4201 407 4269 ῥημάτων,
444 4206 531 4257 ὅτι
582 4209 658 4278 μὴ
694 4212 863 4279 χωρὶς
893 4214 1103 4269 ἐκείνου
1154 4217 1431 4288 δυνάμεθά
1456 4239 1506 4275 τι
1536 4229 1707 4277 ποιεῖν

144 4295 563 4366 ἐπιλελησμένοι,
596 4300 749 4371 τύφῳ
800 4303 855 4356 δὲ
877 4306 1093 4378 ματαίῳ
1130 4313 1223 4360 καὶ
1254 4315 1561 4382 φρονήματι
1590 4316 1705 4370 δια-

145 4385 267 4456 κένῳ
290 4390 631 4453 πεισθέντες,
658 4394 753 4445 καὶ
781 4395 849 4447 τά
871 4396 1309 4468 κατορθωθέντα,
1336 4404 1467 4473 (psi!
1497 4408 1708 4473 ἑαυτοῖς

144 4479 538 4550 ἐπιγράψαντες
575 4483 639 4551 (ὦ
668 4488 777 4539 τῶν
807 4488 956 4555 εμῶν
990 4492 1175 4543 κακῶν
1203 4496 1215 4546 ι
1259 4492 1304 4546 ὣ
1340 4496 1437 4565 τῆς
1465 4502 1707 4570 χαλεπῆς

145 4575 405 4641 ἀπονοίας,
447 4577 483 4647 ἢ
516 4578 751 4647 τάληθὲς
796 4583 967 4633 εἰπεῖν
1014 4585 1217 4652 μᾶλλον

146 4669 225 4721 καὶ
258 4672 478 4741 δράσειε
532 4674 643 4726 τῶν
696 4674 876 4729 καλῶν
909 4679 1221 4753 ἀνθρωπίνη
1257 4684 1418 4753 φύσις
1464 4688 1561 4759 τῆς
1610 4690 1709 4758 σῆς

144 4767 497 4831 γνμνωθείσα,
524 4768 729 4838 Σώτερ,
760 4771 1117 4840 ἐπικουρίαςς
1148 4778 1243 4838 Ὃς
1269 4778 1357 4830 διὰ
1380 4780 1473 4850 τῆς
1499 4780 1591 4833 τοῦ
1616 4783 1709 4835 συῦ

144 4863 405 4930 προφήτου
448 4860 677 4914 Ἦσαῖου
710 4862 977 4928 διδάσκεις
1008 4882 1076 4935 με
1099 4868 1343 4940 γλώττης
1364 4888 1377 4901 ο
1418 4873 1595 4943 ἀνῆκα
1614 4877 1709 4939 τὰς

144 4955 331 5019 χεῖρας,
390 4955 687 5024 λεγούσης,
723 4960 815 5009 καὶ
866 4958 1264 5031 ὲξηράνθησαν,
1327 4967 1422 5017 καὶ
1466 4968 1712 5034 ἐγένοντο

142 5044 202 5109 ὡς
227 5048 411 5116 χόρτος
444 5050 611 5118 ξηρὸς
643 5052 735 5102 ἐπὶ
758 5050 1128 5121 δωμάτων,ώς
1147 5056 1438 5125 ἀγρωστις.
1472 5063 1536 5114 Τί
1554 5064 1712 5117 τοῦτο

144 5139 423 5213 δηλούσηκ
459 5146 589 5196 Ὅτι
622 5145 683 5197 τὸ
717 5145 817 5215 τῆς
842 5148 1043 5218 ἀρετῆς
1078 5151 1654 5222 ἀνθοςάποόαλόντες,
1679 5160 1707 5211 ὃ

144 5241 197 5301 τῇ
211 5258 225 5283 I
269 5255 364 5306 σην
392 5239 616 5306 ἔχοντες
644 5244 799 5309 χεῖρα
826 5239 1129 5311 βοηθοῦσαν
1156 5247 1560 5313 περιεϐάλοντο,
1587 5249 1705 5305 εἶτα

148 5326 489 5397 ξηρανθέντες
519 5331 762 5399 ἐκλείψει
791 5333 888 5401 τῆς
920 5336 1073 5406 παρά
1097 5336 1189 5390 σοῦ
1219 5341 1505 5409 πιότητος,
1537 5346 1706 5415 ἀμορ-

148 5420 254 5481 961;
272 5424 543 5494 αἰσχύνην
567 5423 815 5487 ἐλεεινῶς
838 5426 1197 5498 ὴμφιέσαντο)
1222 5447 1236 5462 ⁸
1262 5433 1308 5484 οί
1344 5434 1520 5487 τοίνυν
1541 5435 1711 5497 οὕτως

147 5517 363 5587 ἀνοήτως
422 5520 826 5589 φρονήσαντες,
871 5524 966 5573 καὶ
1016 5523 1267 5575 ἐντεῦθεν
1318 5526 1713 5596 παραδοθέντες

146 5610 208 5677 τῷ
239 5613 447 5683 Σατανᾷ
465 5614 551 5675 είς
573 5613 796 5683 ὀλεθρον
820 5614 916 5683 τῆς
955 5616 1177 5685 σαρκὸς,
1207 5616 1280 5679 ὦς
1312 5635 1446 5686 φησι
1477 5620 1706 5685 Ιίαῦλ‹,ς,

149 5701 218 5752 ἴα
239 5706 292 5756 τδ
312 5706 535 5774 πνεῦμα
570 5706 741 5776 σωθῇν
769 5706 799 5774 ἦ
836 5707 929 5759 καὶ
951 5707 1125 5771 ἄλλως
1151 5710 1445 5776 σφαλέντες
1462 5712 1559 5775 τὰς
1580 5714 1710 5783 φρέ“

150 5812 225 5852 VK
256 5800 340 5850 καὶ
366 5798 677 5871 διαφθορὰν
717 5798 896 5851 αὐτῶν
947 5801 1359 5870 ὑπομείναντες,
1406 5806 1497 5857 καὶ
1544 5808 1708 5859 οἱονεὶ

314 5922 467 5978 luam.
517 5940 603 5985 xv,
644 5924 693 5977 5.
779 5924 817 5952 ¹³
858 5921 958 5980 lsa.
1006 5940 1214 5993 xxxvii,
1247 5928 1334 5993 9.7,
1367 5930 1518 5999 jt..\l.t
1553 5930 1713 5987 L\X.

1816 3333 2071 3402 ribusque
2107 3336 2205 3402 piae
2234 3345 2287 3388 et
2317 3336 2581 3407 religiosa:
2611 3358 2621 3391 :
2656 3356 2773 3406 qua:
2800 3341 3018 3408 quidem
3051 3345 3169 3411 e,‘us
3213 3345 3390 3398 admi-

1814 3441 1940 3478 rans
1965 3428 2280 3493 bonitatem,
2322 3427 2649 3499 domumque
2687 3443 2740 3485 et
2776 3434 3013 3502 seipsum
3038 3450 3158 3489 cum
3191 3436 3319 3493 filiis
3342 3441 3388 3492 ei

1813 3518 2054 3587 largitur,
2082 3522 2279 3575 mundo
2305 3522 2523 3591 quidem
2562 3526 2907 3591 renuntiatis,
2946 3528 3052 3583 Deo
3073 3539 3252 3584 autem
3302 3541 3387 3584 ιοη

1815 3620 1918 3661 tam
1966 3610 2200 3679 scipsatu
2270 3612 2614 3681 permittens,
2642 3622 2691 3669 et
2727 3614 2911 3669 Volt-ns
2944 3626 3000 3669 ut
3051 3617 3135 3671 sui
3167 3617 3258 3671 lilii
3290 3617 3391 3673 sub

1812 3701 1902 3755 illo
1935 3703 2199 3757 viverent.

1881 3796 1970 3849 54.
1996 3796 2133 3862 Quin
2157 3799 2340 3864 ctiam,
2365 3801 2504 3867 quod
2538 3805 2706 3869 majus
2736 3812 2819 3858 est
2850 3805 3060 3876 signum
3089 3808 3393 3862 clementiae

1812 3898 1863 3940 et
1887 3888 2267 3956 benignitatis,
2292 3894 2601 3963 quicunque
2645 3896 2697 3949 in
2737 3898 3010 3953 montibus
3040 3910 3088 3952 et
3119 3902 3394 3969 speluncis

1812 3981 2005 4049 degere
2035 3983 2253 4050 quidem
2288 3995 2508 4054 propter
2539 3985 2842 4054 Christum,
2872 3994 2964 4045 sed
3001 4006 3105 4044 non
3136 4007 3199 4045 ex
3228 3992 3391 4047 Chri-

1811 4085 1917 4137 sto,
1948 4074 2245 4142 elegerant,
2302 4076 2709 4135 inconsiderato
2738 4092 2793 4136 et
2827 4098 2931 4136 non
2985 4084 3165 4138 stabili
3210 4085 3391 4139 calore

1813 4169 1983 4219 secuti
2019 4168 2491 4234 exercitationem,
2536 4180 2588 4224 et
2620 4172 2868 4228 humana:
2900 4176 3114 4244 quidem
3150 4178 3394 4232 imbecil-

1814 4254 2002 4318 litatis,
2027 4266 2080 4308 et
2108 4254 2309 4309 Christi
2342 4260 2629 4311 verborum
2654 4260 2715 4323 ”,
2747 4262 2890 4329 quod
2916 4264 3119 4330 absque
3145 4264 3236 4319 illo
3260 4267 3393 4318 nihil

1817 4361 2102 4414 possumus
2153 4344 2354 4410 facere,
2409 4347 2592 4413 obliti;
2649 4350 2793 4403 inani
2828 4348 2968 4403 fastu
3015 4360 3068 4403 et
3104 4367 3239 4405 vana
3268 4368 3396 4421 per-

1814 4441 1958 4493 suasi
1988 4442 2320 4507 arrogantia,
2354 4450 2405 4494 et
2441 4456 2561 4510 qua:
2588 4451 2734 4496 recte
2770 4452 3050 4511 gesserant
3079 4444 3262 4499 miseri
3288 4448 3389 4500 sibi

1815 4532 2146 4585 ascribentes
2186 4532 2240 4599 (ο
2295 4547 2409 4585 mea
2445 4532 2619 4586 mala!
2658 4550 2688 4589 o
2723 4536 2982 4603 grandem
3023 4537 3394 4604 insolentiam,

1265 4589 1446 4653 ἀνοίας
1467 4594 1479 4644 l
1514 4594 1565 4644 τί
1602 4598 1704 4665 γὰρ

1818 4622 1900 4677 vel
1928 4624 2103 4690 potius
2160 4624 2480 4677 amentiam!
2531 4623 2667 4690 Quid
2730 4628 2874 4679 enim
2917 4627 3039 4681 boni
3072 4626 3267 4682 fecerit
3295 4631 3393 4682 lm—

1814 4730 1967 4768 mana
1998 4726 2213 4779 natura,
2244 4726 2355 4779 tuo,
2390 4732 2422 4769 ο
2470 4716 2739 4779 Salvator,
2773 4721 2969 4772 nudata
3012 4722 3259 4776 auxilio?
3300 4726 3393 4791 qui

1816 4822 1898 4862 me
1928 4807 2093 4862 doces
2116 4825 2209 4879 per
2247 4810 2480 4881 linguam
2509 4812 2803 4879 propbetm.
2844 4815 3111 4866 tl.CC|llClll
3146 4835 3155 4867 :
3196 4814 3393 4871 Ιίεδηιίρί

1812 4916 2021 4962 manus,
2045 4911 2092 4953 et
2134 4913 2410 4964 aruerunt,
2452 4915 2497 4954 et
2552 4903 2682 4972 [acti
2723 4918 2838 4954 sunt
2897 4915 3147 4974 tanquam
3211 4915 3390 4975 fenum

1812 4992 2007 5042 siccum
2044 5007 2201 5058 super
2233 5003 2393 5056 tecta,
2425 5007 2678 5063 tanquam
2726 5012 2939 5063 gramen
2976 4998 3041 5049 ”.
3099 5001 3234 5063 Quid
3269 5016 3393 5055 vero

1821 5096 1916 5149 per
1974 5082 2087 5134 haec
2142 5084 2450 5151 signiﬁcat?
2504 5083 2658 5150 Quod
2722 5092 2920 5141 amisso
2960 5091 3090 5141 llore
3154 5091 3394 5157 virtutis,

1818 5188 1976 5240 quem
2009 5176 2097 5241 qui
2132 5184 2277 5228 tuam
2311 5178 2510 5231 habent
2538 5194 2925 5247 Inanunmpem
2954 5180 3242 5249 ferentem,
3278 5203 3395 5240 am-

1814 5267 1954 5333 plexi
2003 5277 2148 5328 sunt,
2188 5270 2380 5324 deinde
2414 5272 2675 5325 exsiccati
2717 5273 2929 5327 defectu
2965 5284 3066 5328 tua:
3100 5276 3392 5345 pinguetu-

1811 5358 1972 5422 dinis,
2002 5359 2237 5415 dedecus
2255 5361 2614 5418 deformitatis
2642 5366 3027 5421 miserabiliter
3050 5368 3392 5437 induerunt.)

1812 5449 1913 5515 Qui
1944 5467 2071 5521 ergo
2099 5453 2177 5507 sic
2210 5455 2372 5508 stulte
2398 5467 2708 5523 senserant,
2740 5469 2795 5513 et
2842 5461 2963 5515 ideo
3020 5463 3203 5517 traditi
3235 5478 3394 5517 erant

1816 5542 2035 5596 Satanae
2090 5547 2156 5598 ad
2203 5546 2482 5603 interitum
2539 5551 2727 5605 carnis
2755 5550 2844 5616 ”',
2881 5566 2940 5607 ιιι
2971 5554 3047 5608 ait
3077 5555 3297 5619 Paulus.
3335 5569 3395 5610 ut

1818 5634 1999 5687 salvus
2037 5634 2129 5687 ﬁat
2160 5638 2418 5705 spiritus;
2477 5650 2568 5694 aut
2599 5641 2800 5712 alioqui
2848 5656 3029 5701 mente
3073 5655 3231 5700 erant
3277 5648 3390 5703 hcsi

1818 5732 1869 5776 et
1901 5724 2038 5778 male
2074 5725 2271 5790 allecti,
2307 5741 2359 5783 et
2384 5744 2571 5799 poenas
2605 5730 2869 5787 dederant
2899 5735 3039 5788 ineo
3073 5737 3214 5804 quod
3266 5752 3393 5805 pec-

1819 5825 2111 5883 cit-verant;
2139 5826 2194 5869 ut
2223 5821 2489 5876 discerent
2522 5837 2644 5878 cum
2680 5823 2731 5878 in
2759 5826 2961 5880 honore
2984 5836 3190 5894 essent,
3214 5828 3396 5886 οἰκειιὶ

1800 5934 1857 5963 ⁸⁸·
1899 5936 1912 5988 l
1956 5936 2081 5992 Cor.
2118 5951 2169 6005 ν,
2202 5940 2254 5992 Si.
