4128 6488
681 433 786 501 503

1932 426 2215 487 MENSIS
2253 424 2715 508 JANUARIUS.

3840 418 3950 481 θοι

682 540 908 595 rationis
942 548 1237 606 compotes,
1267 537 1563 606 intelligere
1587 550 1648 590 ac
1671 549 1893 589 noscere
1927 535 2171 603 opificem
2201 546 2254 589 et

2384 536 2485 604 :spl.
2524 536 2659 585 αὐτὸ
2695 533 2756 584 τὸ
2796 530 3198 601 πλημμελῆσαν
3245 528 3581 597 ὑποσχόντες
3620 526 3721 596 τὴν
3771 543 3951 595 τιμω-

679 632 1074 690 auxiliatorem,
1110 638 1164 682 et
1213 644 1320 682 non
1375 644 1492 679 (sse
1530 629 1721 697 ingrati
1777 629 1827 680 in
1857 642 2000 685 eum.
2053 627 2141 694 qui
2177 626 2255 680 eis

678 725 898 778 dederat
929 721 1198 790 gratiam;
1249 721 1282 773 ii
1332 722 1538 786 experti
1580 729 1706 773 sntit
1736 733 1855 771 eum
1902 715 2055 770 valde
2106 716 2256 769 beni-

680 829 864 882 gnum,
903 822 955 864 et
989 821 1211 879 paterno
1263 812 1312 862 in
1382 811 1524 877 ipsus
1566 825 1625 863 se
1678 818 1974 878 gerentem.
2029 807 2133 860 Pro
2179 808 2258 860 eis

684 908 827 958 enim
854 904 1273 965 accendt-batur,
1321 914 1574 970 tanquam
1612 916 1708 971 pro
1742 902 1867 954 filiis
1898 899 2147 969 propriis,
2205 909 2258 953 el

682 999 885 1067 alioqui
951 996 1207 1050 benevole
1260 996 1310 1048 in
1365 1010 1460 1048 eos
1494 992 1846 1048 afﬁciebatur.
1901 993 2143 1062 Cumque
2181 993 2259 1046 eis
2310 1008 2317 1013 ’

683 1092 1060 1145 constituisset
1112 1090 1287 1141 locqu
1340 1088 1580 1156 quiettnu
1641 1096 1695 1140 et
1731 1086 2102 1155 tranquillum,
2138 1099 2258 1154 per-

686 1182 833 1237 misit
887 1181 1028 1232 utin
1081 1194 1144 1232 eo
1171 1187 1430 1244 agerent:
1484 1187 1541 1230 ut
1575 1185 1719 1231 esset
1772 1176 1819 1229 ei
1868 1176 2261 1243 quodammodo

687 1274 914 1326 alterum
950 1272 1364 1335 monasterium,
1406 1279 1459 1322 et
1480 1270 1549 1322 ob
1600 1267 2000 1323 multitudinem
2048 1282 2258 1331 eorum,

689 1367 777 1432 qtti
814 1372 970 1417 erant
998 1362 1336 1432 congregati,
1368 1371 1420 1414 et
1455 1360 1524 1414 ob
1575 1360 1824 1415 ordinem
1854 1359 2167 1422 ministerii,
2209 1366 2264 1411 et

688 1462 755 1509 ub
788 1467 989 1511 statum
1024 1471 1211 1511 eorum
1242 1454 1329 1522 qui
1365 1453 1769 1520 ministrabant,
1812 1463 1866 1508 et
1893 1454 1962 1508 ob
1990 1462 2259 1522 sumptum

689 1566 901 1614 eorum,
931 1563 1047 1617 qua:
1073 1547 1579 1615 suppeditabantur.

763 1737 849 1791 55.
890 1734 1058 1802 Magis
1093 1747 1220 1802 ergo
1245 1747 1407 1802 quam
1439 1732 1691 1794 aliorum,
1737 1731 1897 1784 homo
1946 1729 2059 1795 Dei,
2126 1728 2267 1783 sicut

693 1830 947 1892 diximus,
972 1825 1282 1879 vincebatur
1331 1827 1566 1895 ipsorum
1603 1823 2100 1885 commiseratione,
2130 1832 2185 1876 et
2211 1822 2262 1874 in

2363 627 2505 697 ρίαν,
2539 625 2624 677 ἵνα
2664 622 2904 693 μάθωσιι
2932 624 2990 674 ἐν
3023 624 3156 692 τιμῇ
3181 621 3331 684 ὄντες
3360 620 3454 674 καὶ
3483 620 3694 687 λογικοὶ
3714 622 3949 687 γενόμε-

2361 736 2441 770 νοι
2472 718 2714 770 συνιέναι
2743 715 2952 768 καὶτὸν
2985 715 3331 786 Δημιουργὸν
3376 715 3573 766 εἰδέναι
3603 715 3696 766 καὶ
3727 714 3948 783 βοηθὸν,

2362 812 2454 864 καὶ
2483 810 2557 881 μὴ
2588 808 2724 877 πρὸς
2770 809 2934 860 αὐτὸν
2981 808 3071 861 τόν
3128 822 3279 875 σφισι
3333 805 3602 858 δεδωκότα
3631 805 3730 875 τὴν
3783 808 3950 876 χάριν

2362 905 2729 974 ἀγνωμονεῖν·
2761 894 2909 953 οὗτοι
2947 901 3181 969 μάλιστα
3220 898 3606 967 φιλανθρώπου
3632 898 3823 951 τούτου
3853 901 3951 951 καὶ

2364 994 2645 1065 πατρικῶς
2675 994 2889 1064 ἔχοντος
2911 992 3039 1063 περὶ
3061 992 3254 1053 αὐτοὺς
3278 991 3668 1059 ἐπειράθησαν.
3703 993 3812 1044 Καὶ
3835 992 3951 1062 γὰρ

2361 1094 2432 1156 ὼς
2468 1093 2674 1145 τέκνων
2707 1091 2886 1145 αὐτῶν
2912 1093 3060 1146 ἰδίων
3092 1094 3459 1162 περιεκαίετο,
3500 1094 3569 1145 τα
3598 1109 3657 1144 τε
3688 1092 3826 1145 ἄλλα
3857 1110 3955 1159 ιρις

2363 1183 2668 1254 λοστόργως
2698 1183 2950 1237 διέκειτο.
2980 1185 3090 1236 Καὶ
3118 1185 3282 1236 τόπον
3302 1185 3483 1246 αὐτοῖς
3506 1184 3781 1247 ἀποτάξας
3805 1182 3952 1253 ﬂati-

2363 1278 2477 1347 χιον
2512 1294 2569 1328 τε
2604 1277 2697 1329 καὶ
2724 1275 2979 1344 γαληνὸν,
3013 1276 3069 1327 ἐν
3101 1276 3249 1345 αὐτῷ
3289 1278 3495 1342 διάγειν
3526 1277 3827 1344 ἐπέτρεπεν
3870 1276 3952 1339 ὡς

2363 1367 2561 1437 τρόπον
2584 1366 2704 1419 τινὰ
2732 1366 2972 1435 μοναστή
2985 1382 3095 1435 ριον
3115 1365 3198 1417 ἓτε
3214 1383 3302 1435 ρον
3325 1365 3472 1434 αὐτῷ
3503 1361 3663 1431 εἶναι,
3696 1367 3774 1436 τῷ
3802 1368 3947 1435 πλή-

2366 1458 2444 1509 θει
2476 1473 2535 1508 τε
2565 1456 2673 1507 τῶν
2704 1454 3150 1524 συνειλεγμένων,
3178 1456 3271 1506 καὶ
3296 1458 3364 1524 τῇ
3396 1454 3660 1523 τάξειτῆς
3693 1457 3948 1526 λειτουρ-

2367 1548 2509 1615 γίας,
2543 1551 2609 1619 τῇ
2638 1565 2693 1599 τε
2726 1548 3058 1600 καταστάσει
3107 1548 3215 1600 τῶν
3238 1548 3697 1617 διακονουμένων,
3737 1549 3832 1601 καὶ
3876 1553 3947 1619 τῇ

2365 1638 2471 1689 τῶν
2499 1638 2916 1708 χορηγουμένων
2950 1638 3183 1707 δαπάνῃ.

2442 1731 2534 1784 λε’.
2572 1732 2786 1784 Μᾶλλον
2817 1727 2910 1783 οὖν
2961 1731 3069 1783 τῶν
3097 1732 3271 1784 ἄλλων
3303 1734 3330 1785 ὁ
3358 1734 3453 1784 τοῦ
3476 1732 3611 1785 Θεοῦ
3636 1733 3949 1803 ἄνθρωπος.

2368 1821 2554 1891 ῶσπερ
2592 1821 2825 1892 ἔφημεν,
2861 1824 2925 1892 τῇ
2957 1823 3085 1892 περὶ
3134 1823 3329 1885 αὐτοὺς
3380 1824 3583 1892 ἥττητο
3610 1825 3949 1893 συμπαθείᾳ,

694 1922 773 1972 ris
803 1916 1113 1972 recreandis
1140 1930 1387 1984 magnam
1423 1914 1713 1967 adhibebat
1742 1928 1926 1967 curam
1958 1922 2013 1967 et
2044 1911 2265 1981 diligen-

2384 1918 2460 1966 (αἱ
2493 1916 2653 1967 ὁπότε
2690 1915 2819 1981 γοῦν
2849 1917 2942 1967 καὶ
2975 1917 3236 1985 νήφοντας
3266 1915 3586 1977 καταλάϐοι,
3638 1918 3950 1985 θερμότατα

696 2014 847 2076 tiam,
877 2018 932 2063 et
984 2024 1079 2063 eos
1105 2008 1485 2062 consolabatur
1513 2007 1696 2071 verbis
1736 2007 1875 2075 aptis
1937 2007 2001 2059 ad
2049 2019 2271 2073 persua-

696 2100 923 2153 deudam
945 2099 1309 2153 tolerantiam.
1335 2095 1713 2166 Nequaquam,
1742 2110 1774 2150 ο
1814 2094 2151 2164 Ιίιὶἰηόίρειιε,
2180 2109 2271 2149 ne-

696 2206 966 2259 quaquam
1002 2189 1369 2251 resolvamini,
1398 2199 1449 2242 et
1492 2187 1823 2242 euervemini
1857 2187 1956 2239 hac
1990 2185 2269 2253 temporali

699 2280 1007 2334 afflictione.
1043 2278 1228 2347 Neque
1289 2280 1387 2331 hoc
1426 2279 1576 2331 vobis
1621 2278 1866 2331 videatur
1896 2279 2210 2347 optandum,
2243 2291 2271 2328 a

703 2376 809 2426 Deo
838 2372 1057 2426 omnino
1085 2386 1186 2425 non
1247 2371 1463 2439 corrigi.
1504 2369 1557 2423 In
1584 2370 1858 2424 laboribus
1880 2371 2045 2432 enim,
2078 2369 2271 2438 inquit,

699 2473 755 2515 ‹-ι
800 2463 852 2516 in
902 2461 1124 2531 ﬂagellis
1167 2462 1434 2531 caSIigare
1472 2460 1793 2515 Jerusalem.
1830 2460 1919 2515 Sic
1960 2463 2089 2514 dicit
2137 2463 2275 2515 Deus

701 2570 795 2622 per
820 2553 1106 2607 Jeretuiatn
1148 2572 1159 2606 :
1191 2553 1382 2604 Anima
1412 2567 1523 2603 mea
1555 2566 1821 2618 nunquam
1847 2567 1877 2602 a
1909 2559 1954 2602 te
1976 2549 2182 2617 deﬁciat
2206 2552 2270 2603 ³³.

700 2645 938 2711 (Lastigat
995 2642 1159 2707 enim,
1218 2647 1310 2695 scd
1365 2643 1643 2711 benigne:
1689 2628 1755 2693 Et
1796 2642 2022 2710 castigat
2070 2657 2272 2693 omnem

701 2736 893 2801 ﬁliuni,
918 2749 1065 2801 quem
1091 2734 1290 2799 recipit,
1328 2747 1542 2802 possunt
1571 2734 1779 2787 discere
1819 2747 1880 2786 ex
1925 2734 2101 2787 divina
2132 2733 2277 2787 Scri-

706 2837 859 2894 ptura
890 2825 954 2891 ¹⁸,
1006 2826 1141 2878 adeo
1178 2835 1235 2877 ut
1284 2825 1569 2895 disciplina
1610 2825 1729 2893 ejus
1765 2833 1819 2879 et
1861 2826 2141 2893 castigatio
2172 2839 2276 2878 non

704 2920 773 2971 sit
810 2919 920 2979 iraa,
954 2919 1046 2969 scd
1081 2916 1413 2981 dilectionis,
1467 2918 1532 2969 ad
1575 2917 1969 2970 correctionem
2030 2926 2278 2985 peccato-

708 3025 847 3073 rum,
890 3008 1106 3061 inducta
1171 3018 1392 3077 prepter
1459 3008 1872 3076 benignitatem.
1934 3009 2143 3061 Bonum
2200 3020 2281 3063 est

705 3114 856 3169 ergo,
897 3116 928 3153 ο
959 3102 1178 3163 fratres,
1231 3110 1285 3153 et
1318 3101 1468 3153 valde
1503 3101 1724 3165 bonum,
1751 3116 1871 3152 cum
1908 3101 1991 3153 hic
2024 3101 2279 3169 spiritua-

708 3196 829 3248 liter
868 3194 1117 3264 castigati
1156 3193 1440 3258 fuerimus,
1492 3193 1599 3247 illic
1621 3194 1926 3248 Dominieas
1961 3193 2143 3262 plagas
2176 3208 2278 3247 non

708 3284 941 3353 experiri
994 3300 1006 3335 :
1042 3292 1243 3337 etcum
1278 3284 1365 3336 hic
1410 3284 1475 3336 ad
1513 3294 1722 3352 tempus
1767 3282 1946 3337 aﬂlieti
1999 3284 2277 3348 fuerimus,

708 3391 826 3442 quae
860 3376 1018 3428 linem
1052 3390 1157 3429 non
1188 3377 1381 3429 habent
1422 3384 1687 3429 tormenta
1716 3375 1970 3443 effugere.
2008 3375 2103 3430 llic
2136 3377 2279 3429 enim

710 3466 845 3521 nihil
877 3467 1009 3536 pati,
1038 3467 1193 3537 longe
1224 3476 1305 3521 est
1331 3469 1545 3535 gravius
1570 3482 1729 3535 quam
1762 3468 1868 3532 pati
1900 3485 1911 3519 :
1945 3477 1998 3520 et
2019 3468 2283 3519 excedere

710 3573 741 3611 e
789 3560 895 3612 vita
933 3562 1137 3627 absque
1188 3559 1596 3621 lentationibus,
1657 3570 1713 3612 ιιι
1772 3560 1924 3627 cujus
1978 3576 2079 3610 non
2125 3556 2286 3610 fuerit

712 3664 941 3720 purgata
1004 3652 1229 3705 materia
1282 3662 1629 3720 peccatorum
1662 3652 1842 3705 multis
1884 3650 2282 3713 amictiunibns,

712 3749 855 3813 quod
887 3755 970 3798 est
996 3754 1240 3811 apertum
1280 3745 1534 3797 indicium
1566 3744 1885 3797 terribilium
1916 3745 2283 3806 alllictiunum,

720 3848 773 3887 ut
834 3838 1123 3889 nothorum
1163 3837 1363 3902 potius,
1410 3851 1569 3904 quam
1628 3850 2002 3903 germanorum
2056 3834 2286 3887 filiorum

715 3931 926 3997 signum
955 3929 1199 3983 evidens.
1234 3928 1551 3997 Quanquam
1581 3942 1645 3980 ue
1679 3928 1806 3979 illud
1830 3928 2043 3995 quidem
2072 3928 2289 3979 etuuiuo

717 4027 1063 4080 conturbabit
1086 4027 1324 4079 animum
1354 4040 1539 4080 eorum
1585 4027 1673 4092 qui
1708 4026 1941 4092 sapiunt,
1974 4026 2015 4078 si
2051 4025 2288 4094 figmenti

718 4118 883 4171 divini
933 4120 1137 4172 dmtnou
1166 4117 1345 4172 evadit
1380 4116 1841 4186 dctttittus.;lNattt
1876 4120 2031 4171 datur
2076 4118 2291 4186 quidem

720 4209 800 4262 eis
834 4219 1071 4277 potestas
1109 4217 1175 4260 ab
1204 4222 1289 4271 eo,
1324 4209 1413 4276 qui
1474 4209 1700 4269 creavit,
1758 4218 2013 4275 tanquam
2066 4209 2288 4275 quibus-

720 4300 843 4353 dam
896 4300 1244 4367 puuitoribus
1290 4300 1397 4370 (hei
1460 4299 1685 4367 niihil),
1765 4300 1829 4351 ad
1882 4301 2291 4370 castigationem

725 4391 955 4443 filiorqu
988 4390 1077 4456 qui
1103 4389 1464 4443 declinarunt.
1502 4390 1667 4444 Datur
1697 4404 1901 4455 autem,
1925 4401 2182 4461 quantum
2210 4392 2295 4445 ille

727 4481 874 4532 novit
918 4478 1165 4532 sullicere
1197 4482 1261 4532 ad
1305 4481 1738 4548 castigationem,
1772 4498 1875 4534 non
1910 4492 2165 4549 quantum
2194 4482 2292 4550 ipsi

2305 3242 2351 3305 C

2373 2007 2507 2075 πρὸς
2541 2007 2735 2069 αὐτοὺς
2782 2007 2992 2059 ἐδείκνυ
3026 2007 3094 2059 τὰ
3132 2006 3433 2075 σπλάγχνα,
3482 2007 3599 2059 λίαν
3622 2026 3681 2060 τε
3712 2007 3951 2077 κηδεμο-

2369 2097 2535 2159 νικῶς
2568 2099 2851 2159 ἀνεκτᾶτο,
2882 2100 2976 2150 καὶ
3003 2100 3181 2164 λόγοις
3208 2098 3533 2167 ἐπιτηδείοις
3573 2101 3703 2168 πρὸς
3741 2101 3951 2166 ὑπομο-

2373 2188 2469 2256 νὴν
2500 2188 2742 2257 ἡλειφεν.
2776 2188 2865 2257 Μὴ
2897 2190 2982 2256 δὴ,
3022 2188 3214 2255 λέγων,
3264 2183 3308 2241 ὦ
3337 2190 3520 2251 τέκνα,
3558 2188 3829 2257 μηδαμῶς
3854 2191 3950 2241 ἐκ·

2372 2280 2565 2332 λύεσθε
2590 2283 2652 2351 τῇ
2686 2280 3008 2351 προσκαίρῳ
3042 2279 3213 2352 ταύτῃ
3246 2281 3605 2351 κακοπαθείᾳ,
3642 2281 3762 2348 μηδ’
3814 2282 3953 2347 ἁγαο

2374 2375 2546 2442 πητὸν
2580 2375 2707 2443 ὑμῖν
2739 2373 2893 2425 τοῦτο
2923 2372 3146 2424 δοκείτω
3173 2372 3231 2424 τὸ
3264 2373 3609 2425 παντάπασιν
3634 2370 3774 2423 εἶναι
3804 2375 3954 2440 παρα

2375 2465 2509 2517 Θεοῦ
2538 2463 2890 2532 ἁνουθέτητοι
2917 2481 2927 2490 ·
2979 2464 3035 2514 ἐν
3059 2464 3241 2525 πόνοις
3274 2464 3401 2531 γὰρ,
3449 2464 3602 2531 φησι,
3638 2466 3730 2513 καὶ
3760 2465 3819 2514 ἐν
3851 2462 3955 2530 μά-

2378 2574 2520 2624 στιγι
2574 2556 2892 2623 παιδευθητι
2946 2554 3320 2624 Ἰερουσαλήμ.
3376 2553 3529 2606 Οὕτω
3578 2556 3644 2606 δι’
3683 2555 3954 2625 Ἰερεμίου

2379 2651 2542 2719 φησὶν
2572 2651 2599 2701 ὁ
2624 2649 2777 2710 Θεός·
2809 2649 3034 2715 Μήποτε
3062 2648 3271 2716 ἀποστῇ
3304 2649 3335 2715 ὴ
3370 2646 3515 2715 ιξυχή
3552 2663 3653 2716 μου
3683 2647 3791 2699 ἀπὸ
3821 2647 3954 2698 σοῦ·

2379 2740 2625 2794 παιδεύει
2644 2742 2771 2809 γὰρ,
2804 2742 2937 2793 ἀλλὰ
2966 2740 3381 2809 φιλανθρώπως,
3408 2740 3501 2791 καὶ
3539 2741 3792 2807 μαστιγοῖ
3818 2739 3958 2791 παν-

2373 2851 2441 2887 τα
2464 2835 2597 2890 υἱὸν,
2633 2836 2783 2902 παρὰ
2814 2834 2909 2902 τῆς
2942 2832 3089 2894 θείας
3143 2832 3250 2901 ἔχω
3287 2830 3585 2900 μανθάνειν
3614 2831 3863 2900 Γραφῆς,
3898 2830 3958 2882 ὃν

2382 2926 2777 2995 παραδέχεται·
2826 2925 2964 2976 ὥστε
3002 2925 3226 2993 καιτὴν
3281 2924 3547 2986 παιδείαν,
3604 2924 3704 2974 οὐκ
3757 2922 3956 2990 ὀργῆς,

2381 3018 2515 3071 ἀλλὰ
2552 3018 2783 3087 στοργῆς
2812 3012 2950 3067 εἶναι
2978 3016 3194 3084 μᾶλλον,
3228 3018 3304 3077 εἰς
3328 3015 3609 3083 διόρθωσιν
3640 3014 3746 3065 τῶν
3775 3017 3960 3083 ἡμαρ-

2382 3108 2633 3177 τημένων
2670 3106 3014 3174 ἐπαγομένην
3066 3106 3151 3157 διὰ
3198 3108 3564 3175 χρηστότητα.
3630 3106 3809 3156 Καλὶν
3844 3104 3960 3169 οὖν,

2384 3200 2624 3267 ἀδελφοὶ,
2651 3200 2744 3252 καὶ
2770 3200 2973 3267 σφόδρα
2992 3198 3153 3250 καλὸν
3178 3198 3454 3267 πατρικῶς
3476 3196 3708 3251 ἐνταῦθα
3737 3198 3961 3249 παιδευ-

2388 3294 2576 3356 θέντας
2641 3294 2785 3361 ἡμᾶς
2821 3291 3167 3343 Δεσποτικῶν
3226 3290 3435 3342 ἐκεῖθεν
3494 3291 3567 3359 μὴ
3628 3291 3964 3359 πειραθῆναι

2387 3384 2631 3455 πληγῶν,
2660 3384 2751 3434 καὶ
2783 3382 2917 3450 πρὸς
2940 3380 3131 3449 καιρὸν
3163 3373 3263 3431 ὧδε
3305 3379 3829 3447 ταλαιπωρήσαντας
3866 3378 3967 3445 βα-

2390 3478 2579 3539 σάνους
2612 3476 2709 3528 οὐκ
2749 3473 2977 3542 ἐχούσας
3004 3472 3174 3539 πέρας
3205 3472 3506 3536 διαφυγεῖν.
3539 3469 3610 3521 Τὸ
3645 3470 3751 3537 γὰρ
3793 3470 3965 3538 μηδὲν

2390 3563 2623 3616 ἐνταῦθα
2656 3563 2841 3613 παθεῖν
2872 3560 3273 3629 χαλεπώτερον,
3302 3562 3394 3610 καί
3412 3562 3469 3610 τὸ
3492 3560 3809 3625 πειρασμῶν
3834 3562 3967 3611 ἄνευ

2390 3655 2477 3705 τὶν
2507 3653 2620 3722 βίον
2652 3654 2985 3716 ὑπεξελθεῖν,
3023 3655 3096 3719 μὴ
3126 3652 3221 3721 τὴν
3250 3650 3380 3719 ὓλην
3412 3652 3516 3702 τῶν
3550 3652 3968 3719 ἁμαρτημάτων

2392 3746 2601 3806 πολλοῖς
2633 3745 3064 3814 διακαθαρθεντα
3091 3743 3320 3811 θλίψεσι,
3357 3744 3639 3811 γνώρισμα
3666 3744 3833 3808 sagis;
3863 3744 3969 3793 τῶν

2392 3840 2508 3889 ἐκεῖ
2575 3839 3015 3906 τεταμιευμένων
3081 3836 3328 3904 φοϐερῶν
3372 3836 3621 3903 θλίἐτεων,
3669 3836 3761 3887 καὶ
3796 3836 3971 3886 νόθων

2396 3930 2594 3999 μᾶλλον
2624 3929 2655 3999 ἢ
2680 3930 2818 3998 ὑπὲρ
2842 3929 2969 3980 υἱῶν
3006 3929 3245 3997 γνησίων
3275 3929 3499 3996 ἐναργὲς
3543 3928 3829 3995 σύμϐολον.
3858 3929 3973 3981 Καὶ

2398 4025 2505 4091 μὴν
2534 4023 2656 4074 οὐδὲ
2696 4024 2869 4073 ἐκεῖνο
2904 4022 3118 4081 παντως
3147 4020 3255 4071 τῶν
3304 4020 3707 4089 εὺιρρονοὺντων
3738 4021 3975 4071 διασείει

2394 4123 2486 4171 τὸν
2515 4116 2794 4185 λογισμὸν,
2823 4116 2871 4168 εἰ
2893 4115 3102 4183 δαίμων
3133 4115 3375 4184 κυριεύει
3397 4113 3488 4167 τοῦ
3509 4114 3687 4166 θεῖκοῦ
3719 4115 3979 4182 πλασμα-

2396 4228 2506 4272 τος.
2533 4209 2742 4261 Δίδοται
2775 4209 2871 4276 μὲν
2913 4208 3021 4273 γὰρ
3053 4206 3235 4266 αὐτοῖς
3274 4206 3492 4269 ἐξουσία
3548 4209 3692 4272 παρα
3724 4206 3816 4256 τοῦ
3852 4208 3979 4257 κτί-

2400 4318 2610 4363 σαντος,
2647 4299 2894 4367 καθάπερ
2923 4299 3033 4349 τισὶ
3095 4298 3380 4357 κολασταῖς
3412 4300 3489 4357 εἰς
3516 4297 3643 4347 υἱῶν
3664 4299 3979 4365 ἐκτραπὲν·

2396 4411 2527 4456 των,
2565 4392 2739 4461 οἴμοι,
2798 4388 3195 4459 σωφρονισμόν.
3232 4388 3442 4440 Δίδοται
3498 4389 3552 4440 δὲ
3588 4390 3707 4439 καθ’
3754 4391 3879 4441 δεον
3915 4393 3981 4442 iv

2399 4486 2601 4545 ἐκεῖνος
2630 4478 2737 4534 οἶδε
2763 4484 2861 4550 τὴν
2893 4481 3140 4533 παιδείαν
3164 4481 3376 4550 ἀρκεῖν,
3430 4479 3489 4531 οὗ
3524 4480 3643 4531 καθ’
3663 4482 3784 4532 ὅσον
3817 4483 3985 4533 αὐτοὶ

726 4572 936 4625 volunt.
975 4570 1072 4625 Vix
1099 4573 1239 4625 enim
1285 4585 1566 4641 parcerent
1597 4574 1919 4635 hominibus,
1954 4574 2041 4642 qui
2080 4588 2143 4627 ne
2171 4575 2281 4627 brut

2407 4575 2705 4645 βούλονται.
2762 4574 2917 4626 Ἐπεὶ
2954 4574 3117 4642 σχολῇ
3150 4589 3210 4639 γε
3240 4571 3305 4625 ἂν
3354 4573 3463 4624 τῶν
3490 4572 3792 4641 ἀνθρώπων
3826 4576 3986 4641 ἐπεὶ,

727 4670 797 4715 tis
830 4666 1044 4733 quidem
1103 4677 1478 4734 pepercerunt,
1522 4677 1580 4719 ut
1632 4681 1785 4719 sacra
1817 4668 2011 4719 docent
2060 4665 2304 4735 Evange-

730 4763 800 4815 ιδ
854 4758 917 4814 ι’.
970 4759 1377 4827 Couspiciantur
1435 4773 1564 4826 ergo
1621 4774 1714 4828 per
1768 4760 1902 4813 hanc
1964 4759 2300 4828 disciplinain

730 4873 950 4912 sensum
1006 4856 1252 4922 accipere
1286 4869 1471 4908 eorum
1530 4868 1649 4921 quae.
1682 4854 2049 4921 peccavimus,
2108 4866 2160 4908 et
2198 4869 2300 4906 non

731 4964 890 5019 egere
920 4947 1041 5000 aliis
1076 4946 1245 5015 plagis
1277 4946 1637 5014 gravioribus,
1672 4948 1812 5015 quod
1850 4948 2135 5001 iucorrecti
2183 4964 2299 4999 ma-

734 5057 956 5098 ucamus
987 5051 1109 5108 post
1146 5040 1375 5107 plagam.
1434 5039 1737 5092 Efﬁciamur
1769 5040 1979 5107 probati
2043 5055 2136 5108 per
2168 5038 2301 5092 afﬂi-

732 5133 988 5187 ctiouem.
1023 5130 1173 5196 Quod
1209 5142 1392 5184 contra
1434 5140 1671 5184 nostram
1698 5132 2029 5184 voluntatem
2059 5140 2138 5185 est
2181 5132 2298 5183 illa-

737 5238 870 5288 tum,
917 5222 1007 5275 fiat
1046 5224 1204 5277 etiam
1250 5224 1521 5292 proprium
1582 5222 1898 5286 voluntatis,
1953 5223 2005 5275 in
2046 5236 2111 5277 eo
2157 5224 2300 5291 quod

737 5317 1013 5371 moderate
1062 5314 1303 5368 feramus
1355 5332 1415 5368 ea
1443 5331 1560 5383 qum
1589 5317 1971 5384 centigeruut:
2010 5326 2063 5369 et
2098 5320 2299 5384 gratias

739 5423 959 5479 agamus
1006 5407 1079 5472 ei,
1120 5406 1208 5475 qui
1271 5408 1444 5459 intulit
1500 5407 1839 5473 disciplinam
1896 5408 2107 5476 legibus
2148 5408 2300 5462 beni-

738 5502 980 5567 tttitatis.
1020 5500 1138 5568 Ipse
1165 5499 1449 5568 percussit,
1484 5513 1538 5553 et
1563 5500 1675 5567 ipse
1713 5514 1813 5552 nes
1834 5502 2064 5553 sanabit.
2102 5499 2165 5552 Et
2200 5504 2301 5554 hoc

736 5597 906 5649 laabeo
937 5608 966 5645 a
1006 5594 1279 5661 prophetis
1334 5610 1347 5645 :
1388 5588 1649 5645 Percutiet
1697 5602 1742 5645 et
1789 5591 2047 5659 alligabit,
2102 5604 2145 5646 et
2201 5610 2303 5645 non

739 5684 968 5740 tardabit
1003 5682 1071 5734 ad
1095 5687 1414 5737 curationem
1446 5684 1510 5736 ¹⁸.

822 5880 862 5910 ⁸⁵
896 5876 1094 5935 icrcm.
1141 5896 1210 5946 Vl,
1252 5880 1280 5933 8
1309 5878 1455 5948 juxta
1496 5879 1650 5933 l..\'.\.
1741 5880 1961 5934 "‘lltln
2008 5896 2100 5943 \u,
2153 5881 2199 5930 ίῖ,

2403 4685 2587 4729 σαντο,
2623 4667 2669 4718 οἳ
2702 4669 2795 4719 καὶ
2848 4666 2957 4717 τῶν
2984 4665 3216 4732 ἀλόγων,
3273 4666 3347 4727 ὡς
3385 4666 3451 4717 τὰ
3486 4666 3604 4736 ἱερὰ
3629 4666 3986 4721 διδάσκουσιν

2408 4761 2739 4829 Εὑαγγέλιαν
2785 4761 2859 4832 μὴ
2889 4760 3229 4828 φεισάμενοι.
3265 4759 3523 4829 Φανῶμεν
3571 4758 3855 4827 τοιγαροῦν
3892 4761 3988 4813 διὰ

2400 4856 2494 4925 τῆς
2531 4854 2775 4917 παιδείας
2810 4852 3013 4920 ταύτης
3047 4852 3301 4920 αἴσθησιν
3332 4851 3616 4921 δεξάμενοι
3654 4852 3761 4903 τῶν
3797 4854 3989 4921 ἡμαρ-

2403 4945 2674 5014 τημένων,
2706 4945 2800 4997 καὶ
2830 4944 2905 5012 μὴ
2932 4943 3244 5012 βαρυτέρων
3264 4942 3439 4995 ἄλλων
3469 4941 3687 5011 πληγῶν
3704 4943 3987 5010 δεόμενοι,

2404 5038 2465 5089 τὸ
2497 5038 2677 5106 μεῖναι
2713 5036 2852 5105 μετὰ
2890 5036 2990 5103 τὴν
3041 5034 3255 5103 πληγὴν
3290 5032 3626 5104 ἁδιόρθωτοι.
3682 5035 3993 5103 Γενὼμεθα

2405 5130 2616 5198 δόκιμοι
2658 5130 2747 5182 διὰ
2799 5130 2895 5198 τῆς
2924 5127 3190 5195 θλίψεωςο
3221 5128 3280 5180 τὸ
3322 5127 3633 5196 ἀϐουλήτως
3686 5132 3994 5199 ἐπενεχθέν

2406 5224 2644 5289 γενέσθω
2702 5222 2793 5274 καὶ
2826 5222 3194 5290 προαιρέσεως
3248 5221 3401 5284 ῖδιον,
3451 5223 3509 5273 ὲν
3559 5222 3636 5287 τῷ
3665 5223 3732 5273 τα
3768 5239 3997 5292 συμπε-

2410 5318 2567 5368 σόντα
2584 5314 2770 5384 πρᾴως
2794 5312 3111 5378 διενεγκεῖν,
3134 5314 3226 5363 καὶ
3243 5312 3399 5380 χάριν
3423 5311 3751 5379 ὁμολογῆσαι
3776 5311 3855 5381 τῷ
3892 5315 3999 5383 τὴν

2408 5406 2657 5457 παιδείαν
2691 5404 2873 5472 νόμοις
2921 5402 3258 5469 ἐπαγαγόντι
3318 5402 3750 5473 φιλανθρωπίας.
3804 5408 3997 5469 Αὐτὸς

2411 5498 2765 5561 πεπαίδευκε,
2795 5498 2889 5548 καὶ
2922 5498 3081 5557 αὐτὸς
3120 5497 3308 5548 ἰασατο
3347 5498 3493 5564 ἡμᾶς
3514 5513 3526 5525 ·
3561 5498 3655 5550 καὶ
3687 5498 3849 5551 τοξοτο
3884 5501 4002 5567 ἔχω

2416 5595 2561 5662 παρὰ
2585 5592 2693 5643 τῶν
2727 5588 3049 5661 προφητῶψ
3085 5589 3312 5654 παταξει
3350 5592 3440 5641 καὶ
3472 5588 3729 5659 μοτῶσει,
3770 5593 3876 5644 καὶ
3932 5595 3995 5645 οἰδ

2417 5683 2667 5754 βραδννεῖ
2696 5680 2827 5750 πρὸς
2866 5682 2961 5748 τὴν
2998 5680 3159 5750 ἴασιν.
