4128 6488
755 422 862 487 515

1973 417 2251 482 MENSIS
2291 415 2745 484 JANUARIUS.

3893 418 3998 482 516

754 552 842 589 tuo
879 535 990 605 (27)
1024 544 1200 588 autem
1240 536 1401 589 rebus
1435 535 1534 589 fuit
1572 538 1820 605 cognitus
1851 551 2071 602 cannpus
2117 538 2308 591 destru

2429 536 2620 605 νισμοῦ
2655 539 2763 600 τοῖς
2791 535 3081 606 πράγμασι
3110 531 3534 603 γνωριζόμενον,
3552 531 3645 584 καὶ
3677 530 3883 584 τούτων
3903 532 4000 585 ινα

754 628 967 688 ctiouls,
1000 633 1052 677 et
1083 640 1224 678 unus
1270 627 1471 680 scilicet
1511 642 1576 681 ex
1639 629 1703 680 iis
1755 629 2057 694 pastoribus
2099 629 2185 693 qui
2238 631 2318 680 sui

755 716 930 781 gregis
958 730 1087 768 oves
1142 715 1458 782 dispergunt
1493 729 1547 771 ct
1603 720 1854 786 perdunt.
1897 728 1947 770 et
1983 734 2076 771 eos
2108 720 2319 770 turbida

757 816 940 873 potant
976 807 1347 861 subversimte.
1383 810 1447 862 Et
1498 819 1553 862 ut
1599 810 1800 879 reliqua
1834 810 1978 863 illius
2002 810 2321 878 pra-termit-

756 909 882 961 tam,
917 899 1018 951 hoc
1056 902 1270 968 quidem
1313 902 1562 969 accipiet,
1593 905 1734 969 quod
1768 913 1886 968 post
1916 918 2011 955 nos
2040 915 2319 970 sequetur,

759 1001 988 1057 tempus.
1038 992 1221 1059 Neque
1262 995 1403 1044 enim
1437 1008 1532 1059 par
1583 1007 1662 1046 est
1700 1004 1756 1046 ut
1789 995 1838 1046 id
1879 996 2160 1047 mandetur
2188 995 2321 1046 obli-

759 1083 897 1135 vioni
930 1093 1143 1150 propter
1171 1097 1284 1144 eos,
1311 1097 1537 1150 quorum
1567 1096 1648 1138 est
1699 1086 1876 1139 Scelus
1936 1087 2174 1156 insigne:
2206 1086 2317 1152 qui,

756 1185 808 1224 ut
848 1175 971 1225 dicit
1003 1174 1186 1235 Isaias,
1250 1177 1548 1237 concipiunt
1610 1177 1861 1238 laborem,
1907 1189 1954 1229 et
2012 1179 2224 1243 pariunt
2276 1180 2316 1209 ²¹

756 1265 1077 1332 iniquitatem
1113 1268 1180 1320 ²².
1241 1265 1440 1334 impius
1483 1269 1630 1335 (heu)
1687 1270 1798 1320 sive
1838 1269 1905 1322 ab
1939 1270 2056 1322 aliis
2095 1270 2161 1322 ad
2220 1271 2319 1324 hoc

756 1365 954 1417 motus.
987 1357 1260 1412 sivehunc
1293 1361 1614 1413 sceleratum
1665 1364 1829 1414 fetum
1867 1377 1929 1414 ex
1973 1377 2030 1416 se
2057 1364 2320 1430 produxe-

755 1450 824 1502 rit
853 1448 1078 1517 (Stultus
1106 1453 1262 1511 enim,
1293 1452 1486 1519 inquit,
1529 1456 1690 1506 stulta
1716 1455 1975 1524 loquetur,
2005 1466 2053 1508 et
2086 1472 2173 1506 cor
2205 1457 2316 1523 ejus

755 1557 886 1592 vana
925 1542 1216 1612 cogitabit),
1271 1542 1513 1609 Patrum,
1557 1547 1642 1612 qui
1681 1545 1856 1599 Nicem
1918 1547 2026 1614 (28)
2079 1546 2314 1606 fuerunt,

755 1647 906 1683 Sacra
940 1634 1211 1698 dogmata.
1263 1644 1514 1700 tauquam
1567 1645 1798 1688 montem
1837 1634 1963 1689 Sion
2019 1646 2072 1689 et
2124 1638 2314 1688 turrim

754 1721 1108 1783 fortitudinis,
1158 1723 1360 1775 scilicet
1426 1726 1768 1792 aggreditur;
1822 1727 1905 1779 illa
1948 1728 2163 1793 quidem
2215 1744 2314 1781 vo-

755 1810 869 1864 lens
935 1814 1220 1878 :tb"ogari,
1287 1815 1466 1867 valere
1546 1827 1725 1870 autem
1799 1819 2122 1872 sententiam
2201 1820 2313 1887 (99)

2425 627 2623 695 δηλαδὴ
2650 628 2755 680 τῶν
2796 629 3072 696 ποιμένων
3114 627 3218 679 τῶν
3245 624 3742 694 διασκορπιζόντων
3770 624 3866 677 καὶ
3894 626 4000 676 ἀπ-

2424 716 2689 769 ολλύντων
2733 717 2800 768 τὰ
2829 718 3074 786 πρόϐατα
3108 717 3206 784 τῆς
3257 716 3466 768 ἑαυτῶν
3493 716 3684 783 νομῆς,
3743 719 3834 766 καὶ
3868 717 4000 764 ἀνα-

2424 808 2630 876 τροπὴν
2675 807 2900 877 θολερὰν
2939 809 3077 860 αὐτὰ
3110 809 3457 871 ποτιζὸντων,
3506 809 3600 859 καὶ
3637 807 3720 858 ἵνα
3761 805 3827 857 τὰ
3858 805 3995 856 ἀλλα

2423 900 2530 951 τῶν
2559 901 2766 952 ἐκείνου
2816 901 2994 970 παρῶ,
3026 901 3158 952 ἀλλά
3188 899 3344 951 τοῦτὸ
3373 916 3436 965 γε
3490 898 3584 950 καὶ
3635 900 3663 950 ὀ
3701 898 3815 966 μεθ’
3843 899 3992 964 ἡμᾶς

2423 990 2696 1054 ἐκδέξεται
2727 991 2937 1060 χρόνος.
2957 991 3112 1043 Ἐπεὶ
3145 991 3279 1060 μηδὲ
3309 990 3481 1059 λήθης
3506 990 3642 1050 ὅλως
3656 991 3802 1040 ἐστιν
3827 987 3981 1052 ἄξιον

2421 1083 2507 1135 διὰ
2555 1085 2680 1144 τοὺς
2711 1087 2998 1154 περιττοὺς
3027 1085 3124 1154 τὴν
3157 1085 3376 1146 κακίαν,
3410 1085 3480 1146 οἳ,
3525 1085 3586 1136 τὸ
3614 1083 3707 1134 τοῦ
3741 1083 3990 1143 Ἠσαίου,

2424 1175 2639 1227 κύουσι
2657 1176 2846 1229 πόνον
2869 1177 2963 1229 καὶ
2990 1178 3590 1243 τικτουσινὰνομίαν.
3624 1177 3680 1228 ’0
3702 1176 3993 1244 δυσσεϐὴς,

2425 1266 2547 1333 φεῦ,
2575 1267 2683 1318 εἴτε
2718 1267 2846 1335 παρ’
2899 1268 3074 1321 ἄλλων
3124 1270 3200 1331 εἰς
3238 1267 3395 1319 τοῦτο
3444 1266 3704 1335 κινηθεὶς,
3741 1266 3849 1316 εἴτε
3903 1265 3997 1316 καὶ

2425 1359 2553 1428 παρ’
2581 1359 2774 1412 ἑαυτοῦ
2829 1361 2889 1411 τὸ
2940 1361 3176 1429 πονηρὸν
3209 1362 3356 1412 τουτὶ
3393 1357 3737 1428 προενεγκὼν
3779 1355 3995 1424 κύημα.

2425 1451 2521 1520 (Ὃ
2545 1453 2651 1520 γὰρ
2671 1453 2882 1520 μωρὸς,
2915 1454 3066 1522 φησὶ,
3082 1454 3247 1520 μωρὰ
3269 1454 3553 1520 λαλήσει.
3581 1452 3680 1505 καὶ
3711 1451 3748 1515 ἡ
3777 1449 3995 1514 καρδία

2423 1541 2612 1594 αὐτοῦ
2641 1542 2861 1609 μάταια
2885 1541 3142 1606 νοήσει),
3181 1545 3293 1604 τοῖς
3339 1543 3502 1611 ἱεροῖς
3531 1541 3638 1592 τῶν
3693 1542 3750 1592 ὲν
3789 1540 3996 1608 Num-31.

2422 1635 2702 1702 Πατέρων,
2753 1633 2829 1695 ὡς
2855 1634 2933 1702 τῷ
2961 1632 3096 1686 Σιὼν
3137 1632 3256 1701 ὄρει
3282 1633 3379 1686 καὶ
3411 1632 3486 1700 τῷ
3541 1633 3736 1701 πύργῳ
3787 1629 3993 1698 δηλαδὴ

2417 1725 2514 1792 τῆς
2542 1723 2722 1792 ἰσχύος
2754 1724 3055 1776 ἐπιτίθεται
3075 1722 3340 1791 δόγμασιν
3360 1739 3374 1751 ·
3403 1723 3584 1774 ἐκεῖνα
3632 1721 3730 1790 μὲν
3777 1719 3994 1771 ἀθετεῖο

2422 1815 2563 1878 σθαι,
2589 1817 2809 1884 κρατεῖν
2837 1814 2893 1867 δὲ
2919 1814 3017 1885 τὴν
3057 1814 3166 1866 τῶν
3204 1814 3539 1881 ’Δκεφάλων,
3568 1813 3759 1880 ἄλογον
3795 1814 3860 1865 ἀν
3897 1829 3983 1874 τις

751 1904 1170 1970 Acephalurum,
1197 1921 1354 1973 quam
1388 1920 1416 1958 a
1450 1908 1656 1959 ratione
1686 1908 1935 1972 alienam,
1963 1919 2013 1961 et
2043 1925 2169 1963 vere
2195 1911 2308 1964 ἀκέ-

2417 1909 2581 1971 εῐποι,
2631 1908 2728 1961 καὶ
2759 1909 3030 1976 ἀκέφαλον
3077 1908 3235 1973 δόξαν
3291 1906 3692 1978 προῃρημένος.
3751 1906 3993 1971 Μίγνυσι

751 1996 940 2060 φαλον,
979 1997 1081 2051 hoc
1111 2009 1212 2063 est,
1244 2008 1516 2052 carentem
1549 2001 1744 2066 capite,
1781 2002 1902 2068 jure
1935 2003 2052 2068 quis
2090 2002 2310 2058 dixerit.

750 2085 1008 2141 Potentiae
1061 2098 1234 2141 autem
1293 2091 1557 2144 admiscet
1624 2092 2047 2160 improbitatem,
2111 2104 2167 2146 ut
2215 2095 2315 2149 hac

749 2180 962 2245 quidem
984 2181 1274 2246 deciperet,
1307 2182 1392 2234 illa
1421 2199 1547 2236 vero
1577 2181 1827 2237 effectum
1866 2186 2112 2238 redderet
2170 2185 2312 2255 quod

749 2271 1151 2324 (‘Outeudebatz
1209 2283 1264 2325 ut
1313 2287 1487 2344 neque
1541 2275 1643 2337 vis,
1699 2275 1744 2328 si
1795 2286 1942 2330 esset
1988 2278 2224 2331 immista
2260 2285 2314 2331 et

748 2361 1096 2424 persuasione
1155 2361 1374 2415 minime
1429 2373 1849 2431 centemperata,
1883 2365 2103 2419 molesta
2138 2368 2310 2420 videri

747 2451 936 2516 possit,
968 2460 1022 2503 et
1070 2452 1225 2520 plane
1269 2455 1520 2517 violenta,
1563 2466 1617 2508 ut
1650 2472 1767 2525 qua:
1815 2458 1982 2511 robur
2014 2459 2314 2526 accepisset

747 2556 810 2592 ex
839 2542 947 2593 sola
991 2545 1308 2608 occasione;
1344 2562 1516 2612 neque
1542 2563 1726 2601 rursus
1757 2551 2101 2617 persuadere,
2133 2551 2179 2604 si
2209 2551 2312 2602 im-

749 2645 935 2699 pou-ns
971 2636 1058 2698 sit,
1115 2637 1157 2688 si
1214 2637 1504 2702 imbecilla,
1537 2647 1592 2692 et
1624 2643 1764 2708 quod
1821 2645 1990 2696 possit
2031 2657 2199 2711 pauca
2259 2655 2313 2698 et

745 2729 885 2794 apud
919 2743 1114 2796 paucos
1144 2728 1370 2783 eliiccre.

813 2819 901 2873 47.
940 2818 1074 2873 ilinc
1134 2821 1268 2874 alios
1294 2823 1509 2888 quidem
1551 2839 1611 2877 ex
1661 2826 1930 2894 episc0pis
1962 2828 2310 2884 adoriebatur

745 2911 905 2963 minis
936 2923 987 2964 ct
1028 2912 1231 2965 exsiliis
1259 2913 1391 2984 (50).
1423 2915 1560 2967 alios
1595 2927 1773 2970 autem
1803 2919 2097 2973 honoribus
2120 2930 2172 2974 et
2221 2937 2310 2976 as-

743 3004 1137 3056 sentatio-tibus
1169 3021 1181 3057 :
1217 3016 1270 3058 et
1325 3023 1711 3073 nonnunquam
1773 3006 2310 3080 etiam-corrumpere

743 3098 992 3164 pecunia,
1043 3108 1094 3151 et
1126 3113 1278 3152 suum
1315 3101 1511 3153 malum
1551 3103 1780 3156 aliorum
1812 3117 2024 3172 quoque
2068 3105 2304 3170 efficere,

743 3201 795 3240 et
860 3192 1102 3242 morbum
1144 3194 1546 3246 communicare
1591 3194 1982 3256 contendebat;
2035 3197 2306 3252 mutabilis

742 3295 846 3334 non
882 3283 1060 3335 minus
1082 3296 1239 3351 quam
1274 3282 1524 3348 Proteus,
1551 3294 1608 3338 ut
1640 3286 1946 3344 Grecorum
2009 3287 2201 3341 fabulae
2229 3287 2304 3342 l9-

739 3385 996 3442 quuntur,
1024 3385 1074 3430 et
1124 3392 1226 3430 non
1264 3379 1441 3433 minus
1491 3390 1692 3442 mente,
1724 3395 1886 3449 quam
1931 3379 2016 3434 ille
2081 3390 2300 3449 aspectu

739 3467 944 3519 varius.
983 3466 1260 3522 Postremo
1290 3479 1468 3522 autem
1501 3471 1641 3523 hanc
1672 3485 1888 3539 quoque
1919 3486 2163 3539 magnam
2192 3483 2305 3524 tur-

741 3560 838 3610 rizn
873 3559 1204 3627 aggreditur.
1259 3559 1515 3615 Machina:
1548 3573 1725 3614 autem
1761 3571 1921 3616 erant.
1965 3579 2190 3629 aurum;
2230 3564 2304 3616 id-

737 3667 839 3717 que
871 3667 972 3704 non
1004 3667 1253 3721 paucum,
1284 3666 1336 3707 ut
1367 3666 1547 3723 posset
1577 3657 1870 3721 contemni,
1898 3657 1989 3711 sed
2017 3661 2158 3725 quod
2185 3658 2306 3712 red-

741 3742 852 3795 ibat
884 3741 950 3795 ad
1004 3758 1267 3796 summam
1325 3745 1540 3812 triginta
1601 3746 1857 3800 librarum
1909 3757 2175 3816 :eratquc
2219 3749 2307 3804 do-

741 3851 865 3885 num
888 3850 990 3886 non
1023 3836 1163 3888 uude
1197 3844 1248 3886 et
1269 3846 1450 3903 aperte
1479 3835 1699 3901 donum,
1723 3853 1787 3891 ne
1819 3853 1921 3891 non
1946 3840 2302 3908 acciperetur,

739 3933 796 3977 ut
819 3925 954 3992 quod
986 3926 1341 3994 SuspiciOnem
1379 3939 1593 3996 pareret
1619 3930 1858 3983 avaritia
1889 3947 1904 3982 :
1937 3931 2029 3984 sed
2087 3933 2137 3985 id
2169 3947 2304 4000 quo-

739 4034 843 4083 que
871 4019 1172 4071 occultabat
1202 4028 1488 4085 pra-textus
1538 4021 1812 4088 speciosus
1831 4030 1884 4074 et
1927 4022 2082 4076 valde
2114 4025 2306 4090 proba-

740 4110 881 4171 bilis,
914 4124 1104 4176 nempe
1137 4125 1415 4177 pauperes,
1457 4121 1505 4163 et
1544 4127 1662 4179 qtne
1691 4120 1847 4164 erant
1895 4115 2202 4166 necessaria
2235 4114 2304 4168 ad

741 4215 870 4252 usus
892 4198 1138 4252 Fratrum
1166 4201 1662 4269 :rgrotantiumJlis
1695 4203 1867 4255 virum
1897 4204 2192 4257 conabatur
2220 4207 2300 4258 in-

737 4305 964 4354 genuum
1009 4290 1248 4359 redigere
1284 4291 1336 4342 in
1360 4293 1695 4345 servitutem.
1732 4292 1796 4344 Et
1821 4293 1864 4346 si
1896 4294 2091 4348 bonum
2119 4299 2301 4351 existi-

738 4393 850 4430 mas
880 4385 934 4430 et
964 4387 1171 4446 gratum
1216 4381 1420 4446 piorum
1463 4381 1656 4434 animis
1690 4381 1762 4442 id,
1793 4384 1934 4451 quod
1983 4398 2012 4436 a
2063 4395 2131 4450 te,
2163 4402 2194 4439 ο
2224 4389 2305 4442 v.ir

736 4469 967 4534 egregie,
1009 4471 1311 4533 innovatur,
1335 4486 1433 4538 ego
1480 4471 1553 4524 illi
1584 4472 1834 4536 dixerim,
1869 4489 1965 4528 cur
2005 4491 2108 4530 non
2140 4479 2208 4532 ab
2237 4494 2300 4532 eo

2417 1999 2705 2069 τοιγαροῦν
2758 2003 2824 2070 τῇ
2854 2000 3139 2070 δυναστείᾳ
3192 2000 3289 2068 τὴν
3341 1998 3701 2067 κακουργίαν,
3745 1996 3888 2049 ὥστε
3922 2002 3989 2067 τῇ

2429 2089 2526 2157 μὲν
2583 2089 2815 2160 ἀπατᾷν,
2877 2092 2942 2158 τῇ
2997 2088 3054 2141 δὲ
3128 2089 3311 2141 ἀνύειν
3385 2091 3445 2141 τὸ
3507 2089 3991 2156 σπουδαζόμενον,

2419 2183 2502 2234 ἵνα
2557 2184 2694 2250 μήτε
2741 2181 2802 2234 τὺ
2884 2183 3106 2251 ἰσχυρὸν
3169 2181 3399 2251 ἄμικτον
3443 2181 3501 2234 ὃν
3570 2182 3666 2233 καὶ
3728 2182 3800 2251 μὴ
3871 2198 3993 2232 πει-

2415 2273 2495 2326 θοῖ
2545 2275 2900 2342 κεκραμένον,
2947 2273 3188 2344 λυπηρὸν
3219 2275 3344 2346 δόξῃ
3379 2275 3470 2327 καὶ
3505 2273 3760 2343 καθαρῶς
3791 2273 3988 2343 βίαιον,

2412 2365 2475 2415 ὲκ
2537 2363 2629 2416 τοῦ
2675 2363 2867 2433 καιροῦ
2933 2365 3096 2433 μόνου
3149 2364 3248 2434 τὴν
3317 2365 3469 2434 tax-Iw
3514 2364 3733 2432 εἰληφὸς
3767 2403 3784 2425 ,
3856 2363 3988 2432 μήτ’

2413 2451 2478 2508 αὖ
2518 2455 2676 2508 πάλιν
2699 2455 2760 2508 τὸ
2794 2454 3003 2508 πείθειν
3029 2454 3233 2525 ἔρημον
3273 2454 3593 2518 δυναστείας
3630 2455 3987 2524 ὑπολειφθὲν,

2412 2547 2634 2609 ἀσθενὲς
2665 2546 2772 2618 εἴη,
2802 2547 2898 2600 καὶ
2923 2547 3096 2617 μικρά
3126 2547 3219 2599 καὶ
3253 2547 3402 2616 παρά
3435 2550 3650 2618 μικροῖς
3677 2547 3864 2601 ἀνύειν
3896 2547 3988 2600 δυσ

2413 2653 2666 2706 ναμενον.

2483 2817 2592 2887 μζ.
2641 2818 2917 2873 Ἐντεῦθεν
2943 2819 3068 2882 τοὺς
3102 2819 3201 2889 μὲν
3236 2821 3484 2884 ἀπειλαῖς
3515 2823 3608 2875 καὶ
3639 2823 3986 2892 ὑπερορίαις.

2409 2911 2532 2971 τοὺς
2555 2909 2611 2962 δὲ
2633 2913 2818 2979 τιμαῖς
2842 2914 2933 2963 καὶ
2966 2911 3274 2974 κολακείαις
3301 2914 3409 2964 τῶν
3447 2915 3763 2967 ἐπισκόπων
3795 2918 3988 2986 ὐτηίιει,

2409 3003 2568 3056 ἔτιδὲ
2601 3003 2695 3066 οὓς
2741 3004 2833 3057 καὶ
2859 3006 3137 3075 χρήμασιν
3188 3007 3566 3069 ὑποκλέπτειν,
3601 3008 3697 3060 καὶ
3726 3009 3786 3060 τὸ
3817 3007 3987 3060 αὑτοῦ

2409 3095 2576 3149 κακὸν
2599 3096 2693 3149 καὶ
2718 3095 2897 3149 ἄλλων
2922 3099 3096 3149 ποιεῖν
3127 3097 3378 3161 ἔσπευδε,
3413 3101 3504 3151 καὶ
3533 3101 3630 3166 τῆς
3681 3102 3839 3154 νόσου
3883 3121 3984 3170 μευ

2407 3185 2697 3250 ταδιδὸναι,
2733 3179 2820 3239 οἷά
2848 3203 2930 3247 τις
2963 3188 3240 3256 Πρωτεὺς,
3266 3188 3339 3248 ὡς
3367 3188 3432 3240 τά
3476 3188 3744 3254 Ἑλλήνων
3797 3194 3987 3256 φασὶν,

2408 3281 2768 3346 ἐξαλλάττων,
2804 3283 2898 3334 καὶ
2949 3280 3189 3342 ποικίλος
3228 3282 3329 3350 τὴν
3387 3279 3610 3350 γνώμην
3655 3281 3849 3350 ὥσπερ
3889 3284 3988 3352 τὴν

2404 3371 2527 3440 δψιν
2557 3373 2762 3433 ἐκεῖνος
2785 3370 3086 3437 γινόμενος.
3135 3370 3257 3422 Ἐπὶ
3281 3372 3414 3423 πᾶσι
3442 3371 3619 3422 τοίνυν
3651 3372 3745 3423 καὶ
3781 3372 3860 3439 τῷ
3894 3390 3989 3440 μει

2406 3464 2556 3531 γάλῳ
2609 3461 2782 3531 τούτῳ
2830 3461 3023 3530 πύργῳ
3079 3461 3428 3530 προσϐάλλει.
3454 3463 3560 3513 Καὶ
3594 3463 3653 3513 τὸ
3679 3465 3988 3531 μηχάνημα

2407 3555 2603 3624 χρυσὸς
2631 3551 2720 3624 ἦν,
2747 3555 2946 3623 χρυσὸς
2975 3554 3075 3606 οὐκ
3099 3554 3301 3618 ὀλίγος,
3328 3553 3467 3606 ὥστε
3495 3556 3585 3605 καὶ
3611 3556 3866 3624 παροφθῆ
3888 3576 3984 3613 ιαι,

2406 3645 2542 3699 ἀλλά
2561 3647 2655 3698 καὶ⁵
2677 3648 2752 3708 είς
2770 3647 3060 3712 τριάκοντα
3098 3645 3259 3714 φημὶ,
3281 3645 3467 3714 λίτρας
3487 3647 3948 3714 παρατρεπόμενος
3975 3667 3985 3676 ·

2408 3741 2502 3794 καὶ
2532 3741 2565 3808 ἡ
2599 3739 2775 3808 δωρεά
2804 3740 2864 3790 οὐ
2919 3738 3098 3806 δωρεὰ
3146 3737 3364 3806 γνμνῶς
3392 3755 3449 3790 τε
3485 3740 3576 3790 καὶ
3627 3739 3984 3801 ἀκαλύπτως,

2407 3831 2494 3884 ἵνα
2523 3831 2598 3900 μὴ
2625 3831 2689 3883 δι’
2718 3832 2970 3892 ὑπονοίας
3017 3831 3214 3899 ἔχουσα
3252 3831 3313 3883 τὸ
3362 3831 3678 3900 φιλόχρυσον
3714 3826 3985 3901 ἁπρόεδε-

2407 3939 2533 3985 κτος
2570 3922 2750 3991 μείνῃ,
2785 3922 2920 3974 ἀλλά
2969 3922 3062 3973 καὶ
3116 3922 3386 3991 πρόφασις
3425 3925 3729 3992 ἐπέκρυπτε
3777 3927 3984 3990 ταᾲτην

2407 4015 2758 4083 εὐπρόσωπος
2786 4013 2878 4064 καὶ
2905 4012 3104 4080 πιθανὴ
3136 4012 3276 4072 λίαν,
3309 4014 3356 4064 οἱ
3387 4014 3612 4082 πένητες
3663 4016 3757 4067 καὶ
3789 4018 3822 4083 ἡ
3854 4019 3985 4082 ττεςὶ

2405 4107 2530 4168 τοὺς
2569 4104 2856 4166 νοσοῦντας
2888 4104 2993 4155 τῶν
3020 4103 3263 4170 ἀδελφῶν
3290 4104 3590 4168 εὐδάπανος
3626 4108 3807 4175 χρεία.
3852 4109 3980 4160 To:-

2406 4198 2581 4259 ούτοις
2604 4198 2861 4264 ἐπειρᾶτο
2893 4196 3111 4247 δουλοῦν
3143 4195 3231 4246 τὸν
3261 4195 3566 4264 ἐλεύθερον.
3594 4199 3700 4250 Καὶ
3733 4203 3782 4250 εί
3819 4202 3980 4252 καὶ-,ἒν

2406 4287 2491 4355 εἴη
2524 4287 2617 4339 καὶ
2641 4286 2874 4355 ἀρέσκον
2934 4287 3198 4354 φιλοθέων
3233 4287 3430 4356 ψυχαῖς
3459 4289 3518 4339 τὸ
3549 4290 3651 4340 ὑπὸ
3683 4289 3802 4351 σοῦ,
3854 4309 3978 4356 γεν-

2405 4381 2540 4442 ναῖε,
2581 4377 3088 4448 καινοτομούμενον,
3126 4379 3291 4447 φαίην
3321 4379 3389 4432 ἂν
3419 4381 3554 4447 πρὸς
3592 4382 3775 4444 αὑτὸν,
3809 4385 3860 4433 τί
3909 4387 3985 4455 μὴ

2405 4470 2499 4539 ἐᾷς
2537 4470 2760 4522 αὐτόθεν
2808 4469 2985 4521 ἕλκειν
3023 4473 3148 4532 τοὺς
3187 4472 3446 4537 ἐραστὰς,
3489 4474 3582 4525 καὶ
3637 4473 3752 4542 tam
3789 4476 3985 4528 κάλλει

737 4563 852 4626 ipso
876 4563 1007 4613 SittlS
1041 4561 1174 4614 trahi
1205 4572 1493 4625 amatores,
1522 4573 1575 4617 et
1610 4567 1822 4632 pr0pria
1875 4567 2013 4622 vinci
2065 4572 2302 4638 pulchri-

2411 4559 2721 4628 χειροῦσθαι
2773 4562 2898 4622 τοὺς
2933 4561 3272 4626 φιλοκάλους,
3317 4562 3453 4616 ἀλλά
3518 4565 3792 4634 χρήμασιν
3846 4568 3984 4619 αὐτὸ

738 4652 917 4707 unlinc
934 4667 1026 4705 eos
1056 4655 1143 4718 qui
1173 4664 1296 4727 sunt
1331 4654 1542 4723 pulchri
1572 4667 1876 4722 amatores;
1911 4661 2004 4712 sed
2047 4661 2096 4715 id
2138 4677 2302 4728 pecu-

735 4743 838 4795 niis
867 4759 1028 4797 ornas
1058 4756 1111 4798 et
1145 4747 1478 4812 muneribus,
1544 4749 1682 4815 quod
1720 4750 1852 4803 solet
1904 4751 2017 4805 fieri
2055 4753 2300 4821 turpibus

733 4837 786 4879 et
810 4829 1152 4897 deformibus,
1201 4841 1255 4884 ut
1284 4847 1403 4901 quze
1435 4834 1542 4888 sint
1580 4836 1752 4889 aliena
1785 4847 2098 4893 ornamenta
2127 4849 2181 4894 et
2208 4855 2296 4894 ar-

734 4918 894 4974 tificia
919 4921 941 4974 ἲ

800 5061 843 5090 ²¹
876 5060 1108 5126 lsa,t.lx,
1144 5062 1192 5115 4.
1272 5065 1316 5096 "
1346 5061 1444 5119 lsa.
1465 5079 1636 5130 xuii,
1667 5063 1722 5120 6.

801 5219 913 5291 (27)
955 5221 1107 5274 Anno
1149 5220 1362 5291 imperii
1403 5224 1457 5285 9.,
1480 5222 1681 5277 Christi
1721 5222 1852 5288 492,
1884 5223 2294 5291 chirographum

729 5290 1083 5362 grofessionis
1137 5290 1270 5362 fidei
1289 5296 1354 5343 ah
1389 5293 1685 5362 Enpltemio
1732 5295 1834 5347 sibi
1863 5290 2074 5347 restitui
2109 5293 2293 5362 jussit.

725 5358 798 5410 ita
828 5359 1102 5413 Cedreuus
1135 5371 1188 5412 et
1231 5358 1546 5414 Theodorus
1592 5361 1784 5416 Lector
1819 5358 2123 5417 Col'lectrm:
2160 5363 2190 5412 Ι.
2230 5379 2288 5415 Il.

729 5424 858 5478 Dein
919 5429 1138 5502 liberum
1179 5433 1370 5502 cuique
1394 5433 1516 5486 fecit
1544 5447 1700 5499 quam
1734 5433 1894 5486 vellet
1928 5434 2181 5502 amplecti
2203 5448 2291 5486 se-

731 5505 892 5548 ctam.
927 5499 1178 5565 Evagrius
1214 5501 1344 5562 Lm,
1378 5518 1424 5555 c.
1461 5502 1550 5554 30.

805 5565 916 5639 (28)
948 5569 1243 5620 Com-ordat
1267 5585 1395 5639 “ms.
1448 5572 1713 5633 Graecum,
1743 5574 1852 5632 τοῖς
1903 5573 2065 5639 ἱεροῖς
2094 5571 2200 5624 τῶν
2233 5573 2292 5623 ὲν

729 5636 934 5709 Νςιαίᾳ
962 5639 1232 5709 Πατέρωνι
1260 5637 1362 5690 Sed
1385 5642 1664 5708 utrobique
1683 5643 1931 5694 mendum
1955 5636 1971 5691 ξ
2001 5644 2305 5709 legendum,

739 5725 760 5780 ι
790 5705 1008 5780 Patrum
1063 5710 1151 5774 qui
1200 5707 1534 5764 Chalcedone
1582 5705 1828 5776 fuerunt,
1883 5729 1900 5760 ι
1942 5721 2000 5764 ιιι
2028 5705 2308 5780 εὖίιυεηιία

734 5777 798 5827 de
836 5778 1024 5828 lara'.t.

821 5845 918 5875 ἠυξ

815 5875 918 5905 \-'-'I

873 5847 918 5901 5.3:
987 5846 1056 5898 lto
1103 5847 1378 5912 Accphalis
1412 5862 1588 5903 aetum
1638 5851 1702 5903 10
1746 5848 1964 5904 Januar.
2004 5851 2055 5904 in
2093 5847 2212 5901 Vita
2247 5848 2303 5901 S.

2410 4653 2502 4705 καὶ
2530 4652 2754 4721 δωρεαῖς
2789 4652 3158 4721 περιστέλλεις
3179 4690 3193 4714 ,
3217 4651 3246 4704 ὃ
3283 4653 3409 4719 περὶ
3433 4656 3527 4716 τὰς
3569 4656 3854 4724 ἀμόρφους
3888 4662 3983 4709 καὶ

2405 4753 2654 4814 ἁκαλλεῖς
2686 4752 2948 4818 ποιοῦσιν,
3006 4752 3305 4821 ἀλλοτρίοις
3336 4751 3651 4817 κοσμήμασι
3705 4749 3801 4799 καὶ
3851 4764 3982 4817 τεχ-

2405 4843 2641 4912 νάσμασι
2667 4861 2679 4903 ;

2396 5221 2620 5275 Joannis
2672 5222 2880 5274 Camilli
2922 5222 3051 5276 Bonl
3084 5238 3139 5275 η.
3165 5223 3198 5276 2
3222 5233 3274 5277 et
3305 5223 3356 5274 in
3405 5221 3515 5273 Vita
3546 5217 3602 5271 S.
3640 5216 3974 5285 Agathonis.

2395 5293 2671 5346 Cedrenus
2699 5293 3246 5346 scribitAnastasium
3290 5293 3456 5345 fuisse
3484 5291 3534 5340 in
3588 5289 3778 5340 haeresi
3818 5289 3974 5342 Ace-

2393 5363 2695 5430 phalorum,
2737 5375 2830 5415 seu
2882 5361 3295 5430 Synchytarum.
3359 5363 3486 5413 Acta
3535 5359 3694 5430 etiam
3737 5359 3969 5430 conciii

2391 5429 2842 5484 Chalcedonensis
2872 5429 3175 5484 authen’tica
3235 5441 3288 5483 et
3336 5431 3493 5482 altari
3524 5429 3695 5478 ablata
3738 5429 3972 5480 consci-

2391 5501 2532 5554 disse
2577 5510 2735 5567 atque
2761 5501 2868 5567 igni
2894 5500 3179 5554 tradidisse
3206 5502 3362 5555 docet
3393 5495 3721 5566 Nicephorus
3749 5496 3785 5546 l.
3840 5511 3967 5561 XVI,

2390 5585 2438 5624 c.
2463 5569 2552 5623 25.

2479 5640 2589 5704 (50)
2616 5639 2688 5690 Ita
2720 5639 2850 5703 pulsi
2883 5643 2934 5691 in
2958 5639 3204 5693 exsilium
3228 5639 3548 5706 patriarcha:
3571 5635 3970 5688 Constantino-

2408 5709 2627 5777 politani
2667 5707 2988 5782 Euphemins
3029 5719 3082 5782 et
3115 5707 3482 5782 Macedonius;
3517 5720 3741 5782 quorum
3773 5716 3931 5782 secta
3954 5737 3969 5748 -

2413 5776 2578 5839 tores,
2630 5779 2838 5839 exsilio,
2865 5778 3210 5840 relegatione,
3241 5778 3667 5830 accusatiOuibus
3731 5776 3969 5840 iniquis,

2412 5858 2500 5900 aut
2524 5849 2776 5900 honorum
2805 5846 3160 5910 publicatione
3181 5845 3356 5900 amicti
3389 5855 3531 5899 sunt.
