4128 6488
732 471 838 537 519

1935 455 2218 518 MENSIS
2257 446 2717 534 JANUABIUS.

3896 446 4009 512 520

725 594 873 649 enim
903 605 1040 660 epos
1068 598 1188 643 esse
1220 584 1336 638 solo
1373 579 1613 641 nomine,
1643 576 1860 647 quando
1893 577 2005 644 ipsa
2029 587 2187 627 sacra
2225 588 2310 629 re-
2340 619 2345 632 .

2453 572 2655 633 πίστεως
2679 567 2854 638 ἡδέως
2875 565 2974 628 τὰς
3023 562 3202 634 ψυχὰς
3233 560 3610 633 προησόμεθα,
3652 558 3754 613 κᾶν
3801 562 4010 621 αὐτοὺς

728 703 856 742 tera
882 683 1188 739 alliciuutur
1211 673 1586 732 contumelia?
1637 672 1744 726 Nos
1771 684 1901 740 ergo
1944 667 2058 739 (59)
2107 681 2311 736 nequa-

729 793 890 850 quam
921 774 1270 829 admittemus
1307 767 1510 838 aliquid
1541 765 1768 828 sentire,
1831 769 2040 814 tantum
2072 759 2226 813 abest
2255 767 2314 812 nt

729 874 933 928 dicere,
969 871 1112 936 quod
1131 865 1402 931 discrepet
1425 876 1454 913 a
1486 857 1695 912 sanctis
1713 866 1764 909 et
1789 852 2144 908 meumenicis
2174 866 2310 905 con.

728 965 891 1021 ciliis.
916 963 997 1016 Ex
1031 959 1226 1028 quibus
1273 957 1507 1024 primmn
1540 951 1752 1022 quidem
1787 957 2018 1028 ornatur
2054 944 2314 1000 trecentis

731 1060 920 1113 decem
954 1064 1008 1107 et
1035 1065 1158 1106 octo
1201 1048 1478 1110 Patribus,
1532 1045 1624 1114 qui
1668 1058 1792 1097 eum
1825 1024 2084 1095 adversus
2123 1037 2315 1091 Arium

736 1153 787 1205 iu
837 1157 1023 1202 sancto
1073 1142 1279 1210 Spiritu
1332 1137 1511 1192 Nicena
1540 1135 1946 1197 convenissent,
1981 1129 2317 1185 anathemati

727 1242 996 1294 miserum
1028 1234 1350 1300 subjiciunt,
1377 1239 1432 1284 et
1466 1245 1496 1284 a
1523 1243 1754 1297 corpore
1779 1222 2318 1279 abscindunteccle-

739 1331 980 1391 siastiro,
1013 1328 1338 1379 alien-antem
1376 1337 1406 1376 a
1463 1321 1640 1374 Patris
1667 1318 1900 1372 essentia
1941 1330 2087 1376 eum,
2116 1314 2207 1382 qui
2238 1321 2322 1368 est

741 1434 932 1476 natura
973 1419 1164 1481 Filius,
1205 1425 1258 1471 et
1318 1414 1747 1468 introduccntcm
1791 1411 2040 1480 dogmata
2081 1407 2254 1460 aliena
2289 1419 2320 1458 ιι

741 1526 887 1570 ret-ta
917 1515 1042 1568 fide.
1075 1512 1382 1566 Secundum
1409 1516 1588 1560 autem
1614 1502 1849 1571 impulsu
1883 1503 2066 1556 divino
2093 1511 2322 1566 congre-

743 1618 925 1678 gatum
954 1607 1237 1659 adversum
1273 1600 1680 1660 Macedoniam,
1711 1597 1802 1666 qui
1831 1596 1946 1661 ipse
1974 1607 2187 1662 quoque
2208 1605 2324 1645 sce-

745 1704 914 1756 lerate
951 1698 1274 1766 loqui-batur
1321 1695 1582 1748 adversus
1626 1691 1822 1743 bonum
1885 1686 2171 1753 Spiritum,
2199 1698 2321 1736 eum

747 1798 978 1852 abdicat.
1009 1792 1252 1846 Tertium
1293 1799 1471 1842 autem
1504 1787 1760 1838 adversus
1794 1779 2070 1851 profanam
2094 1787 2326 1833 etesse-

747 1891 1003 1946 crandam
1036 1887 1272 1954 linguam
1300 1880 1558 1944 Nestorii,
1584 1878 1673 1947 qui
1704 1878 1816 1944 ipse
1847 1889 2062 1944 quoque
2091 1871 2323 1926 absurda

2418 661 2484 730 δὴ
2513 662 2642 721 τοὺς
2693 658 2882 726 ἁγίους
2911 657 3112 718 τόπους
3147 655 3283 724 πυρὶ
3339 651 3669 721 θεασώμεθα
3708 651 4012 721 φθειρομέ-

2420 769 2561 814 νους.
2619 752 2683 802 Τί
2717 751 2826 820 γὰρ
2866 749 2929 820 δὴ
2985 751 3080 802 καὶ
3115 747 3312 814 ὄφελος
3363 745 3630 813 ὀνόματος
3657 744 3843 814 μόνου,
3875 745 4010 795 ὅταν

2421 844 2561 900 αὐτὰ
2596 843 2728 912 γοῦν
2757 845 2824 896 τὰ.
2856 842 2978 914 ἱερὰ
3009 842 3312 910 πράγματα
3326 835 3764 908 καθυϐρίζηταις
3792 836 3874 889 0-3
3910 836 4010 905 μὲν

2420 934 2514 993 οὖν
2539 938 2700 1008 ἡμεῖς
2735 935 2946 1005 ἀπᾷδον
2969 946 3021 986 τι
3053 933 3163 985 τῶν
3195 931 3478 1001 τεσσάρων
3509 929 3682 997 ἁγίων
3710 931 3802 981 καὶ
3824 930 4014 981 οἰκου-

2427 1030 2666 1103 μενικῶν
2695 1030 2931 1083 συνόδων
2958 1025 3252 1098 φρονῆσαι,
3284 1025 3415 1096 μὴτι
3443 1040 3505 1090 γε
3537 1024 3632 1076 καὶ
3662 1024 3839 1074 εἰπεῖν
3872 1022 4014 1082 ὅλως

2423 1124 2875 1198 παραδεξόμεθα·
2923 1115 3056 1191 ὦνὴ
3095 1120 3192 1191 μὲν
3255 1119 3446 1189 πρώτη
3500 1121 3610 1180 τοῖς
3672 1116 4014 1186 τριακοσίοις

2423 1222 2556 1275 δέκα
2594 1219 2686 1271 καὶ
2707 1214 2850 1269 ὀκτὼ
2868 1218 3159 1316 κοσμείῑι
3197 1212 3496 1282 Πατράσιν,
3534 1211 3581 1262 οῖ
3625 1210 3763 1260 κατὰ
3795 1210 4012 1279 Ἀρείου

2428 1317 2486 1367 ὲν
2523 1311 2662 1381 ἁγίῳ
2691 1309 2978 1379 Πνεύματι
3039 1304 3166 1374 πῖρὶ
3206 1305 3305 1374 τὴν
3355 1305 3593 1358 Νικαίαν
3637 1304 4013 1366 συνελθόντες,

2427 1404 2730 1474 ἁναθέματι
2755 1403 2845 1454 τὸν
2868 1399 3050 1453 ἄθλιον
3082 1398 3450 1452 ὑποϐάλλουσί
3478 1415 3536 1450 τε
3567 1399 3661 1450 καὶ
3692 1398 3782 1449 τοὶ
3806 1398 4014 1464 ἐγκλη-

2431 1497 2709 1553 σιαστικοῦ
2735 1495 2981 1563 σώματος
3008 1492 3426 1560 ἀποτέμνουσιν,
3463 1490 3851 1559 ἀλλοτριοῦντα
3913 1491 4017 1552 τῖς

2429 1592 2523 1645 τοῦ
2556 1590 2768 1661 Πατρὸς
2793 1586 2980 1648 οὐσίας
3006 1584 3098 1638 τὸν
3117 1585 3278 1653 φύσει
3312 1584 3462 1646 Υἱδν,
3496 1583 3588 1634 καὶ
3627 1584 3886 1652 ἀλὶὸτρια
3913 1583 4017 1646 ti;

2432 1681 2621 1750 ὑγιοῦς
2656 1681 2893 1741 πίστεως
2923 1677 3345 1746 δογματίζοντα.
3386 1675 3449 1729 'll
3509 1675 3737 1744 δευτέρα
3789 1675 3843 1726 δὲ
3873 1678 4018 1726 κατὰ

2440 1770 2782 1825 Μακεδονίου
2811 1769 3141 1838 θεοκινὴτως
3172 1767 3642 1838 συναθροισθεῖσα,
3678 1765 3898 1836 πονηρέ
3924 1769 4018 1818 καὶ

2437 1864 2599 1919 αὐτὸν
2635 1863 2776 1917 κατά
2799 1861 2892 1915 τοῦ
2930 1860 3137 1928 ἀγαθοῦ
3170 1860 3547 1928 φθεγγόμενον
3578 1857 3890 1927 πνῖύμλτος
3922 1860 4018 1909 έκ-

747 1995 866 2038 erat
913 1981 1126 2033 locutus
1160 1977 1422 2028 adversus
1450 1969 1653 2024 Christi
1696 1967 1871 2023 carnis
1907 1975 2172 2033 susceptae
2199 1976 2330 2015 eon-

2453 1956 2717 2026 ιηρύττει.
2756 1955 2865 2007 Καὶ
2890 1955 2923 2024 ἡ
2953 1953 3114 2023 τρίτη
3154 1953 3210 2004 δὲ
3244 1954 3382 2004 κατὰ
3431 1951 3730 2022 Νεστορῖου
3787 1953 3884 2018 τῆς
3923 1951 4019 2018 βξ-

750 2079 951 2137 silium,
996 2070 1219 2140 pulchre
1263 2065 1460 2134 Ephesi
1517 2062 1790 2116 convenit.
1850 2056 1978 2111 Post
2015 2056 2150 2120 haec,
2186 2055 2326 2121 quod

753 2169 1041 2224 fuitetiam
1069 2161 1408 2218 Chalcedone
1441 2165 1819 2210 sescentorum
1843 2161 1897 2204 et
1929 2149 2144 2218 triginta
2196 2147 2331 2200 divi-

755 2279 944 2318 norum
979 2259 1193 2312 Patrum
1242 2270 1257 2306 :
1291 2251 1382 2320 qui
1439 2264 1561 2302 cum
1602 2248 1766 2302 etiam
1795 2259 1858 2298 ea
1894 2245 2181 2306 dixissent,
2213 2255 2331 2310 qum

759 2353 1148 2410 conveniebant
1189 2343 1486 2416 prioribus,
1525 2350 1578 2394 et
1607 2355 1727 2407 qua:
1767 2339 1840 2392 illi
1868 2334 2335 2397 dixerant,adhuc

757 2447 1068 2501 accuratius
1097 2440 1491 2508 exposuissent,
1541 2431 1814 2487 infelicem
1839 2439 1892 2483 et
1939 2426 2332 2483 exsecrandum

758 2539 1054 2610 Eutychem
1103 2550 1207 2586 una
1251 2544 1371 2582 cum
1420 2525 1668 2582 Nestorio
1697 2521 2075 2576 abscindunta
2110 2531 2336 2587 corpore

758 2607 1040 2693 Ecclesia),
1082 2633 1138 2680 et
1188 2624 1344 2676 fidem
1364 2621 1687 2675 continuant
1716 2611 2065 2684 apostolicam
2100 2620 2188 2662 :et
2215 2607 2338 2676 qui-

761 2737 975 2792 cunque
1008 2735 1118 2772 non
1179 2717 1249 2769 ita
1298 2711 1586 2774 sentiebat,
1627 2710 1924 2762 decernunt
1954 2717 2075 2756 esse
2105 2702 2338 2754 alienum

762 2819 829 2870 ab
861 2813 1124 2868 Ecclesia.
1180 2807 1456 2861 Adversus
1489 2803 1603 2856 haec
1633 2808 1689 2854 et
1730 2798 1866 2868 ignis
1916 2795 2263 2854 accendatur.
2287 2802 2342 2846 et

763 2906 912 2961 ensis
945 2910 1192 2963 acuatur,
1230 2909 1284 2950 ct
1319 2908 1465 2948 mors
1491 2904 1708 2962 quoque
1742 2887 1901 2942 nobis
1935 2886 2128 2939 acerba
2148 2882 2343 2937 affera-

769 3011 875 3064 tur,
907 2997 1017 3049 imo
1054 3006 1202 3055 vero,
1235 2989 1277 3042 si
1310 2988 1423 3040 fieri
1484 2983 1676 3054 possit,
1713 2995 1810 3050 pro
1836 2995 1942 3032 una
1976 2977 2346 3030 innumerabi—

766 3092 872 3150 les;
905 3103 1002 3140 nos
1030 3100 1156 3137 vero
1191 3093 1460 3149 nunquam
1481 3075 1770 3145 prodemus
1795 3085 1980 3125 veram
2007 3069 2342 3139 religionem,

771 3197 945 3252 neque
974 3195 1061 3242 ea,
1094 3192 1211 3246 quae
1248 3181 1395 3228 recte
1425 3171 1744 3240 placuerunt
1777 3164 2054 3227 Patribus,
2087 3177 2150 3216 ea
2183 3163 2343 3215 abro-

2435 2050 2600 2120 6ήλου
2659 2047 2908 2116 γλώττης
2939 2047 3034 2098 καὶ
3097 2045 3300 2114 μιαρᾶς
3331 2044 3508 2096 ἄτοπα
3546 2046 3639 2094 καὶ
3675 2043 3839 2096 αὐτοῦ
3877 2045 4022 2095 κατὰ

2434 2145 2532 2213 τῆς
2586 2140 2898 2209 οἰκονομίας
2950 2136 3190 2208 Χριστοῦ
3252 2135 3632 2205 φθεγξαμένου
3692 2138 3748 2188 ἐν
3803 2135 4023 2203 Ἐιρέσερ

2435 2237 2617 2299 καλῶς
2649 2233 3028 2303 συνελήλυθεν.
3075 2231 3198 2284 Ἐπὶ
3239 2229 3445 2293 τούτοις
3482 2232 3574 2281 καί
3605 2233 3638 2298 ἡ
3675 2232 3733 2282 ὲν
3793 2230 4020 2296 Καλχη-

2435 2331 2546 2383 δόνι
2603 2328 2712 2381 τῶν
2755 2325 3054 2393 ἑξακοσίων
3084 2325 3379 2394 τριάκοντα
3413 2322 3689 2394 θεοφόρων
3737 2323 4026 2393 Πατέρων,

2437 2416 2486 2470 οἳ
2510 2417 2602 2469 καὶ
2640 2416 2792 2467 αὐτοὶ
2843 2413 3052 2482 συνῳδὰ
3080 2415 3193 2474 τοῖς
3225 2413 3592 2483 προλαόοῦσιν
3617 2414 3891 2476 εἰπόντες,
3928 2416 4027 2463 καὶ

2439 2510 2509 2562 τὰ
2545 2507 2768 2560 ἐκείνων
2803 2506 2880 2558 ἔτι
2915 2505 3410 2575 ὲξακριϐὠσαντες,
3453 2507 3667 2576 Εὐτυχῆ
3711 2506 3799 2557 τὸν
3850 2506 4028 2574 ἀτυχῆ

2442 2600 2537 2652 καὶ
2550 2599 2927 2652 κατάπτυστον
2954 2599 3066 2665 Ξμα
3090 2595 3370 2666 Νεστορίῳ
3387 2594 3481 2648 τοῦ
3507 2596 3653 2664 ἱεροῦ
3677 2597 3772 2665 τῆς
3793 2597 4033 2665 Ἐκκλη-

2444 2689 2564 2754 σίας
2593 2690 2918 2742 ἐκκόπτουσι
2954 2687 3226 2757 σώματος,
3253 2687 3352 2757 τὴν
3391 2689 3758 2759 ὰποστολιχὴν
3797 2707 3854 2740 τε
3906 2689 4030 2742 δια-

2444 2782 2770 2852 κρατύνουσι
2801 2781 3007 2844 πίστιν,
3026 2781 3119 2833 καὶ
3142 2780 3319 2833 πάντα
3349 2781 3440 2833 τὸν
3486 2782 3559 2852 μὴ
3592 2783 3732 2834 οὕτω
3766 2799 4031 2852 φρονοῦν-

2446 2892 2515 2928 τα
2554 2875 2702 2939 ξένον
2735 2870 2872 2926 εἶναι
2895 2874 2991 2942 τῆς
3010 2871 3339 2941 Ἐκκλησίας
3354 2874 3591 2943 Χριστοῦ
3621 2873 4030 2940 δογματίζουσι.

2449 2968 2592 3036 Πρὸς
2633 2967 2806 3019 ταῦτα
2837 2967 2930 3018 καὶ
2966 2966 3077 3035 πῦρ
3109 2966 3387 3028 ἁπτέσθω,
3427 2966 3519 3018 καὶ
3550 2965 3701 3034 ξίφος
3754 2965 4033 3034 θηγὲσθω,

2448 3059 2742 3127 ὲπαγέσθω
2779 3058 2850 3127 ίδὲ
2891 3060 2986 3110 καὶ
3045 3061 3072 3111 ὁ
3128 3060 3323 3128 πικρὸς
3382 3057 3505 3109 καθ’
3563 3058 3720 3126 ἡμῶν
3781 3059 4034 3121 θάνατος,

2458 3153 2660 3223 μᾶλλον
2689 3151 2745 3204 δὲ
2776 3149 2891 3202 ἀνθ’
2951 3151 3089 3215 ἑνὸς,
3143 3148 3206 3203 ἂν
3281 3149 3555 3219 ἐγχωροῦν
3708 3150 3889 3218 μυρίοι
3915 3167 3927 3177 ·
3965 3151 4038 3210 ὡς

770 3241 946 3346 gaude
963 3241 1160 3340 probro
1176 3266 1496 3320 afﬁciemus.
1525 3261 1717 3315 'l‘estes
1743 3261 1851 3313 sint
1879 3270 2066 3310 eorum
2089 3253 2339 3314 sudores,

2453 3244 2635 3298 οὔποτ’
2673 3244 2738 3297 ἂν
2775 3241 3060 3314 προδῶμεν
3115 3242 3279 3310 ἡμεῖς
3332 3242 3429 3310 τὴν
3483 3242 3785 3306 εὐσέϐειαν,
3819 3243 3939 3294 οὐδὲ
3975 3245 4038 3292 τὰ

772 3384 909 3437 quos
939 3380 1034 3432 pro
1069 3361 1171 3416 fide
1221 3365 1596 3426 susceperunt,
1640 3360 1693 3404 et
1722 3351 1902 3404 multa:
1953 3346 2346 3402 dimicationes.

775 3435 881 3514 Sed
907 3475 966 3509 «ιιι
1014 3455 1308 3507 manebunt
1352 3449 1503 3500 lirma
1529 3454 1581 3498 et
1613 3441 1932 3503 immobilia,
1965 3449 2018 3492 et
2066 3435 2204 3506 apud
2234 3449 2352 3499 nos,

775 3560 828 3605 et
851 3549 989 3616 apud
1020 3561 1137 3607 ρος,
1172 3556 1306 3610 quos
1340 3540 1419 3592 fas
1457 3545 1542 3592 est
1565 3545 1618 3589 et
1653 3533 1816 3587 Deum
1847 3540 1902 3583 et
1930 3544 2027 3583 nos
2050 3526 2222 3595 sequi.
2246 3525 2352 3577 Pax

779 3649 956 3694 autem
993 3638 1105 3701 Dei,
1138 3650 1259 3703 quae
1289 3640 1511 3701 superat
1537 3641 1753 3683 omnem
1782 3633 2042 3687 mentem,
2077 3621 2149 3674 sit
2172 3627 2355 3673 custos

777 3747 830 3790 ct
865 3736 966 3788 dux
1005 3740 1108 3784 tua:
1139 3727 1417 3798 potentire.

853 4005 942 4059 50.
999 4002 1134 4055 Cum
1186 3999 1327 4052 hanc
1373 3998 1667 4065 imperator
1716 3990 2012 4060 accepisset
2051 3985 2358 4058 epistolam,

785 4099 1003 4152 mittens
1027 4104 1080 4149 et
1102 4096 1206 4148 vim
1238 4091 1456 4154 alferre,
1488 4098 1543 4142 et
1577 4086 1759 4141 conari
1790 4081 2137 4154 persuadere,
2172 4094 2230 4134 se
2259 4095 2360 4146 po-

788 4192 901 4242 tius
966 4187 1310 4245 submittens,
1340 4193 1630 4250 aggressus
1662 4188 1745 4231 est
1790 4189 1847 4230 se
1892 4175 1956 4228 de
1986 4173 2051 4226 iis
2079 4184 2361 4233 excusare,

785 4289 1016 4344 quorum
1063 4270 1438 4332 accusabatur,
1473 4276 1528 4320 et
1577 4267 1655 4320 sic
1690 4262 1994 4332 composuit
2037 4258 2360 4328 epistolam:

787 4369 955 4438 Hujus
999 4363 1400 4424 innovatimiis,
1456 4374 1489 4413 ο
1537 4360 1697 4413 homo
1733 4356 1864 4420 Dei,
1898 4368 1996 4408 nos
2031 4365 2135 4405 non
2179 4365 2366 4406 sumus

789 4471 1058 4514 auctores.
1113 4456 1330 4510 Testem
1363 4452 1699 4508 conﬁdenter
1751 4449 2086 4509 invocamus,
2130 4444 2218 4514 qui
2251 4458 2367 4496 om-

790 4553 879 4604 nia
938 4549 1134 4611 cernit,
1203 4545 1297 4599 Dei
1360 4541 1576 4599 oculum
1631 4540 1777 4592 :sed
1832 4534 2047 4590 abillis
2081 4533 2255 4586 oritur
2281 4530 2368 4584 hic

2456 3339 2636 3400 καλῶς
2675 3337 2903 3400 δόξαντα
2944 3339 3054 3398 τοῖς
3099 3335 3345 3404 Πατράσι
3387 3333 3482 3402 ,τῷ
3523 3334 3736 3387 ἀθετεῖν
3771 3335 4039 3403 ἀτιμὰςο-

2461 3451 2580 3502 μεν.
2611 3431 2684 3484 Ού
2719 3431 2797 3500 μὰ
2830 3429 2955 3492 τοῦς
2981 3430 3123 3499 ὑπὲρ
3152 3429 3250 3497 τῆς
3284 3428 3515 3491 πίστεως
3544 3429 3725 3482 αὐτῶν
3784 3430 4037 3494 ἱδρῶτας.

2459 3523 2555 3576 καὶ
2623 3523 2692 3573 τὰ
2747 3520 2918 3572 πολλὰ
2961 3521 3282 3588 σκάμματα,
3326 3519 3464 3571 ἀλλὰ
3518 3522 3668 3587 μενεῖ
3711 3519 3883 3572 ταῦτα
3949 3522 4041 3572 καί

2462 3615 2591 3687 παρ’
2626 3617 2756 3682 ἡμῖν
2779 3612 2874 3664 καὶ
2908 3613 3036 3682 παρ’
3073 3607 3151 3673 οἷς
3186 3613 3330 3664 ὅσιον
3368 3612 3680 3664 ἀκολουθεῖν
3713 3612 3831 3680 Θεῷ
3863 3629 3920 3664 τε
3954 3616 4045 3663 καί

2461 3710 2591 3778 ἡμῖν
2621 3707 2873 3774 ἀκίνητα.
2923 3705 2988 3756 '[l
3020 3705 3076 3755 δὲ
3104 3706 3290 3774 εἰρήνη
3346 3703 3438 3756 τοῦ
3474 3704 3606 3756 Θεοῦ
3637 3707 3668 3773 ἡ
3699 3705 4044 3772 ὑπερέχουσι

2463 3799 2641 3852 πάντα
2690 3795 2812 3850 νοῦν
2876 3793 3050 3864 φύλαξ
3115 3796 3199 3864 εἴη
3258 3795 3352 3847 καὶ
3409 3795 3596 3863 ὁδηγος
3651 3795 3745 3847 τοῦ
3808 3797 4046 3861 κράτους

2465 3909 2579 3945 σου.

2537 3991 2599 4037 ν’.
2633 3983 2848 4053 Ταύτην
2900 3982 3190 4052 δεξάμενος
3223 3985 3249 4035 ὁ
3303 3982 3552 4052 βασιλεὺς
3588 3983 3686 4051 τὴν
3731 3983 4046 4048 ἐπιστολὴν,

2467 4076 2626 4137 εὐθὺς
2656 4075 2785 4143 γοῦν
2823 4076 2882 4126 τὸ
2919 4075 3200 4143 βιάζεσθαι
3259 4077 3355 4127 xa‘t
3397 4078 3456 4128 τὶ
3495 4076 3789 4144 πειρᾶσθαι
3836 4079 4050 4128 πείθειν

2467 4169 2646 4237 ἀφεὶς,
2699 4169 2779 4229 εἰς
2813 4168 3108 4233 ἀπολογίαν
3148 4168 3347 4236 μᾶλλον
3410 4169 3495 4220 διὰ
3541 4170 3763 4237 Γραφῆς
3803 4170 3949 4238 ὑπὲρ
3979 4165 4049 4221 ὧν

2467 4263 2654 4333 ᾐτιᾶτο
2684 4261 2946 4329 πρότερον
2992 4260 3304 4328 ὑφειμένως
3335 4260 3552 4329 ἐχώρει,
3595 4262 3686 4312 καὶ
3743 4260 3886 4312 οὕτω
3938 4278 4052 4322 πως

2472 4351 2760 4403 συνέταττε
2792 4349 2888 4419 τὴν
2925 4349 3236 4418 ἐπιστολήν.
3267 4349 3380 4418 Τῆς
3419 4349 3768 4419 καινοτομίας
3821 4351 4050 4418 ταύτης.

2467 4437 2514 4497 ὦ
2545 4440 2796 4512 ἄνθρωπε
2827 4439 2921 4493 τοῦ
2974 4439 3132 4502 Θεοῦ,
3167 4440 3265 4510 οὐχ
3308 4441 3470 4510 ἡμεῖς
3526 4439 3735 4493 αἴτιον·
3799 4443 4054 4510 μάρτυρι

2473 4532 2800 4605 θαρροῦντες
2851 4531 3260 4601 ἐπικαλούμεθα
3293 4532 3385 4583 τὸν
3426 4531 3600 4584 πάντα
3634 4531 3908 4599 βλέποντα
3965 4533 4053 4585 το]

793 4651 988 4705 motus,
1019 4655 1179 4709 quos,
1227 4638 1346 4709 plus
1377 4648 1541 4706 quam
1597 4633 1709 4697 alii,
1748 4631 2034 4703 Oportebat
2057 4628 2174 4681 haec
2199 4627 2345 4679 hono

2475 4623 2608 4677 Θεοῦ
2638 4623 2914 4692 ὀφθαλμόν
2938 4639 2951 4652 ·
2991 4622 3128 4675 ἀλλὰ
3157 4623 3287 4693 παρ’
3312 4623 3534 4675 ἐκείνων
3564 4625 3597 4693 ἡ
3629 4622 3836 4675 τούτων
3897 4625 4050 4690 κίνη-

793 4746 914 4786 rare
987 4730 1224 4785 silentio.
1310 4727 1462 4781 Nune
1548 4735 1726 4779 autem
1814 4723 2094 4791 cupientes
2171 4715 2366 4785 singuli

792 4825 952 4893 primi
1013 4823 1185 4878 videri
1239 4830 1294 4876 et
1345 4819 1557 4876 dicendi
1624 4816 1880 4872 facultate
1941 4824 1995 4869 et
2058 4813 2366 4882 dignitate,

795 4921 1002 4984 seipsos
1047 4916 1292 4977 feriunt,
1351 4923 1406 4969 et
1456 4928 1553 4967 nos
1592 4913 1656 4965 ad
1701 4925 1760 4965 se
1808 4908 2036 4963 invicem
2069 4905 2368 4959 attrahunt.

792 5010 930 5076 Quid
979 5023 1075 5062 nos
1105 5022 1231 5076 ergo
1287 5007 1430 5059 aliud
1479 5013 1689 5073 oportet
1737 5003 1932 5067 facere,
1971 5015 2155 5069 quam,
2189 5001 2312 5053 dum
2339 4997 2374 5052 ii

797 5109 1102 5164 moventur,
1162 5111 1261 5151 nos
1320 5111 1424 5150 non
1475 5096 1634 5149 simul
1691 5093 1925 5155 moveri,
1979 5091 2070 5145 sed
2137 5093 2370 5158 quietem

795 5192 1046 5262 amplecti
1082 5207 1098 5244 :
1148 5198 1205 5244 ut
1235 5190 1314 5244 sic
1344 5188 1670 5258 persuadere
1722 5187 1990 5254 possimus
2036 5185 2136 5247 eis,
2167 5185 2255 5252 qui
2290 5182 2376 5235 hie

797 5300 1016 5350 movere
1072 5283 1384 5346 statuerint,
1435 5279 1657 5334 dimissa
1713 5279 1805 5332 tali
1858 5278 2227 5338 contentione,
2266 5293 2367 5328 una

801 5374 1082 5428 nobiscum
1115 5369 1431 5441 quiescere?
1471 5368 1704 5422 Omnino
1738 5368 1880 5420 enim
1921 5374 2066 5420 tuam
2098 5381 2204 5419 non
2245 5366 2372 5418 latet

799 5463 1230 5533 pietatem,quod
1245 5461 1464 5532 quidam
1496 5459 1740 5515 monachi
1761 5458 2027 5521 etclerici,
2050 5459 2139 5527 qui
2170 5466 2370 5511 rectam

802 5557 923 5610 tidei
957 5553 1058 5609 sibi
1115 5553 1390 5608 vindicant
1419 5555 1758 5616 sententiam,
1811 5552 1921 5605 hmc
1964 5565 2177 5605 movere
2225 5566 2372 5606 scano

873 5715 984 5786 (σε)
1016 5715 1069 5773 S.
1107 5714 1274 5770 Salyas
1303 5715 1354 5767 iu
1381 5727 1476 5767 sua
1497 5784 1503 5786 Α
1527 5714 1597 5786 ad
1628 5714 1860 5786 iuniperat
1893 5711 2116 5783 epistola
2165 5725 2178 5764 ι
2221 5729 2237 5760 ι
2276 5709 2385 5764 Nos

805 5783 930 5854 ergo
966 5783 1081 5839 nec
1128 5787 1392 5854 patiemur
1440 5784 1638 5851 aliquid
1672 5783 1815 5837 aliud
1850 5786 2049 5839 addere
2089 5793 2282 5854 preter
2312 5797 2372 5834 ea

805 5850 922 5924 qua:
958 5850 1171 5910 decreta
1202 5864 1324 5906 sunt
1356 5871 1380 5906 a
1430 5850 1688 5908 trecentis
1737 5856 1918 5907 decem
1945 5865 1997 5906 et
2048 5863 2170 5906 octo
2203 5850 2375 5906 Patri-

806 5923 907 5980 [υς
946 5931 1032 5995 qui
1086 5925 1303 5981 fuerunt
1365 5923 1588 5990 [Vica-tr,
1648 5935 1702 5978 ct
1753 5925 1957 5986 tribus,
2016 5938 2133 5991 quae
2194 5930 2378 5992 postea

2478 4736 2560 4781 σις
2587 4716 2679 4780 οὓς
2730 4716 2838 4769 ἔδει
2877 4716 3078 4785 μᾶλλον
3110 4716 3218 4768 τῶν
3242 4715 3416 4769 ἄλλων
3459 4718 3635 4784 σιωπῇ
3660 4716 3837 4768 ταῦτα
3869 4712 4055 4786 τιμᾷν.

2478 4811 2593 4863 Νῦν
2628 4810 2684 4862 δὲ
2741 4810 3060 4879 ὀρεγόμενοι
3091 4808 3187 4860 τοῦ
3223 4808 3437 4875 πρῶτος
3473 4807 3653 4859 αὐτῶν
3704 4807 3943 4870 ἕκαστος
3973 4810 4059 4861 ὃν·

2481 4907 2640 4974 νὰμει
2667 4921 2724 4956 τε
2755 4904 2914 4970 λόγου
2947 4904 3042 4955 καὶ
3070 4900 3340 4971 ἀξιώματι
3374 4901 3678 4969 φαίνεσθαι,
3714 4902 3987 4969 ἀλλήλους
4008 4920 4058 4952 τε

2484 4990 2756 5066 βάλλουσι,
2790 4995 2882 5048 καὶ
2908 4995 3056 5064 ἡμᾶς
3083 4995 3220 5059 πρὶς
3251 4993 3471 5054 ἑαυτοὺς
3500 4992 3846 5046 ἁνθέλκουσι.
3877 4993 3943 5044 ΤΞ
3977 4993 4062 5046 ιὶν

2481 5089 2668 5158 ἓτερον
2699 5089 2845 5158 ἡμᾶς
2889 5088 2994 5158 χρὴ
3030 5087 3224 5149 ποιεῖν,
3262 5084 3294 5155 ἦ
3345 5084 3552 5146 τούτοις
3606 5088 3960 5155 κινοάμένοις
3995 5089 4063 5155 μὴ

2486 5179 2890 5248 συγκινεῖσθαι,
2940 5178 3076 5231 ἀλλὰ
3123 5177 3220 5247 τὴν
3271 5178 3496 5246 ἡσυχίαν
3551 5176 3941 5240 ἀδπάξεσθαιί
4003 5179 4064 5228 ἴθ’

2482 5273 2626 5326 οὕτω
2656 5275 2840 5323 πεῖσαι
2875 5270 3192 5340 δυνηθῶμεν
3225 5271 3316 5321 καὶ
3354 5271 3478 5332 τοῦς
3507 5269 3679 5321 ταῦτα
3718 5275 4065 5340 προειρημέ-

2478 5384 2599 5428 νους
2631 5369 2818 5429 κινεῖν,
2851 5363 3155 5434 ἀφεμένους
3201 5362 3455 5431 τοιαύτης
3495 5363 3810 5432 ὲρεσχελίας
3845 5363 3974 5416 νοῦν
4000 5367 4061 5431 ἡ·

2483 5458 2736 5529 συχὰζειν
2769 5460 2920 5528 ἡμῖν.
2947 5458 3172 5520 Πάντως
3203 5458 3308 5528 γὰρ
3338 5459 3437 5510 οὐκ
3488 5457 3682 5526 ἄδηλον
3709 5459 3879 5511 τοῦτο
3910 5463 3972 5528 τῇ
4002 5462 4063 5527 τῇ

2484 5552 2786 5622 θεοσεόείᾳ,
2817 5551 2890 5614 ὡς
2935 5551 3157 5621 μοναχοί
3183 5568 3327 5614 τινες
3345 5554 3438 5603 καὶ
3469 5552 3720 5620 κληρικοὶ
3751 5553 4067 5621 ὀρθοόοξίας

2489 5719 2798 5791 consecutae
2862 5719 3030 5791 sunt,
3091 5711 3339 5791 synodis,
3399 5725 3495 5791 nec
3551 5711 3857 5779 quidquam
3920 5713 4070 5764 aliter

2489 5783 2751 5860 innovare
2769 5799 2789 5860 ;⁵
2819 5783 2912 5860 sed
2951 5798 3156 5860 pronets
3187 5784 3349 5835 etiam
3387 5784 3595 5834 anilitas
3629 5785 3989 5849 profundere,
4022 5795 4069 5833 et

2489 5853 2934 5930 innumerabiles,
2969 5855 3011 5907 si
3043 5853 3158 5907 fieri
3186 5857 3373 5921 possit,
3425 5863 3624 5905 mortes
3653 5855 3837 5920 parati
3892 5870 4022 5908 smn
4053 5870 4071 5903 s

2489 5935 2779 5989 suscipere.
2813 5943 2829 5972 ι
