4128 6488
127 400 215 467 521
1125 396 1253 457 VIT
1266 398 1305 454 θι
1344 396 1404 457 S.
1446 395 1702 456 THEUD

1811 396 1863 455 [Ι
1904 395 2506 459 C(ENOBIARlJlLE.

3281 400 3383 459 529

121 510 269 577 δῆθεν
299 504 767 574 άντιπυιούμενιι,
789 502 857 556 τὰ
882 501 1104 557 τοιαῦτα
1151 503 1426 557 σκάνδαλα
1458 522 1694 572 κεκινη-

1811 505 2184 574 Julu,seipsos,
2216 504 2842 567 utilixiznus,studentcs
2866 508 3153 563 ostendere
3185 510 3388 576 primas

123 621 292 665 κασιν,
320 602 552 663 ἑαυτοὺς
583 600 755 666 δεῖξαι
784 600 1196 664 σπουδάζοιτες,
1229 599 1416 669 ῶσπερ
1467 602 1699 670 ἔφημεν,

123 695 440 763 ἐπειλῆςθαι
469 693 580 746 τῶν
626 693 912 763 πρωτείων
938 694 996 744 ἐν
1023 692 1100 761 τῷ
1136 692 1311 745 ταῦτα
1344 693 1567 753 εἰδέναι,
1610 697 1703 745 καὶ

121 788 169 838 τὸ
192 786 501 857 μυστήριον
532 786 634 837 καὶ
677 783 776 854 τὴν
820 783 1006 835 πίστιν
1058 786 1171 845 τοῖς
1226 783 1492 852 στόμασιν
1522 784 1701 837 αὐτῶν

122 881 457 951 περιφέρειν.
510 880 690 946 Ἀπερ
750 876 1062 949 ἀνθρώποις
1116 877 1485 947 ἀκατάληπτα
1549 877 1700 937 5m,

122 974 261 1025 οὐδὲν
298 972 493 1039 ἕτερον
528 970 562 1035 ἧ
612 968 852 1038 ψεύστας
899 969 1141 1032 ἐκείνους
1196 974 1291 1021 καὶ
1358 970 1700 1035 συκοφάντας

122 1064 598 1118 ἀποδεικνύουσιν
648 1063 772 1117 ὅθεν
801 1067 893 1116 καὶ
951 1063 1161 1133 μεγάλη
1217 1065 1349 1134 ἡμῖν
1402 1063 1510 1115 απὸ
1567 1062 1700 1114 Θεοῦ

118 1158 516 1227 ἀγανάκτησις,
559 1157 678 1210 ἀνθ’
732 1149 807 1211 ὧν
839 1155 1136 1225 νομίζομεν
1175 1156 1235 1207 τὸ
1285 1157 1605 1225 μυστήριον,
1642 1156 1703 1209 ού

124 1251 419 1318 μυστήριον
462 1245 626 1313 εἶναι,
668 1248 789 1300 οὐδὲ
826 1250 917 1301 καὶ
974 1251 1039 1301 ὲκ
1088 1248 1327 1312 πίστεως
1373 1251 1703 1303 συνεστάναι

124 1343 303 1412 μόνης,
340 1342 458 1393 ἀλλ’
498 1340 555 1406 ἐξ
588 1341 807 1393 ἀτόπων
838 1341 1139 1412 φλυαριῶν,
1172 1341 1266 1395 καὶ
1290 1341 1704 1411 κατηγοροῦμεν

120 1434 215 1485 τῶν
234 1433 572 1498 διδαξάντων
625 1435 774 1503 ἡμᾶς
807 1432 988 1485 πίστει
1020 1434 1116 1487 καὶ
1150 1434 1437 1505 μυστηρίῳ
1471 1434 1540 1487 τὰ
1585 1434 1703 1485 Οεϊα

124 1527 392 1581 σέϐεσθαι.
437 1526 871 1593 Ύπερεύξασθαι
900 1525 993 1579 οὖν
1036 1528 1135 1595 τῆς
1184 1525 1514 1598 Ἐκκλησίας
1544 1526 1705 1597 εἴπερ

124 1619 238 1671 ποτὲ
274 1621 375 1671 καὶ
426 1618 522 1671 νῦν
567 1621 714 1690 ἡμᾶς
745 1621 871 1690 χρὴ,
928 1618 1337 1688 φιλανθρώποις
1366 1621 1579 1689 ὄμμασι
1615 1620 1705 1671 τὸν

122 1710 241 1762 θεὸν
274 1710 598 1780 ἐπιϐλέψαι,
631 1713 725 1765 καί
748 1712 971 1781 εἰρήνην
998 1714 1118 1774 ταῖς
1151 1711 1507 1781 Ἐκκλησίαις
1542 1711 1705 1763 αὑτοῦ

125 1801 421 1869 βραϐεῦσαι
473 1802 662 1866 κακῶς
711 1803 855 1856 οὕτω
902 1803 1259 1874 διῃρημέναις
1305 1803 1395 1855 διὰ
1463 1805 1561 1873 τὴν
1599 1805 1704 1857 τῶν

124 1896 401 1967 προέδρων
447 1895 628 1949 αὐτῶν
680 1897 1111 1967 «postiemum
1138 1897 1195 1950 δὲ
1240 1898 1520 1951 σταλεῖσαι
1571 1899 1702 1969 παρ’

1811 1892 2046 1946 libenter
2070 1892 2409 1961 suscepimus
2451 1909 2465 1943 :

124 1987 261 2055 ὑμῶν
302 1989 552 2057 εὐλογίαι
578 1989 748 2060 ἡδέως
783 1989 923 2056 ἄγαν
953 1991 1086 2060 ἡμῖν
1114 1990 1435 2060 ἐδέχθησαν,
1478 1994 1570 2043 καὶ
1601 1994 1701 2061 τὴν

124 2080 393 2151 ἡμετέραν
425 2082 753 2151 προαίρεσιν
795 2082 944 2144 ὅπως
993 2082 1105 2150 ἔχει
1166 2082 1587 2150 ἀναγγέλλουσιν
1644 2083 1693 2135 οἱ

125 2174 242 2240 παρ’
292 2174 457 2241 ὑμῶν
519 2174 921 2241 ἀπεσταλμένοι
976 2173 1225 2236 εὐλαϐεῖς
1253 2175 1498 2245 μοναχοί.
1542 2194 1558 2224 ι
1591 2176 1700 2227 Καὶ

123 2263 254 2315 οἱτω
288 2265 397 2333 μὲν
419 2266 453 2333 ἡ
488 2264 770 2333 επιστολή.

182 2354 283 2409 να⁹.
324 2356 493 2408 Ἀλλὰ
509 2356 601 2409 τὸν
615 2357 787 2409 ταῦτα
818 2358 1102 2427 γράψαντα
1125 2357 1350 2429 βασιλέα
1377 2358 1470 2411 καὶ
1494 2362 1692 2429 μτκρὸν

128 2449 235 2500 τότε
267 2452 373 2519 τῆς
404 2450 605 2519 μανίας
660 2449 1013 2514 ἐνδεδωκότα,
1062 2452 1337 2521 στήσαντα
1385 2452 1441 2503 δὲ
1478 2453 1571 2503 καὶ
1607 2452 1701 2503 τὸν

126 2541 258 2591 κατὰ
288 2542 393 2609 τῆς
422 2540 590 2611 ὀρθῆς
619 2542 800 2611 δόξης,
836 2544 1041 2613 μᾶλλον
1089 2543 1147 2596 δὲ
1181 2545 1319 2596 κατὰ
1364 2543 1465 2613 τῆς
1504 2544 1697 2596 ἑαυτοῦ

126 2633 364 2701 κεφαλῆς
393 2633 654 2703 πέλεμοεο,
679 2636 742 2686 οὗ
773 2635 908 2687 πολὺ
934 2634 995 2689 τὸ
1024 2637 1083 2687 έν
1124 2636 1277 2705 μέσῳ
1318 2634 1411 2687 καὶ
1442 2636 1699 2704 μετάνοια

125 2725 392 2793 λαμϐάνει
440 2726 623 2797 δεινή·
703 2728 796 2781 καὶ
854 2724 1163 2799 καθαὲιερεὶ
1230 2728 1697 2799 μεταμεληθέντα,

124 2818 167 2867 εἰ
195 2818 292 2868 καὶ
318 2818 522 2886 μικρὸν
572 2817 710 2881 ὅλως
761 2817 1007 2871 εὐσεϐεῖν
1039 2818 1341 2888 προείλετο,
1388 2820 1591 2891 πολλήν
1638 2838 1699 2873 τε

127 2908 380 2961 εὐκολίαν
403 2908 601 2961 ἑαυτοῦ
634 2911 1025 2975 κατεγίνωσκε,
1061 2910 1157 2963 καὶ
1191 2911 1326 2982 πρὸς
1352 2912 1418 2965 τὰ
1436 2914 1701 2984 πρότερον

125 3001 375 3071 ἐπανῄει.
425 3000 632 3073 Ἔργον
665 3004 775 3073 γὰρ
809 2993 1043 3073 ἀληθῶς,
1070 3001 1146 3066 ὡς
1170 3005 1198 3057 ὁ
1217 3003 1395 3071 λόγος,
1424 3004 1543 3057 ὄνον
1570 3006 1700 3058 drm-

126 3093 321 3161 τρέψαι
387 3094 688 3164 κνώμενον.
727 3095 895 3148 Πάλιν
941 3090 1035 3147 οὖν
1091 3096 1233 3148 κατὰ
1277 3095 1377 3165 τῆς
1419 3098 1701 3159 εὐσεϐείας

127 3188 567 3255 προγράμματα,
598 3188 691 3239 καὶ
723 3188 886 3240 πάλιν
925 3189 953 3239 ὁ
983 3188 1247 3257 γεννάδας
1292 3182 1445 3251 οὗτος
1490 3189 1701 3260 μάρτυς

130 3278 379 3345 αἱμάτων
441 3276 796 3346 χωρὶςνεῖγε
854 3277 951 3341 τὰς
1007 3279 1547 3347 προαιρέσεις.ἀλλά
1628 3279 1704 3350 μὴ

124 3370 219 3429 τὰς
289 3368 403 3421 τῶν
475 3368 820 3437 πραγμάτων
902 3370 1155 3430 ἐκϐάσεις
1236 3372 1504 3441 προσήκει
1574 3388 1701 3423 exo-

129 3464 265 3512 ξεῖ).

1806 596 2051 650 obtinere
2068 605 2250 664 partes
2282 597 2335 649 in
2366 596 2558 649 harum
2587 610 2765 650 rerum
2797 598 3133 667 cognitione;
3169 605 3381 669 etquod

1808 689 2126 756 mysterium
2158 698 2212 740 et
2243 688 2401 742 fidem
2447 689 2499 742 in
2530 704 2629 744 ore
2659 704 2756 744 suo
2790 691 3199 746 circumferant.
3258 692 3387 761 Qum

1804 781 2021 848 quidem
2051 795 2176 833 cum
2238 793 2342 833 non
2385 781 3007 850 possintcomprebendi
3044 783 3111 836 ab
3158 784 3389 837 homini-

1808 873 1927 937 bus,
1972 873 2106 927 nihil
2143 874 2288 926 aliud
2351 888 2510 943 quam
2541 874 2662 931 illos
2694 874 2985 929 mendaces
3015 876 3308 931 05teudunt
3336 890 3386 931 ct

1807 967 2189 1035 sycophantas.
2264 966 2340 1019 Ex
2407 982 2516 1038 quo
2572 968 2735 1021 etiam
2792 966 3161 1035 proficiscitur
3194 984 3387 1038 magna

1808 1053 1899 1108 Dei
1934 1056 1984 1108 in
2015 1071 2114 1111 nos
2146 1056 2470 1128 indignatio,
2491 1071 2555 1111 eo
2583 1058 2725 1125 quod
2771 1058 3147 1113 existimamus
3184 1069 3385 1129 myste-

1812 1149 1946 1202 rium
1980 1163 2085 1203 nou
2130 1163 2251 1204 esse
2298 1150 2643 1219 mysterium,
2679 1164 2777 1203 nec
2805 1165 2867 1204 ex
2905 1152 3017 1205 sola
3080 1152 3183 1207 fide
3214 1154 3391 1207 consi-

1808 1250 1971 1304 stere,
2005 1239 2097 1295 sed
2123 1255 2188 1295 ex
2221 1242 2471 1297 absurdis
2498 1242 2655 1311 nugis
2693 1250 2785 1296 :et
2824 1245 3246 1297 condemnumus
3273 1260 3385 1307 eos,

1808 1332 1898 1399 qui
1930 1346 2025 1386 nos
2058 1332 2359 1386 docuerunt
2394 1334 2496 1386 lide
2521 1342 2576 1385 et
2606 1333 2866 1403 mysterio
2901 1334 3084 1388 divina
3119 1351 3384 1390 venerari.

1811 1422 1917 1479 Vos
1945 1439 2076 1494 ergo
2104 1439 2247 1479 nunc
2295 1440 2510 1497 quoque
2565 1436 2804 1494 oportet,
2851 1426 2895 1480 si
2927 1443 3186 1497 unquam,
3231 1446 3387 1482 orare

1810 1533 1906 1588 pro
1937 1517 2200 1582 Ecclesia,
2235 1527 2292 1570 ut
2332 1533 2429 1572 nos
2461 1519 2705 1588 benignis
2741 1518 2913 1573 oculis
2946 1522 3193 1589 aspiciat,
3219 1533 3265 1574 et
3296 1541 3386 1590 pa—

1808 1626 1925 1665 ccm
1971 1611 2084 1666 suis
2122 1611 2376 1665 conciliet
2437 1610 2717 1676 Ecclesiis,
2767 1627 2886 1680 quae
2940 1623 3047 1667 tam
3091 1616 3230 1669 male
3269 1627 3391 1669 sunt

1809 1704 1994 1758 divisa:
2024 1712 2246 1772 propter
2273 1703 2447 1757 studia
2490 1704 2731 1771 ipsorum
2778 1706 3089 1773 pracsulum.
3134 1707 3264 1772 Quae
3292 1723 3385 1761 au-

1812 1806 1917 1851 tem
1976 1813 2002 1850 a
2066 1797 2220 1851 vobis
2279 1798 2457 1851 missa:
2498 1806 2624 1850 sunt
2672 1797 2917 1867 eulogiae,
2951 1812 3045 1853 eas
3100 1799 3388 1853 admodum

2518 1901 2763 1945 nostrum
2798 1901 2976 1945 autem
3017 1892 3179 1961 quale
3212 1892 3283 1946 sit
3314 1895 3390 1943 in-

1811 1986 2081 2047 stilutum,
2149 1986 2549 2038 aununtiabunt
2612 1986 2685 2053 pii
2756 1986 3027 2048 monachi,
3082 1987 3244 2055 quia
3294 2003 3383 2040 v0-

1812 2080 1892 2131 llis
1926 2080 2072 2134 missi
2094 2088 2241 2133 sunt.
2272 2099 2289 2129 ι
2330 2079 2392 2133 Et
2416 2078 2517 2132 hoc
2547 2080 2763 2148 quidem
2782 2081 2950 2151 [modo
2983 2095 3041 2135 se
3065 2081 3252 2134 habuit
3278 2084 3383 2149 epi-

1810 2174 1964 2228 stola.

1881 2356 1969 2410 5|.
2004 2354 2201 2410 Verum
2266 2358 2672 2427 imperatorem,
2730 2360 2821 2429 qui
2858 2359 2972 2413 hac
3005 2360 3220 2427 quidem
3254 2359 3385 2412 scri—

1812 2458 2029 2517 psetat,
2063 2461 2115 2506 et
2173 2460 2299 2506 tunc
2348 2454 2415 2508 de
2480 2452 2664 2507 furore
2727 2452 3000 2522 paululum
3052 2452 3387 2514 remiserat,

1810 2550 1870 2596 et
1924 2541 2121 2596 bellum
2168 2543 2317 2612 quod
2369 2543 2633 2598 adversus
2684 2552 2887 2598 rectam
2938 2544 3247 2613 opinionem
3308 2545 3388 2597 vtl

1809 2648 1965 2688 suum
1995 2636 2173 2703 potius
2195 2642 2358 2703 caput
2386 2637 2630 2707 gerebat,
2659 2646 3028 2706 represserat;
3081 2653 3185 2692 non
3220 2637 3390 2689 ιιιυιιυ

1810 2727 2101 2797 interjecto
2141 2729 2336 2798 spatio,
2374 2731 2556 2799 gravis
2586 2731 2731 2785 subit
2765 2731 3090 2802 ptenitentia
3123 2749 3137 2784 :
3175 2742 3230 2785 et
3276 2747 3390 2800 pcr-

1812 2817 1936 2873 inde
1958 2834 2019 2873 ac
2042 2818 2086 2875 si
2115 2834 2235 2874 eum
2270 2821 2579 2889 pmttiterct,
2623 2822 2766 2890 quod
2802 2822 3026 2877 omnino
3055 2836 3243 2891 parum
3271 2837 3390 2876 esse

1810 2911 1933 2980 pius
1963 2910 2264 2973 statuisset,
2291 2922 2343 2966 et
2369 2926 2427 2967 se
2454 2911 2733 2968 facilitatis
2764 2913 2943 2968 nimiae
2980 2912 3385 2976 condemnaret,

1809 3003 1879 3057 ad
1907 3002 2089 3072 priora
2113 3013 2198 3059 est
2229 3019 2501 3060 reversus.
2532 3004 2762 3059 Difficile
2800 3004 2944 3059 enim
2992 3013 3098 3070 est,
3140 3013 3200 3057 ut
3222 3014 3306 3058 est
3335 3005 3384 3055 in

1811 3095 2120 3165 proverbio,
2172 3097 2383 3151 asinum
2436 3097 2826 3152 confricantem
2870 3106 3137 3151 avertere.
3176 3095 3388 3149 Rursus

1810 3200 1940 3257 ergo
1971 3187 2146 3241 edicta
2177 3188 2439 3242 adversus
2473 3188 2762 3257 pietatem;
2799 3202 3095 3257 rursusque
3140 3191 3386 3257 egregius

1812 3289 2017 3349 martyr
2065 3279 2200 3333 citra
2265 3282 2625 3348 sanguinem;
2678 3281 2943 3348 siquidem
2994 3280 3384 3337 consideranda

1812 3380 1896 3425 est
1925 3371 2195 3435 voluntas,
2230 3382 2286 3427 et
2325 3389 2430 3427 non
2468 3388 2647 3427 rerum
2689 3373 2884 3428 exitus.

1542 3623 1772 3682 CAPUT
1804 3624 1943 3681 XIII.

1333 3735 1511 3804 Zelus,
1534 3747 1580 3791 et
1604 3739 1849 3793 exsilium
1868 3738 1997 3807 ﬁdei
2028 3753 2209 3792 causa.

200 3862 301 3927 νβ’.
336 3862 565 3914 Πάντων
590 3862 700 3932 γὰρ
729 3861 1156 3931 ἀμηχανούντων
1214 3861 1305 3911 καὶ
1333 3860 1702 3929 ἀπορούντων,

130 3958 217 4007 καὶ
252 3954 364 4007 τῶν
398 3956 500 4024 μὲν
524 3957 593 4024 τῇ
629 3953 944 4023 βλασφημία
990 3952 1454 4022 συνηγορούντων,
1491 3951 1599 4004 τῶν
1648 3952 1703 4005 δὲ

132 4045 489 4111 καὶδαψιλῶς
517 4046 819 4113 ἀντιλέγειν
859 4045 1182 4108 ὀκνούντων,
1214 4045 1343 4105 ἴσως
1380 4042 1436 4094 δὲ
1488 4042 1705 4112 καὶτῆς

129 4140 181 4188 ἐν
208 4138 388 4209 τούτῳ
424 4137 743 4209 παρρησίας
785 4137 862 4207 τῷ
896 4136 1057 4205 κοινῷ
1098 4136 1271 4204 [Ia-cpi
1309 4133 1702 4204 παραχωρούν-

127 4250 254 4293 των,
294 4232 388 4283 καὶ
415 4229 607 4298 ὥσπερ
661 4225 971 4299 στρατηγοῦ
1018 4224 1425 4295 περιμενόντων
1465 4223 1525 4275 τὸ
1575 4222 1703 4274 σύν-

128 4328 298 4395 ἓημα,
332 4324 460 4376 τότε
488 4321 573 4387 δὴ,
621 4323 744 4374 τότε
799 4321 955 4390 δῆλον
1002 4318 1349 4379 καθίσταται,
1398 4316 1556 4368 ὁποῖα
1614 4312 1706 4366 οὖν

127 4418 215 4468 καὶ
236 4417 301 4469 τὸ
326 4417 531 4484 γῆρας,
575 4415 703 4466 ὅταν
762 4412 839 4482 τῷ
864 4410 1009 4482 ζήλῳ
1060 4407 1385 4481 ρωννύηται,
1417 4406 1553 4475 πρὸς
1578 4405 1703 4466 τοὺς

126 4508 260 4577 ὑπὲρ
296 4506 395 4557 τοῦ
434 4502 600 4556 καλοῦ
629 4502 911 4563 κινδύνους
963 4498 1295 4553 νεανιεύεται
1321 4512 1332 4524 ·
1361 4496 1705 4566 γραμμάτων

1884 3860 1975 3915 52.
2010 3861 2142 3916 Cum
2199 3875 2388 3917 omnes
2422 3869 2605 3916 essent
2634 3860 2792 3931 plane
2838 3862 3047 3918 consilii
3082 3863 3268 3933 inopes
3329 3884 3385 3923 et

1812 3950 2105 4021 dubiiquid
2124 3960 2384 4020 agerent;
2417 3960 2471 4005 et
2498 3951 2588 4005 alii
2614 3951 2828 4020 quidem
2851 3952 3239 4023 blasphemiam
3270 3959 3383 4028 ('53)

1812 4043 2183 4109 defenderent,
2226 4042 2315 4097 alii
2348 4054 2530 4097 autem
2560 4054 2877 4099 vererentur
2933 4047 3014 4101 vel
3045 4048 3384 4104 solummodo

1812 4133 2215 4199 contradicere;
2251 4134 2478 4189 fortasse
2528 4146 2706 4187 autem
2746 4135 2910 4189 etiam
2937 4137 3038 4190 hac
3065 4138 3117 4191 iu
3151 4153 3209 4191 re
3241 4153 3388 4194 com-

1814 4225 1960 4278 muni
2005 4223 2171 4292 Patri,
2223 4224 2435 4280 dicendi
2484 4225 2736 4282 libertate
2788 4227 3061 4295 cederent,
3125 4240 3179 4285 et
3222 4231 3383 4284 veluti

1812 4316 1967 4372 ducis
1997 4318 2210 4387 signum
2239 4329 2621 4389 exspectarent
2652 4337 2667 4373 :
2710 4329 2987 4376 tunctunc
3005 4323 3187 4377 evadit
3222 4327 3388 4378 maui-

1816 4408 2037 4474 festum,
2064 4411 2244 4480 qualis
2290 4412 2455 4465 etiam
2485 4422 2758 4479 senectus,
2786 4416 3002 4483 quando
3047 4416 3162 4471 zelo
3188 4418 3387 4471 cenfir-

1816 4508 2015 4567 matur,
2066 4516 2125 4555 se
2164 4501 2377 4556 fortiter
2408 4512 2461 4557 et
2492 4502 2807 4571 iuveniliter
2830 4505 2967 4572 gerit
3000 4506 3260 4562 adversus
3297 4523 3383 4571 ea,

125 4600 356 4650 ἐκείνων
385 4596 484 4649 καὶ
515 4594 903 4663 θεσπισμάτων
943 4592 1306 4662 ὀλιγωρήσας,
1361 4587 1599 4641 ἀπειλῶν
1645 4603 1702 4637 τε

1813 4611 1930 4664 qua:
1990 4609 2087 4663 pro
2134 4594 2274 4650 bono
2330 4605 2384 4650 et
2438 4596 2666 4652 honesto
2703 4598 3074 4667 suscipiuntur
3123 4602 3380 4671 pericula.

128 4691 361 4758 μηρίων,
411 4688 589 4756 ὄχλων
618 4703 676 4737 τε
706 4686 773 4738 τὰ
807 4684 1072 4755 βασιλέως
1104 4685 1160 4735 ἐν
1207 4685 1304 4752 ἴσῳ
1331 4681 1425 4734 καὶ
1485 4680 1553 4733 τὰ
1586 4678 1707 4731 Θεία

126 4783 595 4844 Ξυτωπουμένων,
653 4778 744 4829 καὶ
798 4776 1149 4846 στρατιωτῶν
1205 4776 1333 4834 τοὺς
1380 4770 1620 4826 τοιοῦτόν
1654 4788 1706 4823 τι

126 4874 544 4941 εῦεγξαμένους
598 4869 1024 4939 ἐπιτηρούντων,
1084 4869 1300 4920 πάντων
1345 4866 1553 4926 ἐκεῖνος
1585 4863 1707 4915 τού-

128 4986 232 5018 των
257 4964 351 5019 οἶα
392 4964 571 5017 κενῶν
598 4963 787 5031 ψόφων
823 4963 1265 5030 καταφρονήσας,
1296 4958 1388 5011 καὶ
1415 4958 1513 5011 οὐκ
1539 4954 1706 5008 αὑτοῦ

128 5063 353 5129 pilio-2,
382 5059 524 5113 ἀλλὰ
556 5057 761 5111 παίδων
793 5052 931 5109 εἶναι
952 5054 1121 5106 εἰπὼν
1149 5054 1404 5116 τοιαύτας
1436 5052 1705 5121 ὑποφρίτ-

126 5174 235 5207 τειν
294 5152 555 5223 βροντὰς,
588 5150 803 5211 λέοντος
853 5148 1052 5209 ὑποδὺς
1118 5150 1366 5216 ὅρμημα,
1416 5147 1508 5198 καί
1540 5148 1619 5207 εἰς
1650 5144 1709 5195 τδ

126 5244 219 5297 τοῦ
246 5244 388 5297 Θεοῦ
424 5242 573 5312 ἱερὸν
604 5239 888 5303 εἰσελθὼν,
920 5240 1007 5292 ἐπ’
1031 5238 1350 5309 ὀκρίϐαντός
1384 5256 1441 5290 τε
1474 5236 1703 5302 ἀναϐάς,

127 5335 187 5390 ὠ
212 5339 312 5400 τὰς
345 5333 685 5401 ἀναγνώσεις
732 5333 858 5395 τοὺς
915 5333 1078 5400 ίερείς
1127 5334 1300 5384 ποιεῖν
1355 5330 1608 5401 σύνηθες,
1644 5333 1709 5400 τῇ

127 5436 272 5498 ίηειρὶ
313 5429 479 5497 σιγὴν
529 5426 608 5495 τῷ
678 5426 871 5495 πλήθει
929 5426 1173 5495 σημήνας
1228 5425 1322 5477 καὶ
1372 5428 1473 5494 τὴν
1526 5429 1711 5496 φωνὴν

130 5524 381 5592 ἐπάρας·
416 5521 485 5575 Εἰ
519 5538 625 5588 τις,
685 5520 813 5590 ἔφη,
870 5518 968 5581 τὰς
1021 5519 1294 5588 τέσσαρας
1350 5518 1509 5589 ἁγίας
1582 5536 1709 5573 συν·-

125 5614 282 5676 ίκδως
324 5614 404 5683 μὴ
427 5614 628 5680 ἐπίσης
651 5614 763 5674 τοῖς
790 5611 1087 5679 τέσσαρσιν
1117 5610 1471 5679 Εύαγγελίοις
1498 5613 1703 5681 ἡγοῖτο,

1816 4686 2150 4755 Contetnptis
2184 4688 2327 4739 enim
2364 4686 2466 4740 illis
2492 4687 2708 4757 scriptis
2736 4698 2791 4741 et
2819 4688 3070 4755 decretis,
3111 4694 3383 4764 minisque

1818 4778 2333 4843 innumerabilibus,
2397 4780 2660 4848 turbaque
2724 4796 2843 4850 quae
2912 4783 3289 4851 imperatorem
3332 4798 3385 4840 et

1818 4870 1981 4924 Deum
2013 4883 2079 4923 ex
2124 4884 2277 4938 aequo
2314 4870 2680 4937 reverebatur,
2737 4872 3103 4943 militibusque
3146 4877 3235 4943 qui
3289 4892 3383 4931 ens

1816 4964 2184 5023 observarent,
2219 4963 2308 5031 qui
2337 4972 2517 5017 essent
2563 4965 2668 5019 tale
2696 4967 2823 5034 quid
2860 4967 3093 5033 dicturi;
3134 4970 3235 5023 illis
3262 4986 3381 5024 orn-

1814 5054 1972 5108 nibus
2034 5056 2377 5124 contemptis,
2415 5066 2668 5124 tauquam
2728 5060 2879 5111 vanis
2932 5062 3267 5128 strepitibus,
3327 5074 3383 5116 et

1811 5148 1996 5200 dicens
2023 5161 2128 5200 non
2171 5162 2292 5202 esse
2323 5163 2502 5214 suum,
2534 5151 2627 5203 sed
2662 5164 2950 5218 puerorum
2998 5153 3122 5206 talia
3159 5154 3383 5209 horrere

1812 5238 2068 5301 tonitrua.
2103 5240 2275 5295 leonis
2311 5242 2615 5310 suscipiens
2649 5243 2933 5309 impetum,
2974 5261 3094 5301 cum
3133 5247 3222 5301 Dei
3250 5257 3385 5302 tem-

1813 5329 1958 5399 plum
1990 5331 2452 5399 essetiugressus,
2485 5341 2538 5385 et
2592 5345 2906 5400 suggestum
2958 5337 3386 5399 conscendisset,

1822 5425 1873 5477 in
1901 5439 2007 5491 quo
2038 5424 2213 5477 solent
2266 5424 2445 5492 legere
2477 5426 2808 5489 sacerdotes,
2864 5442 3023 5479 manu
3064 5428 3260 5497 populo
3316 5430 3389 5482 si-

1819 5515 2081 5586 gniﬁcans
2117 5515 2412 5579 silentium,
2466 5530 2757 5585 vocemque
2797 5516 3048 5571 attollens
3081 5537 3094 5571 :
3151 5517 3205 5571 Si
3243 5521 3388 5588 quis,

1822 5609 2024 5678 inquit,
2048 5620 2280 5678 quatuor
2316 5616 2534 5663 sanctas
2559 5608 2793 5678 synodos
2826 5623 2932 5663 non
2966 5612 3099 5665 tanti
3129 5626 3250 5665 esse
3272 5612 3389 5666 cxi-

206 5770 318 5839 (35)
352 5770 635 5825 Cedrenus
708 5765 902 5822 scribit
945 5764 1142 5819 multos
1190 5765 1494 5835 episcopos,
1565 5768 1616 5819 in
1680 5765 1907 5834 gruliattt
1981 5764 2346 5832 imperatoris,
2382 5764 2824 5823 Chalcedonense
2875 5767 3161 5822 concilium
3221 5767 3395 5837 impu-

131 5856 351 5906 putasse.

454 5936 727 5995 ΡΔτηοι..
762 5936 877 5990 (in.
917 5931 1136 5991 CXIV.

3014 5932 3073 5990 17
