4128 6488
712 406 809 475 ΕἯ

1922 414 2206 475 MENSIS
2245 415 2707 476 JANUARIUS.

3873 418 3980 480 59.8

708 524 916 585 expulsi
961 524 1171 578 fuci-aut
1209 536 1239 577 e
1265 521 1379 576 suis
1412 522 1661 583 sedibus.
1699 523 1747 575 in
1782 537 1874 577 eas
1908 522 2140 593 gloriose
2164 537 2292 581 sunt

2404 526 2467 579 Οἳ
2497 528 2553 580 δέ
2589 545 2652 595 γε
2684 528 2795 581 τῶν
2822 530 3037 582 οἰκείων
3088 528 3476 593 ἀπελαθέντες,
3507 531 3594 583 ἐπ’
3623 531 3826 594 αὐτοὺς
3872 532 3977 583 πά-

707 618 982 679 t‘estituti,
1031 625 1083 671 et
1131 615 1278 685 gregi
1343 630 1440 669 suo
1498 615 1870 684 unusquiSque
1917 618 2157 671 redditus
2211 628 2295 672 est

715 710 1052 763 ‘nirahilitet‘.

773 801 859 853 57.
895 801 983 854 hic
1028 802 1115 855 ille
1145 812 1519 863 conservatus,
1572 815 1674 854 non
1712 802 1775 854 iis
1829 801 2025 865 solum,
2063 802 2150 868 qui
2194 801 2293 854 ad-

706 904 858 948 erant
894 903 949 948 et
999 895 1316 964 spectabant
1347 893 1672 958 :certamiua,
1725 894 1818 948 sed
1880 893 1948 948 iis
1979 894 2166 957 etiam,
2203 896 2290 962 qui

705 990 928 1042 omnino
957 989 1115 1058 longe
1143 998 1297 1041 erant
1327 988 1539 1053 remoti,
1600 986 1700 1041 fuit
1726 988 2023 1042 admonitio
2058 997 2106 1042 et
2146 988 2294 1041 zelus

704 1080 768 1131 ad
803 1079 1082 1132 virtutem.
1124 1077 1256 1131 Nam
1305 1094 1428 1132 cum
1458 1078 1525 1133 de
1551 1094 1615 1133 eo
1670 1078 2093 1144 intellexissent,
2127 1087 2181 1133 et
2201 1079 2291 1146 qui

708 1173 904 1228 veteris
939 1171 1122 1227 Roma:
1155 1171 1335 1225 sedem
1363 1172 1585 1239 pulchre
1613 1171 1844 1237 tenebat,
1875 1173 1943 1239 (is
1964 1183 2143 1227 autem
2176 1181 2294 1226 erat

707 1264 966 1333 Agapitus
998 1262 1111 1335 (58)
1141 1273 1193 1317 et
1249 1264 1340 1333 qui
1378 1264 1773 1317 Antiochenam
1839 1264 2023 1318 sedem
2074 1264 2293 1334 regebat

709 1358 962 1428 liphraitn
1018 1358 1165 1429 (39);
1222 1359 1319 1427 ipsi
1377 1373 1589 1427 quoque
1638 1358 1835 1412 litteris
1872 1368 2074 1413 rectam
2124 1357 2288 1413 ﬁdem

706 1453 1073 1522 praedicabant
1102 1469 1114 1503 :
1148 1451 1421 1521 inquibus
1454 1452 1618 1507 multa
1652 1468 1867 1523 quoque
1909 1467 2036 1507 sunt
2072 1452 2139 1507 ad
2178 1452 2293 1505 lau-

706 1547 827 1599 dcm
866 1547 1027 1612 hujus
1064 1546 1208 1599 beati
1228 1547 1550 1614 composita,
1589 1562 1707 1615 qua:
1738 1561 1841 1600 non
1873 1545 2133 1601 minorem
2164 1544 2295 1599 alle-

708 1641 897 1691 rcbant
939 1635 1169 1706 gloriam
1219 1636 1322 1699 iis,
1369 1636 1458 1704 qui
1511 1636 1866 1705 scripserant,
1918 1650 2079 1704 quam
2114 1637 2164 1690 ei
2195 1636 2288 1704 qui

706 1730 1056 1794 laudabatur;
1120 1728 1262 1796 quod
1320 1742 1422 1781 non
1474 1728 1540 1782 ad
1580 1729 1832 1795 gratiam,
1888 1726 1980 1783 sed
2033 1727 2191 1796 plane
2226 1729 2293 1781 ad

707 1822 992 1875 veritatem
1054 1819 1207 1873 ﬁeret
1263 1818 1522 1871 laudatio.
1560 1818 1824 1884 Quoniam
1854 1830 2031 1871 autem
2072 1817 2294 1874 difﬁcile

2397 617 2479 671 λιν
2507 620 2747 684 εὐκλεῶς
2771 622 3127 686 ἀνεσώζοντο,
3157 621 3249 675 καὶ
3278 625 3346 692 τῇ
3376 626 3579 694 ποίμνῃ
3610 624 3814 677 τούτων
3841 625 3976 676 ἕκα-

2401 727 2525 773 στος
2552 714 2617 782 τῇ
2651 714 2758 785 ἰδίᾳ.
2790 716 3123 785 θαυμαστῶς
3146 720 3483 775 ἀπεδίδοντο.

2469 800 2565 865 νζ’.
2601 802 2789 868 Οὕτως
2811 807 3024 869 ἐκεῖνος
3053 808 3341 874 διασωθεὶς
3387 815 3448 864 οὐ
3474 815 3588 875 τοῖς
3621 813 3853 883 παροῦσι
3880 814 3982 883 μου

2396 910 2485 944 νον
2510 895 2606 945 καὶ
2656 895 2878 960 θεαταῖς
2929 897 3041 951 τῶν
3089 901 3340 968 ἀγώνων,
3376 904 3511 956 ἀλλά
3536 904 3627 956 καὶ
3652 910 3764 967 τοῖς
3790 907 3985 977 πόρῤω

2397 984 2656 1054 πάμπολυ
2698 985 3044 1056 διεπηκόσιν
3100 990 3407 1061 ὑπόμνησις
3469 994 3605 1062 πρὸς
3649 995 3849 1065 ἀρετὴν
3888 995 3982 1046 καὶ

2396 1073 2559 1144 ζῆλον
2580 1074 2843 1144 κατέστη.
2898 1078 3052 1129 Ἐπεὶ
3092 1080 3200 1149 γὰρ
3234 1081 3336 1151 ἥδη
3364 1083 3431 1133 τὰ
3456 1084 3575 1135 κατ’
3597 1084 3758 1137 αὐτὴν
3776 1085 3983 1153 ἔμαθον

2398 1167 2425 1217 ὅ
2454 1181 2512 1215 τε
2545 1165 2645 1234 τῆς
2680 1166 3062 1237 πρεσϐυτέρας
3109 1169 3327 1240 Ῥώμης
3361 1176 3474 1236 τοῖς
3510 1174 3719 1243 θρόνοις
3768 1176 3986 1245 ἐμπρέ-

2399 1274 2538 1316 πων.
2584 1257 2847 1326 ’Δγάπιος
2901 1256 3055 1325 οὗτος
3090 1256 3179 1334 ἦν,
3228 1264 3255 1315 ὃ
3294 1281 3352 1316 τε
3384 1264 3494 1317 τῶν
3521 1266 3617 1335 τῆς
3660 1268 3983 1337 Ἀντιοχέων

2401 1350 2807 1421 ἐπειλημμένος
2854 1353 3053 1423 Ἐφραῖ
3070 1373 3131 1424 μ,
3157 1356 3451 1427 γράμμασι
3470 1361 3729 1413 καῖαὐτοὶ
3764 1364 3861 1431 τὴν
3883 1364 3985 1431 ὀρ-

2399 1443 2500 1512 θὴν
2529 1443 2897 1511 ἀνεκήρυττον
2920 1443 3099 1510 δόξαν,
3126 1446 3183 1496 ἑν
3224 1442 3305 1509 οἷς
3346 1450 3439 1499 καὶ
3488 1448 3658 1500 πολλὰ
3685 1449 3763 1518 τῷ
3802 1468 3988 1520 μακα-

2400 1534 2501 1605 ρίῳ
2536 1535 2673 1604 πρὸς
2722 1536 2946 1589 ἔπαινον
2998 1538 3259 1607 συνετέθη
3328 1543 3441 1603 τοῖς
3497 1542 3771 1611 γράψασιν
3828 1544 3985 1596 οὐδὲν

2397 1621 2559 1696 ἦττον
2594 1626 2733 1697 ἤτῷ
2759 1629 3140 1697 ἐπαινουμένῳ
3167 1629 3227 1681 τὸ
3264 1629 3419 1692 κλέος
3464 1634 3874 1700 περιποιοῦντα,
3908 1636 3988 1703 τῷ

2402 1719 2475 1786 μὴ
2512 1717 2647 1786 προς
2673 1716 2855 1787 χάριν,
2894 1717 3029 1769 ἀλλά
3055 1718 3237 1786 σαφῶς
3279 1721 3417 1789 πρὸς
3447 1721 3703 1793 ἀλήθειαν
3724 1726 3990 1790 γενέσθαι

2399 1808 2496 1879 τὴν
2524 1809 2824 1879 εὐφημίαν.
2874 1811 3027 1862 Ἐπεὶ
3056 1810 3111 1863 δὲ
3136 1811 3369 1880 χαλεπὸν
3405 1817 3496 1868 καὶ
3535 1817 3676 1869 κατά
3712 1819 3879 1887 μέρος
3920 1821 3997 1871 τὰ

706 1926 787 1969 νει
835 1926 1122 1967 recensere
1152 1914 1334 1967 omnia
1362 1912 1478 1981 ejus
1506 1911 1799 1965 certamina
1839 1925 1934 1980 pro
1985 1910 2087 1964 ﬁde
2103 1913 2290 1966 ortho-

2403 1900 2537 1971 ὐπὲρ
2570 1902 2672 1971 τῆς
2702 1901 3012 1973 ὀρθοδοξίας
3048 1903 3215 1958 αὐτοῦ
3245 1907 3606 1976 παλαίσματα
3631 1912 3991 1979 καταλέγειν,

704 2007 866 2071 doxa,
903 2014 1117 2075 oportet
1176 2005 1304 2058 illud
1348 2004 1402 2057 in
1455 2018 1666 2056 summa
1713 2001 1918 2064 dicere,
1975 2002 2117 2070 quod
2185 2002 2285 2072 ipsi

706 2115 924 2170 quoque
957 2114 1081 2153 cum
1130 2098 1398 2166 Propheta
1454 2097 1501 2127 ’³
1558 2096 1806 2150 inimicos
1861 2094 2063 2150 Christi
2109 2096 2291 2151 odisse

708 2190 1023 2245 mirabiliter
1085 2190 1305 2243 inerat:
1349 2188 1581 2241 maxime
1639 2192 1818 2240 autem
1860 2186 2180 2241 ostendebat
2232 2201 2291 2241 se

705 2282 946 2336 aversari
996 2279 1285 2351 Origenem
1340 2278 1476 2347 (lOl,
1515 2278 1608 2347 qui
1660 2277 1990 2332 existimavit
2046 2291 2204 2330 suum
2235 2278 2287 2330 in

708 2376 809 2428 hoc
852 2372 1159 2443 ponendum
1218 2370 1497 2432 studimn,
1542 2377 1599 2421 ut
1657 2368 1853 2422 divinae
1920 2368 2286 2435 apostolorum

708 2465 1077 2531 prtedicatioui
1113 2478 1280 2534 nugas
1320 2469 1633 2517 contexeret
1676 2459 1979 2531 gentilium,
2002 2466 2055 2513 ct
2084 2459 2291 2516 luderet

710 2562 758 2612 ia
794 2557 955 2612 rebus
985 2555 1208 2610 minime
1238 2553 1483 2608 ludicris.

2398 1996 2580 2047 ἑκεῖνο
2613 1994 2695 2046 δεῖ
2732 1994 3052 2059 συνελόντας
3080 1998 3276 2061 εἰπεῖν,
3313 2001 3394 2053 ὅτι
3416 2004 3508 2054 καὶ
3538 2004 3685 2071 αὖτῷ
3718 2006 3858 2069 μετά
3891 2006 3993 2058 τοῦ

2401 2088 2443 2139 Π
2452 2091 2690 2159 ροφήτου
2711 2088 2835 2150 τοὺς
2862 2089 3090 2159 ἐχθροὺς
3122 2095 3302 2159 μισεῖν
3323 2094 3417 2146 τοῦ
3436 2096 3674 2165 Χριστοῦ
3690 2100 3850 2166 διαφε
3862 2101 3997 2168 μίν-

2399 2196 2505 2241 τως
2568 2180 2746 2249 ἐπῆν·
2778 2182 3013 2249 μάλιστα
3057 2183 3214 2253 δῆλος
3265 2180 3333 2254 ἦν
3392 2190 3460 2237 τά
3508 2188 3819 2257 Ὡριγένους
3882 2193 3997 2244 ἀπ-

2398 2273 2797 2343 εστραμμένος,
2825 2274 2882 2336 ὃς
2916 2273 2993 2343 τῷ
3019 2275 3147 2344 θείῳ
3191 2277 3299 2328 τῶν
3334 2278 3647 2333 ἀποστόλων
3665 2286 3995 2352 κηρύγματι

2400 2364 2601 2434 λήρους
2626 2368 2895 2433 συνείρειν
2932 2368 3219 2438 Ἑλλήνων,
3267 2374 3358 2423 καὶ
3386 2374 3519 2425 αὐτὸ
3563 2374 3719 2427 τοῦτο
3763 2378 3997 2439 παίζειν

2401 2457 2459 2509 ἑν
2476 2457 2538 2510 οὐ
2570 2463 2822 2521 παικτοίς
2858 2461 3095 2532 σπουδῆς
3127 2462 3275 2528 ἄξιον
3300 2464 3602 2530 ἐλογίσατο.

2114 2671 2344 2729 CAPUT
2375 2671 2517 2726 XIV.

1523 2789 1723 2845 Cancer
1752 2792 2010 2845 miraculo
2045 2800 2264 2844 curatus
2306 2806 2326 2845 :
2357 2791 2679 2860 frumentum
2711 2790 3140 2859 multiplicatum.

781 2906 866 2959 58.
903 2904 1009 2959 Sed
1052 2913 1265 2971 tempus
1313 2912 1395 2957 est
1442 2905 1754 2959 transeundi
1790 2904 1855 2958 ad
1885 2921 1968 2969 ea,
1995 2920 2115 2975 qua!
2142 2905 2294 2960 dein-
2323 2912 2366 2969 (ς,

711 3016 835 3067 rcps
854 3008 1177 3065 sequuntur,
1216 3004 1269 3050 ct
1329 2994 1486 3065 hujus
1527 2998 1626 3051 viri
1658 2999 1933 3053 miraculis
1983 2999 2193 3067 piormn
2228 3013 2291 3051 ac

714 3092 1088 3160 religiosorum
1139 3089 1360 3145 auribus
1389 3089 1751 3159 gratiﬁcandi.
1789 3090 1920 3143 Nam
1963 3106 2084 3145 cum
2122 3091 2292 3160 impe-

715 3197 859 3241 rator
886 3185 1081 3253 impius
1128 3183 1303 3237 edicta
1357 3182 1408 3235 iu
1450 3197 1640 3235 omnes
1693 3191 1873 3250 partes
1916 3184 2175 3249 misisset,
2236 3191 2297 3236 ut

712 3292 924 3340 omnes,
967 3290 1063 3342 per
1124 3273 1356 3328 familias
1385 3314 1398 3338 ,
1461 3274 1705 3343 inquam,
1742 3285 1798 3330 et
1853 3274 2193 3340 sodalitates,
2241 3276 2294 3328 in

715 3371 961 3424 eumdem
1003 3369 1176 3421 locum
1240 3366 1626 3432 convenirent;
1667 3379 2026 3439 congregatus
2075 3368 2293 3438 quidem

715 3472 795 3515 est
826 3462 913 3516 hic
959 3474 1172 3530 quoque
1211 3474 1365 3515 sacer
1408 3470 1583 3514 cauus
1611 3500 1626 3521 ,
1673 3475 1859 3515 senum
1917 3461 2196 3531 quierant
2242 3460 2296 3515 in

716 3552 1009 3607 solitudine
1038 3552 1261 3622 insignis
1283 3551 1538 3616 canities,
1579 3552 1725 3607 circa
1780 3552 1954 3608 locum
1987 3554 2079 3623 qui
2102 3553 2299 3607 dicitur

718 3645 1007 3700 Hierateou
1063 3644 1201 3714 (Μ),
1244 3660 1365 3699 cum
1434 3647 1709 3700 communi
1766 3656 1916 3716 patre
1972 3657 2026 3701 et
2063 3647 2293 3700 ﬁliorum

718 3738 1073 3793 amante.Est
1107 3748 1286 3791 autem
1314 3738 1438 3803 hoc,
1474 3736 1623 3791 locus
1652 3739 1924 3793 cathedrae
1989 3740 2131 3808 quod
2156 3738 2298 3791 fama

719 3843 801 3887 est
846 3832 1117 3886 excitasse
1160 3830 1597 3894 Constantinum,
1635 3845 1890 3901 magnum
1949 3831 2091 3885 inter
2124 3831 2300 3899 impe-

722 3934 932 3978 ratores
963 3942 975 3978 :
1013 3923 1065 3976 in
1087 3936 1194 3991 quo
1228 3935 1346 3976 mos
1384 3930 1488 3987 est,
1516 3922 1607 3991 qui
1659 3934 1919 3991 perpetuo
1953 3934 2222 3987 servatur,
2242 3934 2298 3977 ot

718 4031 851 4070 crux
884 4014 1192 4068 veneranda
1217 4013 1509 4082 quotannis
1535 4011 1820 4067 esaltetur.

790 4106 881 4161 59.
912 4103 1166 4170 Quaedam
1191 4112 1368 4157 autem
1407 4102 1617 4167 mulier,
1648 4117 1769 4172 quae
1799 4103 1986 4158 morbo
2016 4102 2301 4157 laborabat

724 4201 773 4249 iu
800 4194 1031 4248 mamilla
1055 4195 1332 4263 (cancrum
1357 4206 1477 4246 eum
1526 4191 1701 4246 solent
1732 4191 2012 4246 nominare
2043 4194 2294 4261 medici):

2474 2903 2577 2974 νη’.
2606 2904 2754 2974 Πλὴν
2787 2905 2926 2958 ἀλλά
2964 2906 3083 2975 ὥρα
3107 2906 3201 2959 καὶ
3231 2907 3366 2978 πρὸς
3384 2910 3449 2963 τά
3494 2911 3618 2980 ἑξῆς
3652 2912 3993 2981 μεταϐῆναι,

2398 2998 2492 3047 καὶ
2525 2999 2639 3058 τοῖς
2666 2997 2760 3049 τοῦ
2787 2997 2981 3066 ἀνδρὸς
3035 2998 3311 3069 θαύμασιν
3363 3003 3603 3055 εὐσεϐῶν
3637 3007 3831 3067 ἀκοαῖς
3892 3007 3995 3057 καὶ

2398 3085 2667 3154 φιλοθέων
2700 3087 3053 3156 χαρίσασθαι.
3082 3089 3189 3142 Τοῦ
3226 3092 3333 3159 γὰρ
3386 3092 3449 3162 δὴ
3494 3092 3791 3155 δυττεόοῦς
3828 3094 3991 3161 βασι-

2398 3172 2534 3240 λέως
2580 3179 2980 3249 προστάγματα
3035 3182 3317 3252 πανταχοῦ
3365 3184 3801 3253 διαπέμψαντος,
3842 3187 3995 3240 ὥστε

2399 3270 2609 3333 πάντας
2638 3270 2766 3323 καθ’
2784 3271 3083 3340 ἑταιρείαν,
3105 3275 3267 3342 φημὶ,
3294 3274 3387 3326 ἐπὶ
3425 3274 3486 3325 τδ
3514 3274 3645 3327 αὐτὸ
3678 3276 3996 3338 συνελθεῖν,

2402 3359 2643 3430 συνήχθη
2674 3361 2771 3431 μὲν
2802 3362 2895 3414 καὶ
2923 3362 2983 3414 τὸ
3038 3363 3182 3433 ἱερὸν
3212 3365 3364 3416 τουτὶ
3404 3365 3675 3435 σύστημα,
3720 3368 3751 3436 ἡ
3786 3367 3903 3418 τῶν
3933 3371 4000 3417 ἑν

2400 3450 2595 3521 ἐρήμῳ
2629 3453 2901 3522 γερόντων
2939 3454 3211 3522 ἐπίσημος
3240 3455 3421 3517 πολιὶ,
3463 3457 3587 3525 περὶ
3620 3457 3678 3506 τὸ
3703 3456 3997 3526 καλοῦμε-

2401 3560 2491 3593 νον
2518 3543 2693 3606 οὕτως
2735 3542 3051 3613 Ὶερατείον,
3092 3546 3231 3613 μετά
3271 3545 3365 3613 τοῦ
3409 3546 3589 3598 κοινοῦ
3642 3548 3860 3616 Πατρὸς
3896 3554 3999 3600 καὶ

2403 3633 2738 3701 φιλόπαιδος.
2774 3635 2950 3696 Τόπος
3008 3636 3067 3689 δὲ
3101 3635 3261 3689 τοῦτο
3290 3638 3386 3706 τῆς
3440 3636 3708 3707 καθέδρας
3752 3642 3934 3701 ἐστὶν,
3969 3643 4001 3691 ὁ

2401 3727 2822 3779 Κωνσταντῖνον
2877 3725 2967 3777 τὸν
3016 3727 3208 3793 Μέγαν
3266 3728 3324 3779 ἑν
3367 3727 3676 3797 βασιλεῦσιν
3739 3730 4005 3797 ἀναστῆ-

2404 3836 2493 3871 σαι
2524 3819 2684 3886 λόγος
2708 3834 2722 3846 ·
2750 3817 2872 3871 καθ’
2905 3818 3051 3888 δνδὴ
3092 3820 3185 3872 καὶ
3244 3820 3397 3882 ἔτους
3451 3822 3681 3873 ἑκάστου
3750 3824 3845 3875 τὲν
3912 3825 4003 3873 τὲ-

2406 3929 2529 3981 μιον
2569 3911 2835 3978 ὑψοῦσθαι
2876 3912 3110 3981 σταυρὸν
3147 3911 3268 3975 ἔθος
3321 3916 3385 3964 ἐκ
3441 3912 3637 3975 παντὸς
3688 3916 4007 3984 συντηροῦ-

2409 4022 2591 4073 μενον.

2474 4097 2570 4149 νϐ’.
2609 4097 2749 4167 Γυνὴ
2775 4097 2833 4149 δέ
2891 4114 2974 4160 τις
3032 4097 3203 4159 πάθος
3236 4097 3434 4167 ἔχουσα
3481 4096 3606 4166 περὶ
3635 4096 3725 4148 τὸν
3759 4100 3995 4166 μασῧὸν

2407 4188 2687 4259 (καρκῖνον
2720 4187 2782 4239 τὸ
2808 4188 2977 4251 πάθος
3000 4187 3202 4258 ἰατρῶν
3226 4188 3415 4251 παῖδες
3440 4188 3643 4240 οἴδασιν
3668 4188 4005 4257 ὀνομάζειν)

722 4291 901 4357 r-ljatn
928 4287 1086 4355 longo
1117 4297 1360 4353 tempore
1392 4284 1543 4339 abeo
1564 4282 1943 4352 premebatur;
1991 4292 2042 4338 et
2074 4299 2104 4337 a
2148 4284 2289 4337 nulla

2406 4258 2501 4332 καὶ
2538 4277 2710 4346 τούτῳ
2750 4277 2945 4347 συχνὸν
2986 4278 3086 4349 ήδη
3110 4278 3303 4349 χρόνον
3351 4277 3668 4347 πιεζομένη,
3700 4277 3911 4346 τέχνης
3944 4280 4010 4333 δὲ

724 4379 941 4448 quidem
969 4376 1308 4429 abstinuerat
1337 4371 1626 4438 medicina,
1671 4386 1735 4426 ex
1780 4386 1842 4425 ea
1871 4383 2052 4426 autem
2090 4373 2293 4427 nullum

727 4470 1093 4534 adjumeutum
1120 4476 1354 4534 ceperat,
1390 4464 1491 4517 nisi
1515 4464 1654 4532 quod
1691 4464 1745 4517 in
1778 4462 1885 4518 Deo
1914 4464 2082 4533 magis
2115 4479 2305 4534 spera-

726 4562 833 4620 bat,
900 4556 1041 4625 quod
1101 4555 1331 4609 humana
1376 4554 1692 4621 desperaret
1748 4554 2010 4608 remedia.
2075 4553 2146 4608 Ea
2182 4571 2302 4609 cum

728 4650 971 4718 ingressa
1014 4654 1159 4702 esset
1187 4659 1282 4714 per
1309 4643 1629 4713 angelicam,
1672 4660 1790 4712 qua:
1824 4644 2044 4709 dicitur,
2070 4660 2307 4713 portam,

797 4809 844 4837 "
873 4805 1014 4860 Psal.
1042 4820 1272 4858 cxxxm.

798 4964 909 5032 (SS)
946 4961 1190 5015 Grzrcmn
1227 4976 1323 5014 ms.
1361 4959 1533 5014 Vatic.
1571 4960 1852 5028 ’Δγάπιος.
1887 4959 2031 5014 lutcr
2074 4962 2217 5016 hunc
2248 4971 2301 5015 et

840 5031 1215 5092 "Ormisdam,
1264 5031 1420 5100 cujus
1481 5042 1719 5098 tempore
1779 5032 2097 5085 Anastasius
2141 5033 2296 5093 obiit,

730 5114 1151 5156 intercesserunt
1190 5111 1418 5166 quatuor
1448 5101 1749 5169 pontiﬁces.
1781 5102 1990 5157 Colitur
2034 5101 2088 5154 in
2154 5101 2296 5154 Mar-

729 5175 885 5243 tyrol.
922 5169 1263 5243 itoiuanoﬂﬁ
1290 5171 1785 5243 Septembris,_dic,
1816 5181 1873 5243 ut
1904 5172 1980 5243 ait
2009 5170 2294 5243 Baronius,

729 5240 1121 5297 translationis.
1161 5240 1333 5309 Supra
1365 5257 1491 5296 vero
1542 5240 1603 5295 Β.
1643 5240 2006 5297 Theodosium
2054 5242 2162 5309 jam
2203 5244 2298 5295 de-

730 5324 969 5367 tunctum
1036 5312 1240 5380 aliquot
1310 5314 1502 5377 annis,
1571 5314 1638 5365 ab
1700 5326 1765 5367 eo
1828 5311 2099 5367 laudatum
2157 5313 2294 5365 dixi-

730 5400 867 5438 IIIIIS.

799 5456 911 5523 (59)
944 5454 1192 5522 Ephraam
1216 5453 1353 5517 aliis,
1391 5453 1482 5521 qui
1519 5470 1639 5510 cum
1668 5468 1849 5509 comes
1868 5453 2106 5509 Orientis
2133 5462 2293 5517 esset,

729 5530 793 5579 de.
832 5526 1103 5577 voluntate
1154 5524 1349 5578 Justini
1388 5524 1727 5593 imperatoris
1785 5526 1957 5578 factus
1991 5533 2068 5577 est
2102 5525 2293 5577 Antio-

728 5600 939 5649 chenus
998 5596 1306 5662 patriarcha
1363 5608 1454 5647 an.
1490 5594 1588 5648 Ch.
1644 5595 1769 5659 526,
1810 5606 1927 5661 post
1982 5594 2295 5647 convulsam

728 5679 887 5718 term
914 5677 1059 5717 inom
1087 5665 1291 5717 urbem.
1314 5662 1596 5733 Evagrius,
1626 5666 1659 5720 Ι.
1700 5681 1770 5729 tv,
1801 5680 1849 5719 c.
1879 5665 1931 5718 5.
1976 5664 2052 5718 Eo
2075 5679 2298 5718 munere

730 5752 848 5789 cum
892 5735 1047 5787 laude
1076 5734 1144 5787 20
1176 5737 1329 5787 annis
1369 5735 1699 5802 perfunctus,
1733 5738 1865 5791 obiit
1889 5749 1978 5789 an.
2021 5735 2146 5789 546.
2170 5733 2295 5802 Ejus

730 5820 892 5856 warm
935 5816 983 5857 et
1022 5815 1205 5857 contra
1247 5806 1528 5859 limreticos
1553 5806 1726 5860 zelum
1782 5803 2293 5863 describitJoannes

733 5875 979 5928 Mesehus
1004 5876 1052 5927 in
1096 5872 1253 5927 Praio
1288 5877 1645 5943 spirituali,c.
1670 5877 1758 5932 56.

2410 4371 2680 4442 μηδεμιᾶς
2706 4371 2807 4443 μὲν
2841 4372 3095 4442 ἰατρικῆς
3117 4370 3617 4441 ἀποσχομένη,οὐδ’
3639 4370 3822 4423 ὁτιοῦν
3851 4372 4012 4435 ὅλως

2404 4466 2468 4517 ὲκ
2496 4465 2702 4518 τούτων
2743 4464 3084 4534 ἀποναμένη,
3118 4465 3199 4518 ὅτι
3234 4466 3308 4533 μὴ
3339 4464 3399 4516 τὸ
3438 4464 3571 4533 πρὸς
3603 4463 3736 4516 Θεὸν
3766 4464 4013 4517 ἐλπίσαι

2408 4557 2570 4610 πλέον
2616 4557 2707 4609 διὰ
2756 4557 2855 4626 τὴν
2915 4556 3023 4609 τῶν
3076 4556 3436 4626 ἀνθρωπίνων
3463 4556 3817 4623 ἀπόγνωσιν·
3850 4557 4015 4624 αῦτη

2409 4646 2498 4698 διὰ
2522 4646 2625 4715 τῆς
2652 4644 2956 4715 άγγελικῆς
2988 4643 3132 4698 οὓτω
3167 4646 3507 4715 καλουμένης
3537 4644 3862 4698 εἰσελθοῦσα
3903 4664 4019 4697 πυ-

2472 4963 2585 5035 (40)
2642 4964 2901 5037 O_rigenis
2928 4980 3144 5020 errores
3191 4981 3254 5019 ex
3287 4965 3474 5037 _ra_riis
3508 4966 3750 5021 breviter
3784 4968 4024 5037 colligit

2398 5032 2637 5107 Iacobus
2666 5035 2979 5107 Gualterius
2998 5047 3189 5091 noster
3218 5038 3269 5090 in
3286 5034 3490 5107 Tabula
3514 5032 4019 5107 chronographum

2402 5104 2606 5159 sznculo
2627 5122 2688 5160 nt
2720 5121 2770 5160 c.
2809 5105 2860 5159 6.
2889 5105 3232 5160 Palaestinam
3268 5108 3333 5161 ab
3363 5105 3666 5175 Origeustis
3698 5104 3801 5161 hoc
3837 5104 4023 5163 'tem-

2402 5175 2817 5246 poreiulectani
2857 5176 3027 5231 fuisse
3065 5177 3305 5231 o~tendit
3354 5176 3599 5244 pluribus
3653 5176 3918 5246 Cyrillus
3969 5199 4023 5231 in

2409 5244 2525 5298 Vita
2548 5244 2647 5299 SS.
2670 5246 2828 5300 Sabze
2853 5255 2908 5299 et
2940 5246 3162 5300 Joannis
3182 5247 3499 5301 Silentiarii.
3522 5249 3590 5299 At
3622 5244 3854 5301 tandem
3884 5267 4028 5302 (‘tmt

2406 5314 2610 5370 Severo
2637 5318 2867 5388 aliisque
2888 5318 3159 5371 haereticis
3179 5319 3524 5372 condemnati
3543 5329 3667 5371 sunt
3686 5317 3742 5370 in
3779 5334 4026 5388 $yIIUttc

2407 5389 2742 5441 meumeuica
2763 5386 2828 5442 ν.

2480 5456 2590 5527 (Η)
2620 5458 2863 5512 Andreas
2886 5456 3163 5514 Cretensis
3198 5458 3636 5524 vocatspeculam
3689 5461 3858 5513 cruri
3923 5463 4025 5513 ιιι·-

2408 5532 2779 5599 monstrandte
2826 5541 2879 5582 et
2926 5530 3139 5599 publice
3195 5530 3524 5583 honorandae
3572 5531 3639 5599 ab
3680 5529 3807 5596 ipso
3855 5530 4028 5585 Cm:-

2407 5598 2646 5650 stautino
2684 5598 2876 5669 Magno
2902 5597 3235 5669 deputatam,
3291 5601 3464 5652 locum
3515 5597 3763 5652 ecclesias
3812 5610 4030 5654 exut-

2408 5683 2549 5725 sum.
2595 5679 2729 5733 etc.,
2779 5667 2851 5721 ἰιι
2900 5667 3085 5723 scribit
3127 5667 3413 5723 Crctserus
3463 5680 3648 5721 noster
3702 5669 3807 5722 lib.
3855 5686 3873 5723 ι
3950 5673 4033 5725 De

2406 5747 2589 5859 sancta
2616 5754 2789 5804 cruce,
2843 5754 2963 5809 Cap.
3013 5740 3102 5804 75,
3135 5740 3221 5793 ubi
3254 5741 3395 5794 hunc
3422 5739 3487 5793 de
3521 5737 3776 5795 llierateo
3819 5744 4029 5797 lUCUm

2406 5824 2509 5859 exn
2534 5820 2659 5859 teat.

2404 5820 2659 5879 explicui.
