4128 6488
710 425 814 488 535

1944 429 2101 488 ΜΕΝ
2110 430 2226 490 SIS
2275 431 2412 491 JAN
2424 434 2741 506 UARIUS,

3875 437 3984 500 53”)

710 545 765 585 ττι
800 532 1162 589 mendacium,
1206 544 1396 584 menue
1422 532 1618 599 gaudio
1655 530 1913 601 repletam
1948 542 2003 586 et
2055 533 2292 588 admira-

2411 557 2534 603 ιον..
2566 540 2711 609 κάμὲ
2742 538 2799 593 δὲ
2825 540 2998 609 χαρᾶς
3024 541 3117 595 καὶ
3145 541 3428 611 θαύματος
3471 543 3858 614 πληρωθεῖααν
3888 548 3986 601 καὶ

715 628 893 686 ﬁnite,
930 637 979 678 et
1038 624 1199 676 Vt'ltlli
1261 626 1493 693 quodam
1539 625 1722 679 divino
1777 625 1960 680 furore
2005 628 2291 695 percitam,

715 732 817 769 non
861 716 984 767 sinit
1017 718 1318 783 quit-scere.
1361 714 1483 769 Haec
1542 732 1664 770 cum
1720 716 1973 783 dixisset,
2033 717 2098 769 ad
2157 732 2294 787 opus

713 824 928 877 quoque
959 808 1205 870 accessit,
1243 818 1299 860 ut
1350 824 1471 876 qua:
1503 809 1750 876 protinus
1793 812 1859 864 ad
1894 825 2067 880 genua
2124 810 2293 879 patris

713 902 1114 961 admlveretur,
1170 909 1223 953 et
1270 901 1413 954 illius
1458 902 1686 971 vestigia
1718 903 1982 957 ambabus
2014 912 2293 972 prensaret

719 994 987 1053 manibus,
1027 1002 1077 1047 et
1107 995 1597 1062 complecterentur
1626 995 1789 1050 labris
1824 996 1982 1051 simul
2014 1006 2067 1050 et
2090 997 2289 1061 animo,

717 1087 920 1139 eilidas
966 1086 1017 1139 in
1047 1102 1105 1139 ea
1142 1088 1409 1154 lacrymas
1430 1085 1711 1143 eﬂ'undciis
1744 1104 1758 1141 :
1793 1095 2295 1155 ctscrvatorem,ct

720 1184 839 1233 vita:
876 1190 1166 1243 auctorem,
1205 1196 1311 1235 non
1338 1182 1510 1236 solum
1537 1182 1653 1247 lilii,
1680 1182 1773 1236 sed
1798 1198 1910 1237 suae
1936 1198 2152 1253 quoque
2178 1198 2294 1237 ma-

718 1290 878 1340 gnum
915 1288 1115 1329 vocans
1151 1274 1513 1330 Theodosium
1556 1293 1570 1328 :
1609 1291 1799 1331 revera
1846 1278 1987 1329 enim
2021 1277 2067 1330 ei
2127 1277 2296 1333 fuisse

719 1368 955 1420 i‘uturam
997 1366 1252 1436 deinceps
1282 1367 1447 1421 vitam
1494 1382 1598 1423 non
1634 1369 1877 1435 vitalem,
1910 1379 2005 1423 aut
2045 1370 2128 1425 vel
2183 1370 2295 1440 ipsa

718 1471 895 1514 morte
928 1459 1085 1530 longe
1139 1463 1488 1525 amariorem,
1539 1463 1583 1516 si
1644 1472 1754 1517 tam
1789 1464 2190 1531 intempestive.
2224 1466 2298 1518 in.

718 1552 855 1620 quit,
880 1561 935 1606 et
964 1553 1163 1607 misere
1189 1552 1239 1607 ei
1276 1552 1417 1609 ﬁlius
1440 1554 1757 1609 iutcriisset.

792 1644 881 1701 66.
939 1645 1126 1700 Potest
1174 1656 1355 1701 autem
1400 1648 1576 1700 oratio
1631 1660 1847 1715 quoque
1895 1645 2100 1715 aliquid
2149 1644 2296 1700 aliud

719 1740 921 1803 dicere,
945 1740 1123 1793 simile
1158 1737 1649 1809 praecedenti.Nam
1680 1740 1926 1809 qumdam
1947 1739 2050 1793 alia
2081 1739 2295 1807 mulier,

723 1846 841 1899 qum
869 1831 923 1885 in
952 1841 1106 1899 partu
1141 1833 1434 1900 quotannis
1472 1832 1709 1903 graviter
1760 1831 2061 1894 laborabat,
2105 1843 2160 1885 et
2201 1845 2299 1885 nec

2396 624 2506 683 οἷον
2559 629 2929 683 ἐνθουσιῶσαν
2987 631 3218 701 ἠρεμεῖν
3281 632 3382 685 οὐκ
3404 633 3491 702 ἐᾷ.
3529 631 3715 686 Ταῦτα
3750 635 3987 687 εἰποῦσα

2397 722 2488 772 καὶ
2512 721 2673 790 ἔργου
2704 722 2902 792 εἴχετο,
2933 724 3049 784 τοῖς
3072 722 3167 775 τοῦ
3189 725 3393 794 πατρὸς
3416 724 3576 787 εὐθὺς
3600 726 3786 793 γόνασι
3814 744 3987 797 προσ-

2396 815 2713 885 κυλιομένη,
2769 815 2929 885 ἰχνῶν
2978 833 3037 868 τε
3070 817 3285 868 ἐκείνου
3337 818 3683 886 ἀμφοτέραις
3735 820 3985 887 ἐφαπτο-

2398 908 2558 976 μένη.
2602 910 3089 978 περιπτυσσομένη
3145 910 3237 961 καὶ
3291 910 3528 977 χείλεσιν
3595 910 3711 980 ἃμα
3762 913 3856 965 καὶ
3916 915 3980 981 τῇ

2395 1002 2566 1071 ψυχῇ,
2604 1002 2817 1072 δάκρυα
2869 1002 3077 1054 τούτων
3129 1002 3309 1072 θερμὰ
3349 1005 3715 1074 καταχέουσα,
3750 1006 3845 1056 καὶ
3875 1023 3983 1057 σω-

2396 1096 2538 1164 τῆρα
2560 1096 2654 1149 καὶ
2676 1095 2823 1164 ζωῆς
2872 1096 3067 1161 αἴτιον,
3128 1096 3189 1148 οὐ
3227 1096 3321 1148 τοῦ
3363 1097 3554 1158 παιδὸς
3611 1099 3791 1165 μόνον,
3842 1098 3982 1150 ἀλλά

2399 1191 2489 1241 καὶ
2519 1189 2719 1258 ἑαυτῆς
2744 1189 2835 1240 τὸν
2864 1189 3041 1258 μέγαν
3068 1187 3458 1242 ἁποκαλοῦσαυ
3494 1189 3526 1257 ἢ
3556 1191 3666 1258 γάρ
3712 1190 3777 1241 ἂν
3810 1190 3984 1241 ἁὸίω-

2396 1298 2486 1333 τον
2516 1282 2654 1351 αὐτῇ
2687 1281 2872 1334 λοιπὸν
2894 1281 3119 1334 ἔσεσθαι
3146 1281 3237 1333 τὸν
3262 1280 3399 1350 βίον,
3423 1282 3456 1350 ἥ
3487 1282 3621 1334 πολὺ
3654 1282 3865 1351 μᾶλλον
3888 1285 3983 1335 καί

2398 1372 2561 1425 αὐτού
2592 1373 2827 1426 θανάτου
2872 1372 3224 1443 πικρότερον,
3264 1375 3313 1425 εἰ
3348 1373 3513 1439 ούτω,
3562 1374 3748 1443 φησὶν,
3784 1375 3983 1447 ἀώρως

2399 1464 2521 1532 ἐμοὶ
2552 1463 2643 1515 καὶ
2669 1462 2871 1527 ἀθλίως
2896 1465 2924 1516 ὁ
2956 1466 3085 1527 παῖς
3127 1464 3422 1519 ἀπολώλει.

2470 1644 2576 1709 Eg“.
2612 1645 2765 1715 Ἔχει
2815 1663 2868 1697 τι
2922 1648 3015 1699 καί
3049 1646 3178 1701 ἄλλο
3235 1646 3329 1701 τοῦ
3369 1649 3737 1719 προλαϐόντος
3773 1651 3801 1701 ό
3824 1648 3986 1716 λόγος

2400 1738 2574 1788 εἰπεῖν
2606 1738 3009 1807 παραπλήσιον.
3044 1740 3186 1810 Γυνὴ
3216 1742 3325 1807 γάρ
3352 1758 3437 1804 τις
3471 1744 3633 1814 ἑτέρα
3668 1744 3864 1805 τόκους
3885 1745 3985 1813 μὲν

2404 1830 2493 1881 καὶ
2548 1831 2753 1900 πικράς
2799 1833 2975 1885 τόκων
3055 1832 3251 1895 ὠδῖνας
3311 1835 3545 1906 ἑτησίως
3611 1837 3983 1906 ὑφισταμένη,

721 1941 784 1979 ex
823 1940 886 1980 eo
921 1925 1153 1992 aliquam
1187 1924 1435 1994 capiebat
1459 1925 1767 1980 utilitatem.
1801 1925 2117 1996 Priusquam
2153 1928 2297 1980 enim

2411 1921 2525 1974 οὐδὲ
2561 1896 2720 1991 ὀλίγα
2771 1924 2827 1976 δὲ
2858 1925 3063 1978 τούτων
3102 1896 3453 1997 ἀποναμένη
3488 1896 3582 1981 καὶ
3619 1896 3729 1999 γάρ
3785 1896 3986 2001 «sui;

721 2018 901 2073 infans
930 2019 1112 2075 editus
1167 2028 1315 2075 esset
1365 2020 1416 2074 in
1447 2020 1646 2086 lucem,
1671 2034 1701 2075 ο
1730 2019 1838 2074 vita
1881 2028 2212 2082 excesserat,
2245 2030 2301 2074 et

721 2114 938 2168 labores
992 2112 1189 2175 luctus,
1225 2122 1279 2167 et
1334 2128 1481 2168 mors
1521 2122 1733 2182 partum
1792 2113 2119 2183 excipiebat.
2176 2111 2301 2167 lla'c

720 2223 851 2276 ergo
881 2223 999 2276 qua:
1034 2208 1111 2260 sic
1131 2216 1185 2261 et
1208 2206 1407 2261 multos
1423 2207 1669 2277 pariebat
1698 2206 1859 2271 lilios,
1884 2214 1939 2262 et
1957 2216 2076 2261 erat
2104 2207 2295 2261 orbata

725 2299 871 2361 tiliis,
894 2314 1016 2353 cum
1042 2297 1155 2366 jam
1184 2298 1343 2368 longo
1376 2308 1617 2367 tempore
1639 2314 1705 2351 eo
1746 2298 1887 2353 malo
1915 2307 2062 2354 esset
2083 2307 2296 2363 vexata,

722 2394 812 2443 vix
843 2391 1055 2444 tandem
1091 2390 1297 2444 invenit
1324 2389 1450 2443 mali
1476 2390 1929 2444 medicamentum
1961 2406 1973 2443 :
2005 2397 2199 2443 etcum
2235 2388 2300 2442 ad

724 2492 970 2539 sanctum
1004 2482 1362 2553 confugisset,
1397 2484 1555 2552 eique
1577 2482 1919 2537 affectionem
1950 2498 2102 2538 suam
2134 2482 2303 2537 dixis-

722 2586 806 2633 set
841 2584 895 2630 et
943 2577 1329 2639 calamitatem,
1384 2576 1642 2645 lacrymis
1671 2577 1853 2646 potius
1905 2591 2069 2643 quam
2128 2575 2305 2630 verbis

727 2670 901 2723 virum
934 2677 1054 2723 orat
1090 2669 1460 2733 vehementer,
1502 2675 1563 2722 ut
1593 2668 1795 2721 malum
1845 2667 1896 2722 ei
1945 2667 2187 2729 sisteret,
2236 2680 2304 2719 ue

725 2763 958 2830 amplius
994 2760 1435 2831 progrederetur.
1468 2758 1706 2815 Sistetur
1735 2770 1939 2824 autem,
1972 2759 2167 2828 inquit,
2194 2772 2303 2811 non

731 2857 907 2922 aliter,
932 2871 1092 2925 quam
1119 2857 1235 2910 solo
1258 2863 1349 2909 tuo
1380 2856 1619 2918 nomine,
1653 2854 1699 2907 si
1727 2854 2046 2924 permiseris
2083 2854 2133 2907 id
2161 2854 2305 2921 quod

730 2956 1004 3008 nascetur.
1038 2947 1117 3000 sic
1158 2945 1363 3001 vocari.
1399 2944 1466 2998 Et
1527 2945 1629 2999 Iioc
1679 2945 1805 3007 erit,
1841 2944 2039 3013 inquit,
2076 2944 2210 2997 mihi
2255 2954 2309 2998 et

728 3040 932 3095 solutio
960 3039 1310 3103 calamitatis,
1336 3047 1388 3092 et
1412 3038 1522 3091 lilio
1550 3052 1718 3092 causa
1747 3037 1890 3092 vita.

801 3226 888 3278 67.
950 3224 1072 3279 llaec
1126 3238 1246 3277 cum
1301 3222 1572 3291 petiisset,
1607 3229 1661 3275 et
1687 3229 2014 3275 annuentem
2047 3236 2302 3291 magnum
2336 3256 2377 3308 ε

734 3329 889 3371 nit-ta
927 3328 1073 3372 esset
1097 3316 1488 3379 Theodosium,
1519 3324 1571 3368 et
1594 3317 1739 3383 quod
1768 3314 1963 3371 deinde
1987 3328 2172 3367 natum
2203 3324 2306 3378 est,

731 3410 1097 3464 'ilicmlnsium
1160 3412 1517 3471 nominasset,
1574 3407 1881 3461 vehementi
1936 3420 2151 3475 quoque
2207 3405 2311 3459 fide

734 3508 946 3567 dignam
980 3501 1186 3553 invenit
1216 3496 1540 3553 mercedem.
1569 3494 1683 3551 Non
1717 3495 1949 3564 amplius
1996 3497 2141 3551 enim
2185 3510 2314 3564 par-

736 3602 822 3645 tus
864 3592 1077 3644 labores
1103 3590 1149 3643 ei
1178 3604 1434 3659 peperere
1462 3588 1754 3657 lacrymas,
1782 3588 1874 3642 sed
1910 3597 2096 3656 aperte
2115 3586 2314 3640 laetitiae

735 3684 1103 3746 occasionem,
1136 3697 1259 3735 cum
1292 3696 1438 3744 eum,
1485 3681 1575 3749 qui
1615 3680 1755 3733 inter
1777 3681 1927 3732 vivos
1966 3688 2083 3731 erat
2110 3679 2314 3746 primo-

736 3777 972 3846 genitus,
1015 3773 1381 3829 Theodosium
1418 3774 1597 3827 adhuc
1628 3773 1837 3827 videret
1860 3773 2233 3841 superstitem,
2261 3781 2316 3825 et

736 3869 1094 3937 (UllllilCllle
1141 3867 1366 3920 chorum
1425 3866 1817 3919 monachorum
1869 3864 2011 3933 ejus,
2041 3864 2130 3933 qui
2164 3865 2312 3917 illum

736 3969 997 4025 genuerat
1026 3940 1324 4015 secundum
1367 3959 1653 4028 spiritum;
1696 3967 1750 4013 et
1781 3956 2044 4011 orationis
2074 3957 2312 4010 fructum

737 4060 935 4126 potius,
972 4071 1132 4126 quam
1190 4055 1318 4121 alvi,
1380 4054 1619 4121 conSpici
1667 4068 1731 4107 cx
1767 4052 2054 4121 operibus;
2101 4051 2315 4120 quando

737 4152 951 4218 quidem
988 4152 1099 4202 hanc
1126 4148 1344 4217 quidem
1377 4146 1745 4208 morientium,
1782 4145 1871 4197 illa
1905 4158 2035 4198 vero
2081 4143 2315 4197 viventis

740 4253 909 4295 mater
942 4240 1036 4294 fuit
1081 4260 1093 4293 :
1128 4250 1181 4293 et
1242 4240 1360 4293 ideo
1412 4238 1677 4291 adductus
1703 4246 1783 4315 est
1813 4236 1879 4289 ad
1921 4238 2311 4289 monasterium

737 4339 804 4387 ab
835 4349 918 4398 ea,
954 4348 1073 4401 quae
1098 4331 1304 4400 genuit,
1333 4340 1387 4384 et
1416 4329 1657 4384 vicissim
1698 4328 1808 4381 Deo
1835 4337 1915 4382 est
1948 4329 2191 4381 redditus
2220 4337 2316 4380 :ut

737 4428 879 4478 sicut
910 4435 1253 4493 praesentem,
1280 4423 1352 4475 ita
1382 4422 1546 4475 ctiam
1576 4430 1885 4473 manentem
1922 4420 2087 4471 vitam
2117 4432 2313 4472 consc-

737 4529 1015 4583 quere'ur.
1068 4516 1230 4569 Multa
1315 4514 1419 4567 alia
1481 4512 1744 4583 ejusmodi
1801 4521 1983 4579 posset
2045 4511 2310 4580 quispiam

739 4614 881 4665 illius
915 4624 1218 4665 recensere.

810 4706 897 4755 US.
932 4703 1184 4769 Quwdun
1212 4702 1393 4768 itaque
1433 4701 1535 4752 alia
1565 4700 1778 4759 mulier,
1820 4698 2059 4766 profecta
2092 4698 2313 4765 quidem

742 4814 805 4848 ex
837 4797 1053 4847 civitate
1084 4792 1381 4856 Bethleem,
1416 4806 1534 4858 qua:
1560 4790 1812 4844 similiter
1840 4790 1893 4841 in
1923 4798 2076 4857 partu
2106 4787 2317 4841 labor..—

744 4892 853 4947 lmt,
912 4901 1063 4953 mque
1110 4896 1288 4937 autem
1332 4883 1515 4935 infelix
1551 4892 1667 4935 erat
1718 4882 1796 4934 eis
1841 4890 2101 4945 cveutus,
2155 4891 2208 4933 et
2269 4881 2319 4933 in

744 4979 1001 5045 pariendo
1029 4976 1263 5047 graviter
1292 4976 1650 5043 aﬂligebatur.
1684 4984 1738 5026 et
1769 4977 1821 5025 in
1856 4987 2106 5043 magnum
2158 4988 2321 5026 voca-

746 5077 898 5123 Imtur
938 5070 1256 5139 periculum,
1278 5071 1521 5122 eaimlem
1547 5079 1760 5135 quoque
1787 5066 2042 5133 impetrat
2070 5081 2096 5117 a
2128 5082 2320 5136 magno

746 5161 1072 5221 Theodosio,
1120 5160 1308 5213 eodem
1366 5158 1763 5211 medicamento
1796 5171 1917 5217 usa,
1961 5156 2319 5216 curationem,

742 5268 795 5310 ct
828 5257 935 5309 ulio
970 5270 1068 5311 suo
1095 5252 1304 5312 eodem,
1342 5265 1449 5320 quo
1499 5250 1608 5312 ille,
1641 5259 1833 5303 vocato
1859 5248 2098 5302 nomine.
2150 5247 2319 5313 Quem

745 5363 847 5400 non
904 5347 1077 5400 solum
1125 5344 1257 5396 vidit
1310 5343 1586 5411 grandem,
1619 5349 1671 5394 et
1720 5340 1809 5409 qui
1846 5339 1959 5410 jam
2004 5339 2069 5392 ad
2103 5339 2315 5392 virilem

742 5448 955 5492 mlalem
992 5444 1345 5505 pervenerat;
1387 5434 1480 5489 sed
1536 5446 1789 5485 manuum
1837 5445 2053 5501 quoque
2092 5429 2319 5485 artiﬁcio

743 5536 1111 5597 prmstautem,
1145 5536 1198 5581 et
1229 5528 1319 5594 qui
1356 5525 1453 5577 fuit
1484 5524 1778 5578 aediﬁcator
1815 5525 2051 5593 optimus
2076 5523 2158 5577 sui
2186 5531 2321 5575 tem-

747 5621 909 5686 poris.
941 5618 1076 5671 Suut
1126 5614 1487 5681 admirabilia,
1516 5629 1636 5683 quae
1664 5614 1803 5668 dicta
1861 5623 1989 5669 sunt
2018 5628 2031 5664 τ
2071 5613 2166 5668 sed
2201 5627 2320 5681 qua:

744 5719 972 5775 restant,
1007 5719 1135 5764 sunt
1165 5710 1228 5765 iis
1255 5709 1411 5778 longe
1450 5709 1868 5764 admirabiliora.

2338 4603 2390 4660 D

2400 2014 2591 2083 τεχθὲν
2615 2018 2696 2078 εἷς
2718 2016 2811 2070 τὸν
2866 2016 2981 2087 βίον
3024 2019 3331 2088 προκῦψαι,
3363 2019 3459 2071 τοῦ
3492 2020 3609 2087 βίου
3652 2024 3987 2094 μετήρχετο,

2404 2108 2615 2171 καὶτὰς
2643 2108 2839 2173 ὠδῖνας
2871 2111 2929 2162 τὸ
2966 2110 3180 2176 πένθος,
3206 2115 3301 2165 καὶ
3356 2113 3447 2165 τὸν
3477 2114 3639 2167 τόκον
3672 2116 3704 2185 ἡ
3754 2116 3989 2187 τελευτὴ

2402 2200 2686 2272 διεδέχετο.
2744 2202 2894 2272 Αὕτη
2954 2203 3047 2257 οὖν
3077 2205 3111 2274 ὴ
3150 2203 3294 2258 οὕτω
3354 2206 3626 2269 πολύπαες
3657 2224 3715 2259 τε
3740 2207 3853 2277 ἅμα
3896 2226 3993 2261 και

2404 2292 2573 2357 ἄπαις
2606 2295 2775 2349 πολὺν
2802 2297 2901 2368 ἤδη
2926 2301 3505 2371 προσκακοπαθήσασα
3557 2300 3634 2369 τῷ
3664 2301 3823 2369 κακῷ
3863 2302 3991 2370 χρέ-

2404 2404 2511 2437 νον.
2544 2386 2642 2455 ὀψὲ
2674 2390 2769 2439 καὶ
2808 2389 2961 2457 μόλις
2991 2388 3237 2457 εὑρίσκει
3296 2389 3391 2442 τοῦ
3443 2391 3614 2443 κακοῦ
3671 2392 3988 2461 φάρμακον.

2408 2483 2517 2531 Καὶ
2544 2482 2682 2550 πρὸς
2710 2481 2802 2533 τὸν
2832 2482 2977 2533 ὅσιον
3012 2483 3406 2551 καταφυγοῦσα
3443 2486 3537 2536 καὶ
3565 2483 3624 2536 τὸ
3649 2483 3819 2545 πάθος
3840 2483 3996 2551 αύτῷ

2408 2576 2503 2626 καὶ
2528 2576 2629 2645 τὴν
2667 2576 2953 2644 συμφοράν
3013 2574 3267 2641 εἰποῦσα,
3304 2579 3418 2639 τοῖς
3465 2577 3695 2646 δάκρυσι
3726 2577 3931 2645 μᾶλλον
3959 2578 3995 2646 ἦ

2407 2670 2517 2729 τοῖς
2545 2669 2775 2736 ῥήμασι,
2810 2668 2980 2721 δεῖται
3012 2667 3233 2738 θερμῶς
3265 2668 3360 2721 τοῦ
3395 2668 3590 2738 ἀνδρὸς
3629 2670 3824 2737 στῆσαι
3853 2670 3996 2740 αὐτῇ

2406 2762 2467 2813 τὸ
2497 2761 2685 2815 λοιπὸν
2709 2761 2807 2832 τὴν
2839 2761 2933 2812 ἐπὶ
2960 2761 3125 2813 πλέον
3173 2762 3266 2813 τοῦ
3297 2760 3474 2815 κακοῦ
3516 2760 3758 2827 πρόοδον.
3789 2761 3999 2829 Στήοεο

2409 2871 2495 2906 ται
2531 2853 2587 2905 δὲ
2620 2852 2717 2905 οὐκ
2753 2851 2951 2915 ἄλλως,
2989 2855 3174 2923 φησιν,
3213 2854 3245 2924 ἢ
3281 2851 3505 2921 ὀνόματι
3557 2852 3703 2921 μόνῳ
3751 2850 3827 2919 τῷ
3880 2849 3990 2919 σῷ,

2410 2947 2458 2997 εξ
2488 2944 2803 3014 ἐπιτρέψεις
2834 2944 2978 2997 οὓτω
3009 2942 3293 2997 καλεῖσθαι
3324 2942 3385 2996 τὸ
3428 2942 3852 3012 τεχθησόμενον.
3884 2942 4001 2994 Καὶ

2408 3038 2568 3091 τοῦτο
2598 3037 2749 3091 ἔσται
2782 3039 2875 3090 καὶ
2919 3040 3019 3107 τῆς
3067 3037 3355 3108 συμφορᾶς
3391 3037 3516 3107 ἐμοὶ
3565 3035 3741 3099 λύσις,
3773 3036 3868 3086 καὶ
3894 3035 4003 3104 τῆς

2412 3131 2489 3201 τῷ
2525 3131 2678 3183 παιδὶ
2708 3132 2851 3201 ζωῆς
2887 3131 3084 3186 αἴτιον.

2486 3224 2581 3288 ξςο.
2606 3225 2789 3277 Ταῦτα
2816 3225 3157 3295 αἰτησαμένη
3191 3227 3284 3278 καὶ
3320 3220 3666 3284 ἐπινευοντος
3689 3223 3785 3275 τοῦ
3826 3224 4007 3291 μετά·

2418 3320 2508 3373 λου
2545 3320 2808 3389 τυχοῦσα,
2847 3322 2943 3374 καὶ
2984 3321 3267 3373 Θεοδόσιον
3315 3322 3376 3372 τὸ
3410 3320 3546 3389 μετὰ
3593 3319 3769 3372 ταῦτα
3806 3319 4008 3387 τεχθὲν

2417 3414 2753 3483 ὀνομάσασα,
2786 3414 2886 3482 τῆς
2940 3412 3151 3483 θερμῆς
3193 3414 3428 3476 πίστεως
3481 3410 3666 3475 ἀξίους
3727 3404 3852 3477 εὗρε
3904 3410 4009 3461 καὶ

2416 3510 2541 3570 τοὺς
2577 3507 2823 3577 μισθούς.
2863 3507 2979 3560 Οὐκ
3005 3507 3085 3560 ἔτι
3118 3507 3225 3575 γάρ
3268 3505 3521 3575 δακρύων
3556 3500 3670 3572 εἶχε
3708 3506 3870 3569 τονάς
3899 3504 4008 3565 τάς

2418 3603 2634 3664 ὠδῖνας,
2669 3602 2783 3653 ἀλλ’
2818 3600 3156 3670 εὐφροσύνης
3189 3600 3447 3666 ἄντικρυς
3494 3598 3773 3667 ἀφορμάς,
3823 3596 3913 3647 τὲην
3950 3598 4009 3647 ἐν

2421 3695 2553 3758 ζῶσι
2616 3694 2963 3764 πρωτότοκον
3018 3693 3298 3745 Θεοδόσιον
3351 3692 3430 3743 ἔτι
3480 3691 3740 3762 περιόντα
3795 3688 4010 3757 ὁρῶσα,

2419 3789 2512 3839 καὶ
2548 3786 2637 3838 τὸν
2663 3785 2911 3855 μοναχῶν
2929 3786 3088 3855 χορὸν
3113 3784 3204 3837 τοῦ
3232 3784 3372 3836 κατὰ
3403 3782 4011 3850 πνεῦμα’,νεννὴταντος

2421 3876 2847 3945 συμπληροῦντα
2870 3877 2964 3927 καὶ
2998 3877 3162 3943 εὐχῆς
3207 3875 3419 3944 καρπὸν
3455 3873 3653 3941 μᾶλλον
3698 3872 3729 3939 ἦ
3761 3870 4012 3938 γαστρὸς

2419 3969 2527 4020 ἀπὸ
2554 3967 2664 4020 τῶν
2696 3969 2873 4037 ἔργων
2909 3969 3263 4035 φαινόμενοψ
3305 3968 3482 4034 ὅσονή
3522 3966 3619 4035 μὲν
3654 3964 4013 4032 θνηςκὶντων

2422 4062 2626 4131 μήτηρ,
2671 4062 2780 4131 ἡίὲ
2813 4060 3013 4124 ζῶντος
3037 4059 3275 4130 ἐδείχθη,
3308 4061 3401 4111 καὶ
3438 4062 3504 4127 τῇ
3546 4060 3680 4125 μονῇ
3717 4054 4011 4125 προσήχθη

2419 4153 2572 4220 παρὰ
2608 4151 2706 4220 τῆς
2740 4152 3070 4219 γειναμένης
3106 4152 3199 4203 καὶ
3224 4150 3479 4216 ἀντεδόθη
3514 4147 3652 4216 Θεῷ,
3696 4147 3783 4198 ἵνα
3811 4147 3887 4208 ὡς
3910 4147 4014 4212 τῆς

2419 4241 2725 4310 παρούσης,
2768 4240 2908 4293 οὕτω
2935 4241 2994 4309 δὴ
3044 4242 3137 4293 καὶ
3181 4241 3277 4310 τῆς
3327 4239 3593 4310 μενούσης
3645 4238 3785 4309 τύχῃ
3835 4238 4012 4305 ζωῆς-

2420 4336 2592 4387 πολλά
2616 4352 2696 4396 τις
2728 4334 2794 4386 ἂν
2828 4334 2940 4402 ἔχοι
2981 4334 3087 4386 τῶν
3115 4333 3349 4400 ἐκείνου,
3381 4335 3476 4385 καὶ
3503 4333 3639 4385 ἄλλα
3680 4330 4015 4396 καταλέγειν

2420 4428 2667 4481 τοιαῦτα.

2491 4699 2589 4770 ξη’.
2625 4699 2765 4767 Γυνὴ
2791 4694 2884 4751 οὖν
2913 4699 3072 4766 ἑτέρα
3105 4715 3187 4761 τις
3235 4699 3439 4759 πόλεως
3478 4715 3577 4765 μεν
3624 4699 3722 4765 τῆς
3753 4698 4023 4767 Βηθλεὲμ

2426 4794 2746 4863 ὁρμωμένη.
2785 4792 2907 4854 ἴσας
2924 4792 2979 4843 δὲ
3004 4791 3210 4843 ὠδίνων
3234 4792 3497 4856 ἀνάγκας,
3530 4790 3647 4850 ἴσας
3676 4807 3737 4841 τε
3756 4790 3856 4853 τάς
3880 4791 4023 4842 ἀπο·

2427 4883 2616 4952 τυχίας
2664 4883 3031 4950 ὑφισταμένη,
3067 4882 3157 4933 καὶ
3190 4881 3331 4933 οὓτω
3368 4882 3651 4949 δυσφόρως
3686 4882 3829 4948 ἄγαν
3888 4886 4026 4954 περὶ

2427 4978 2556 5038 τοὺς
2589 4976 2781 5037 τόκους
2805 4976 2899 5027 καὶ
2936 4975 3325 5043 φιλοκινδύνως
3359 4976 3579 5045 ἔχουσα,
3621 4974 3728 5025 τῶν
3754 4974 3891 5026 ἰσων
3925 4978 4027 5028 καὶ

2430 5065 2567 5135 αὑτὴ
2621 5066 2771 5132 παρὰ
2822 5063 2916 5115 τοῦ
2978 5064 3215 5133 μεγάλου
3274 5066 3521 5134 τυγχάνει
3566 5064 3879 5126 Θεοδοσίου,
3923 5066 4031 5133 ἴσῳ

2428 5155 2746 5225 χρησαμένη
2790 5154 3068 5224 φαρμάκῳ
3106 5158 3241 5225 πρὸς
3270 5154 3587 5222 θεραπείαν,
3616 5155 3709 5205 καὶ
3733 5154 4032 5222 ὁμωνύμῳ

2428 5248 2624 5316 ἐκείνῳ
2652 5249 2743 5299 τὸν
2774 5248 2942 5299 παῖδα
2977 5246 3274 5300 καλέσασα.
3308 5248 3407 5299 Ὃν
3434 5248 3534 5298 ούκ
3573 5245 3888 5315 αὐξηθέντα
3926 5248 4031 5311 μή-

2427 5359 2515 5393 νον
2544 5336 2650 5393 εἶδε
2691 5341 2789 5393 καὶ
2848 5340 3042 5411 ἀνδρὸς
3070 5341 3286 5410 ἡλικίαν
3335 5339 3699 5400 ἀπολαϐόντα,
3750 5338 3895 5391 ἀλλὰ
3930 5341 4034 5392 καὶ

2427 5433 2626 5505 χειρῶν
2657 5434 2819 5505 σοφία
2844 5433 3214 5503 διενεγκόντα,
3243 5434 3331 5486 καὶ
3377 5434 3600 5503 ἄριστον
3642 5432 3946 5501 οἰκοδόμον
3972 5436 4034 5485 έν

2426 5528 2540 5589 τοῖς
2568 5526 2687 5578 τότε
2719 5526 3033 5597 γενόμενον.
3069 5524 3353 5597 Παράδοξα
3390 5524 3457 5577 τά
3504 5524 3796 5595 εἰρημένα.
3829 5524 4033 5594 πολλῷ

2434 5622 2630 5674 τούτων
2663 5621 2740 5672 ἔτι
2777 5617 3181 5690 παραδοξότερα
3214 5622 3278 5672 τὰ
3305 5619 3620 5685 λειπόμενα.
