4128 6488
162 462 271 527 537

1096 462 1272 523 νιΤΑ
1314 462 1375 522 S.
1415 460 1754 522 THEODOS

1866 460 2375 523 C(ENOBIARCH
2400 464 2469 527 Ε.
3334 468 3433 529 533

1572 616 1800 673 CAPUT
1836 617 1979 673 XVI.

956 730 1135 784 Noxia
1169 732 1463 783 animantia
1508 731 1755 784 cohibita.
1795 729 2047 786 Homines
2079 732 2321 786 malevoli
2386 732 2581 799 puniti.

233 871 335 936 ἔθ’.
369 869 615 942 Βρούχου
654 869 783 923 ποτὲ
808 872 898 922 καὶ
927 871 1143 938 ἀκρίδος
1177 871 1275 933 τάς
1294 871 1532 942 ἀρούρας
1559 870 1745 925 διαλυο

1920 872 2009 937 69,
2051 872 2186 927 Cum
2213 874 2451 928 bruchus
2479 874 2771 942 aliquando
2793 882 2846 928 et
2879 874 3088 927 locusta
3121 889 3291 928 terras
3337 877 3424 929 dc-

166 966 541 1033 μσινομένων,
577 964 795 1033 δεσμοῖς
843 963 937 1015 τοῦ
981 966 1169 1034 γήρως
1220 966 1484 1034 ἀφύκτοις
1518 967 1546 1017 ὁ
1573 967 1743 1035 μέγας

168 1058 571 1125 πεπεδημένος,
604 1057 697 1109 καὶ
728 1056 861 1126 μηδὲ
894 1058 1052 1110 ποσὶν
1074 1056 1379 1123 ἐλευθέροις
1405 1059 1637 1129 χρῆσθαι
1656 1059 1746 1112 δυ·

160 1152 419 1217 κηάμενος,
446 1149 675 1218 δεύτερα
712 1150 757 1201 δ’
787 1145 879 1203 οὖν
910 1152 1059 1219 ὅμως
1090 1151 1269 1204 πάντα
1298 1155 1397 1221 τῆς
1447 1152 1551 1203 τῶν
1611 1154 1743 1204 πολο

161 1243 271 1292 λῶν
311 1241 595 1309 τιθέμενος
625 1241 920 1312 σωτηρίας,
959 1241 1135 1304 οὕτως
1160 1238 1273 1313 εἶχε
1307 1244 1505 1307 ποδῶν,
1536 1243 1617 1297 ἔτι
1649 1246 1745 1297 καὶ

163 1334 351 1402 ῥάϐδῳ
386 1336 501 1395 τοῖς
532 1335 640 1385 τῶν
682 1335 1072 1406 πρεσϐυτέρων
1102 1338 1288 1406 νόμοις
1329 1338 1660 1409 ἀναπληρῶν
1684 1340 1744 1391 τὸ

162 1426 480 1494 ὑστέρημα,
514 1427 611 1495 τήν
640 1428 759 1480 ὁδὸν
812 1428 1042 1491 διανύει,
1081 1430 1167 1483 ἵνα
1218 1430 1361 1485 οὕτω
1396 1432 1597 1499 μᾶλλον
1651 1434 1741 1485 καὶ

160 1517 295 1569 Θεὸν
328 1518 536 1590 ἑλκύσῃ
567 1520 703 1587 πρὸς
732 1520 899 1583 ἔλεον,
932 1521 993 1573 τὸ
1026 1524 1322 1590 ἀναγκαῖον
1357 1526 1455 1593 τῆς
1508 1527 1740 1596 πορείας

157 1608 577 1679 δυσωπηθέντα.
614 1610 735 1664 Τῶν
776 1615 1046 1682 φοιτητῶν
1080 1616 1259 1668 τοίνυν
1295 1618 1388 1670 καὶ
1417 1621 1604 1687 γεῖρας
1636 1620 1741 1672 ὑπ-

158 1703 417 1767 εχ-ξιντων,
439 1704 529 1753 καὶ
556 1704 689 1755 πᾶσι
713 1706 934 1773 τρόποις
962 1706 1375 1776 θεραπευόντων
1393 1710 1453 1763 τὺ
1478 1711 1737 1781 βάδισμα,

160 1793 579 1861 καταλσμὸἀνει
639 1795 730 1847 τὸν
786 1798 952 1849 τόπον
998 1799 1181 1861 αὐτοῖς
1205 1802 1575 1869 ἐπικεκυφὼς.
1604 1805 1739 1858 ὅπου

158 1885 269 1937 τῶν
308 1887 551 1956 ἀκρίδων
583 1889 791 1957 πληθὺς
824 1890 1004 1961 ἔκειρε
1032 1893 1129 1955 τὰς
1156 1894 1395 1963 ἀρούρας
1423 1896 1509 1949 ἴσα
1528 1900 1620 1951 καὶ
1645 1918 1741 1953 πο-

154 1978 403 2045 λεμίους,
433 1981 525 2032 καὶ
550 1980 677 2042 τοὺς
707 1983 906 2052 ἀγροὺς
948 1984 1191 2053 ἐληίζετο
1239 1986 1469 2051 Στᾶντος
1510 1987 1603 2041 οὖν
1623 1992 1742 2043 ἐκεῖ

155 2068 250 2120 τοῦ
282 2069 442 2120 ὁσίου
482 2070 579 2122 καὶ
614 2074 800 2141 χεῖρας
836 2074 1163 2143 ἀνασχόντος
1212 2076 1288 2147 τῷ
1326 2078 1444 2150 6εῷ
1478 2080 1735 2144 ἱκεσίους,

155 2158 275 2212 εἶτα
312 2162 534 2216 καὶτοῦ
568 2164 797 2234 βρούχου
848 2167 911 2238 δὴ
965 2168 1156 2221 τούτου
1206 2172 1298 2223 καὶ
1345 2172 1455 2226 τῶν
1496 2174 1735 2245 ἀκρίδων

154 2255 250 2305 ἓ·ίά
292 2254 436 2323 μετά
462 2258 649 2325 χεῖρας
686 2234 962 2323 λαϐόντος,
999 2262 1092 2313 καὶ
1119 2261 1180 2313 τὸ
1206 2262 1303 2331 μὲν
1330 2264 1405 2326 ώς
1429 2234 1735 2333 ὁμοδούλοις
1770 2234 1809 2290 Β

152 2348 265 2407 τοῖς
306 2347 716 2419 εὐτελεστέροις
766 2350 973 2414 τούτοις
1028 2354 1121 2405 καὶ
1171 2355 1529 2425 βραχυτάτοις
1576 2358 1735 2423 ζώοις

152 2438 549 2509 δταλεχθέντος,
598 2443 647 2494 τὸ
670 2443 725 2496 δὲ
766 2446 858 2496 καὶ
895 2446 1168 2512 φείδεσθαι
1225 2449 1432 2503 τούτων
1485 2455 1735 2522 πενήτων

155 2533 319 2583 πόνου
353 2536 451 2585 καὶ
501 2534 597 2603 τῆς
646 2537 920 2605 γεωργίας
998 2544 1527 2612 παρεγγυήσαντος
1580 2545 1737 2599 τοῦτο

158 2628 259 2693 γὰρ
299 2626 434 2693 ύμῖν
460 2630 551 2679 καὶ
579 2627 607 2678 ό
639 2628 835 2693 κοινὸς,
868 2632 1055 2697 φησὶν,
1099 2634 1379 2686 ἐπιτάττει
1414 2638 1695 2708 Δεσπότης
1716 2656 1730 2669 ⁸

155 2719 247 2769 καὶ
274 2717 454 2780 οὕτως
481 2719 705 2789 ἡμέρως
744 2720 817 2784 ώς
863 2722 1123 2792 ἐμψύχοις
1174 2725 1524 2797 λαλήσαντος,
1552 2730 1734 2800 θαῦμα

153 2809 445 2875 ἠκολούθει
486 2814 598 2875 τοῖς
628 2813 963 2883 εἰρημένοις.
999 2816 1069 2869 Τὸ
1100 2817 1208 2887 γὰρ
1238 2819 1494 2873 τοσοῦτον
1530 2825 1741 2893 σμῆνος

154 2902 313 2968 ἔμενε
354 2902 451 2955 τοῦ
488 2903 679 2956 λοιποῦ
721 2906 857 2959 κατὰ
902 2908 1100 2979 χῶρον,
1134 2912 1230 2963 καὶ
1260 2911 1385 2965 οὔτε
1414 2915 1734 2983 μετέϐαινεν

151 2993 419 3063 ἀλλσχοῦ,
478 2994 601 3047 οὔτε
647 2992 727 3059 οἷς
778 2998 1011 3069 διέτριϐε
1062 3004 1224 3056 πάλιν
1262 3006 1729 3076 κατελυμαίνετο·

154 3085 263 3135 ἀλλ’
298 3081 413 3138 οἷον
439 3089 818 3158 σπευσάμενον
850 3094 968 3154 ταῖς
998 3094 1259 3164 ἀρούραις
1292 3097 1385 3150 τοῦ
1421 3098 1611 3153 λοιποῦ
1634 3102 1733 3164 τὰς

156 3178 252 3245 μὲν
283 3179 535 3243 ἀκάνιϐας
600 3188 960 3251 περιεπετᾶτο
1007 3188 1100 3240 καὶ
1150 3188 1440 3259 κατέκειρε
1467 3208 1480 3222 ·
1515 3193 1642 3261 φίλα
1676 3193 1732 3246 δὲ

149 3264 213 3337 ἦν
244 3269 396 3339 αὐτῷ
424 3271 520 3323 καὶ
554 3272 804 3342 εἰρηναῖα
834 3276 966 3345 πρὸς
992 3278 1118 3340 τοὺς
1160 3281 1421 3346 καρποὺς,
1448 3283 1541 3335 καὶ
1581 3283 1725 3347 ὅλως

152 3361 382 3411 ἐκεί-,ων
416 3362 727 3430 ἀπείχοντο.

215 3522 279 3567 ς’.
324 3516 492 3569 ’Λλλά
533 3518 705 3571 ταῦτα.
758 3520 855 3587 μὲν
882 3521 947 3574 δι’
973 3522 1189 3589 ἑαυτοῦ,
1226 3524 1387 3596 ἕτερα
1446 3527 1502 3581 δὲ
1536 3530 1629 3583 καὶ
1664 3530 1729 3583 δι’

154 3609 359 3678 ἑτέρων
388 3610 691 3680 κατώρθου.
730 3586 889 3665 ’Ἄλλο
916 3632 975 3666 τε
1025 3616 1135 3686 γὰρ
1176 3586 1283 3686 ’τῆς
1315 3586 1506 3689 όμοίας
1538 3625 1729 3702 μάστι·
1754 3586 1799 3649 C

150 3718 239 3765 γος
266 3702 370 3770 τὴν
400 3702 507 3771 γῆν
533 3703 847 3773 πιεζούσης,
881 3708 1180 3778 ἐπισκῆψαι
1214 3712 1269 3763 δὲ
1298 3713 1421 3765 ὅσον
1451 3714 1604 3768 οὔπω
1638 3720 1730 3771 καὶ

150 3797 209 3860 τῇ
238 3794 409 3865 κώμῃ
467 3795 640 3865 ταύτῃ
702 3797 1017 3869 μελλούσης,
1051 3802 1142 3869 ἀφ’
1175 3797 1242 3872 ἦς
1289 3805 1342 3856 οἵ
1386 3822 1443 3857 τε
1498 3808 1722 3878 πλησίον

148 3888 352 3947 πάντες
386 3886 784 3952 ἀπεσιτὶζοντο,
816 3891 907 3941 καὶ
940 3891 1151 3954 πολλοῖς
1173 3894 1280 3945 τῶν
1298 3896 1492 3949 ἐνδεῶν
1519 3898 1728 3969 ὑπῆρχε

150 3977 407 4036 κτ-ινωνὶς
433 3975 609 4044 ἀγαθή
635 4016 647 4040 ,
686 3978 859 4043 ἄγγος
884 3996 955 4043 τι,
991 3981 1202 4051 πλήσας
1250 3984 1454 4049 ἐλαίου,
1488 3987 1583 4039 καὶ
1612 3986 1730 4055 θείᾳ

150 4066 308 4118 τοῦτο
340 4068 629 4136 ἐπικλήσει
656 4070 1018 4139 καθαγιάσας,
1047 4074 1254 4143 πέμπει
1287 4076 1421 4145 πρὸς
1479 4077 1576 4148 τὴν
1623 4079 1727 4129 κώ·

154 4177 283 4225 μήν,
310 4159 447 4211 αὐτὸ
480 4163 690 4223 πιστοῖς
714 4163 807 4214 καὶ
849 4164 1116 4231 φιλοθὲοις
1137 4167 1450 4236 ἐγχειρίσας
1476 4169 1725 4238 ἀνδράσι,

149 4252 239 4301 7.1".
268 4251 475 4316 ἤρκεσε
506 4249 662 4301 τοῦτο
694 4252 850 4314 μόνον
880 4252 1034 4313 λύσις
1059 4254 1320 4306 τοσούτου
1346 4254 1596 4323 γενέσθαι
1631 4273 1729 4308 κα-

150 4340 262 4393 κειῦ.
290 4339 429 4393 Τότε
452 4340 559 4409 γὰρ
597 4341 829 4410 βλάπτον
861 4346 923 4396 ἐκ
947 4347 1115 4414 μέσου
1147 4352 1485 4417 παραχρῆμα
1513 4345 1602 4414 ἦν,
1634 4349 1727 4401 καὶ

148 4434 178 4500 ἡ
212 4433 372 4502 κώμη
404 4433 625 4502 ἀπειθὴς
657 4436 928 4505 ἐτηρεῖτο.

218 4616 316 4661 αι’.
372 4609 728 4679 Ἐσθημάτων
783 4612 889 4665 ἔδει
938 4614 1067 4667 ποτὲ
1116 4618 1227 4678 τοῖς
1250 4616 1521 4685 ἀδελφοῖς,
1561 4620 1654 4670 κει).
1675 4621 1723 4671 οἱ

152 4703 246 4766 μὲν
279 4703 604 4772 προσιόντες
647 4705 949 4774 ἠνώχλουν,
980 4708 1056 4771 τῷ
1103 4708 1160 4759 δὲ
1214 4710 1474 4779 παρέχειν
1509 4729 1559 4762 τι
1590 4716 1724 4776 πρὸς

150 4796 368 4861 ᾧνηςιν,
402 4796 485 4847 ὅτι
524 4797 598 4865 μὴ
628 4798 687 4849 τὸ
738 4797 1020 4866 βούλεσθαι
1060 4800 1221 4869 μόνον
1281 4804 1378 4854 καὶ
1442 4805 1723 4871 συναλγεῖν

1850 967 2280 1033 popularentur,
2349 966 2751 1020 inevitabilibus
2824 966 3121 1020 senectutis
3205 968 3429 1021 vinculis

1848 1062 2061 1113 vinctus
2094 1074 2319 1128 magnus
2344 1058 2713 1123 Theodosius,
2759 1068 2810 1113 et
2846 1059 2934 1127 qui
2972 1073 3067 1111 uec
3101 1058 3285 1113 liberis
3317 1060 3427 1128 qui-

1848 1153 1970 1206 dem
2020 1152 2246 1222 pedibus
2293 1153 2368 1206 uti
2412 1162 2656 1220 poterat,
2717 1152 2873 1205 saluti
2926 1153 3217 1205 multorum
3281 1162 3425 1221 post-

1849 1260 2054 1316 ponens
2073 1247 2274 1311 omnia,
2309 1246 2381 1300 ita
2402 1254 2597 1300 uterat
2626 1244 2851 1299 affectus
2874 1245 3123 1314 pedibus,
3155 1254 3209 1299 et
3240 1245 3427 1301 baculo

1849 1356 1999 1395 more
2039 1356 2227 1395 senum
2264 1340 2520 1407 suppleas
2554 1338 2697 1407 quod
2746 1339 2844 1392 sibi
2879 1340 3087 1398 deerat.
3123 1338 3263 1390 viam
3302 1354 3427 1400 per-

1846 1433 1957 1501 agit
1987 1448 2000 1484 ;
2035 1444 2094 1487 ut
2125 1433 2205 1487 sic
2233 1432 2404 1502 magis
2439 1430 2606 1486 Deum
2644 1446 2861 1501 quoque
2895 1431 3138 1485 traheret
3165 1431 3228 1481 ad
3263 1431 3426 1483 mise-

1847 1524 2158 1586 ricordiam,
2209 1532 2265 1576 ut
2334 1523 2423 1592 qui
2478 1534 2799 1592 aspecturus
2850 1533 2995 1577 esset
3046 1522 3419 1576 necessitate-r

1844 1614 1961 1682 ejus
2002 1613 2375 1683 profectionis.
2412 1614 2705 1681 Discipulis
2752 1629 2881 1683 ergo
2914 1629 3105 1667 manus
3152 1614 3424 1666 snStincn-

1846 1709 2007 1773 tibus,
2044 1718 2098 1761 et
2122 1708 2376 1761 omnibus
2418 1707 2591 1761 modis
2622 1708 2738 1775 ejus
2772 1707 3071 1772 ingressum
3120 1704 3427 1770 adjuvanti-

1846 1803 1964 1863 bus,
1991 1798 2238 1866 pervenit
2272 1798 2340 1853 iis
2371 1797 2587 1851 innixus
2642 1798 2707 1852 ad
2739 1798 2940 1860 locum,
2969 1798 3058 1850 tibi
3092 1797 3418 1850 bruchorum

1841 1905 1895 1949 et
1945 1894 2273 1948 locustarum
2307 1892 2592 1946 multitudo
2621 1892 2830 1961 ingens,
2888 1906 3048 1959 agros
3104 1905 3208 1944 nor.
3239 1889 3417 1943 minus

1840 2004 1999 2056 quam
2034 1986 2236 2049 hostes,
2265 1983 2615 2052 papulabatur
2648 1998 2699 2036 et
2746 1982 3079 2039 tierastabat.
3118 1981 3251 2036 Cum
3291 1995 3421 2051 ergo

1840 2091 2060 2135 sanctus
2096 2079 2206 2133 illic
2251 2086 2444 2140 staret,
2474 2086 2529 2130 et
2560 2091 2751 2129 manus
2796 2076 3107 2130 sustulisset
3151 2076 3261 2128 Deo
3292 2091 3419 2142 supc-

1841 2170 2025 2238 plices,
2058 2177 2114 2221 et
2146 2166 2342 2221 deinde
2390 2166 2582 2219 horum
2622 2164 2951 2218 bruchorum
2994 2173 3047 2217 et
3090 2162 3416 2215 locustarum

1841 2275 2004 2313 unum
2036 2260 2089 2312 in
2114 2271 2304 2311 manus
2328 2256 2683 2325 sumpsisset;
2725 2264 2779 2309 et
2829 2256 3025 2324 partim
3059 2254 3276 2321 quidem
3298 2268 3417 2306 cum

1840 2347 2119 2402 vilissimis
2148 2354 2203 2401 et
2251 2344 2587 2400 brevissimis
2619 2344 2960 2405 animalibus,
2996 2354 3267 2411 tamquam
3295 2358 3416 2395 cum

1838 2436 2135 2499 conservis,
2168 2433 2559 2498 disseruisset;
2592 2433 2789 2501 partim
2842 2443 3021 2486 autem
3055 2432 3328 2499 juSsisset,
3362 2443 3419 2484 ut

1839 2528 2008 2582 labori
2079 2543 2375 2598 pauperum
2450 2538 2504 2582 et
2534 2527 2877 2596 agricultura:
2924 2536 3248 2595 parcerent;
3291 2527 3418 2593 (hoc

1836 2623 1979 2675 enim
2046 2621 2233 2686 vobis,
2288 2619 2483 2689 inquit,
2547 2620 2850 2671 communis
2919 2633 3131 2688 quoque
3176 2618 3417 2686 praecipi:

1840 2712 2145 2778 Dominus,)
2176 2725 2408 2780 cumque
2425 2724 2547 2763 cum
2566 2710 2645 2762 eis
2673 2709 2749 2761 ita
2773 2708 2981 2778 placide
3010 2708 3221 2762 locutus
3245 2717 3412 2767 esset,

1838 2809 2092 2867 tanquam
2163 2813 2284 2852 cum
2340 2797 2629 2861 animatis;
2694 2812 2756 2851 ea
2814 2813 2935 2866 quae
2983 2799 3122 2852 dit-ta
3181 2797 3414 2859 fuerant,

1835 2896 2186 2944 consecutum
2218 2898 2303 2942 est
2346 2887 2692 2942 miraculum.
2734 2887 2963 2941 Tantum
3013 2889 3155 2942 enim
3190 2904 3415 2940 exanwn

1836 2982 2086 3049 deinceps
2128 2978 2325 3034 mansit
2358 2979 2411 3034 in
2465 2980 2705 3049 regione,
2760 2986 2814 3033 et
2854 2994 2953 3032 nec
2987 2979 3238 3031 transivit
3284 2978 3414 3041 alio,

1836 3088 1935 3127 nec
1961 3073 2217 3126 damnum
2257 3072 2405 3127 dedit
2436 3072 2501 3126 iis
2541 3072 2697 3136 locis,
2744 3073 2797 3127 in
2839 3073 3036 3141 quibus
3058 3071 3412 3125 versabatur:

1835 3164 1928 3219 sed
1958 3165 2116 3219 veluti
2155 3164 2356 3218 [φάει-ε
2392 3164 2525 3218 inito
2546 3181 2668 3219 cum
2695 3166 2839 3233 agris
2868 3166 2932 3217 de
2956 3174 3156 3218 caetero
3183 3163 3414 3216 circum-

1835 3255 2051 3310 volabat
2076 3256 2314 3324 quidem,
2347 3264 2401 3309 et
2430 3255 2722 3309 arrodebat
2774 3254 2956 3323 spinas
2987 3272 3000 3307 :
3033 3253 3269 3306 amicitia
3321 3268 3413 3306 au-

1834 3355 1940 3402 tem
1972 3356 2025 3401 et
2050 3362 2149 3416 pax
2183 3348 2231 3401 ei
2280 3347 2645 3400 intercedebat
2678 3362 2800 3400 cum
2846 3346 3128 3408 fructibus,
3160 3355 3215 3399 et
3244 3346 3311 3399 ab
3334 3345 3412 3399 eis

1834 3437 2055 3491 omnino
2093 3436 2420 3490 abstinebat.

1906 3527 1993 3581 70.
2060 3527 2163 3581 Sed
2216 3529 2331 3581 haec
2361 3528 2578 3597 quidem
2635 3540 2729 3595 per
2766 3542 2843 3592 sc,
2902 3527 3005 3579 alia
3046 3535 3223 3579 autem
3265 3537 3411 3579 recte

1832 3634 2046 3689 quoque
2079 3620 2245 3689 gessit
2296 3635 2391 3689 per
2435 3620 2583 3674 alios.
2640 3618 2773 3672 Nam
2828 3634 2949 3673 cum
2982 3619 3114 3672 alias
3142 3618 3409 3689 ﬂagellum

1833 3711 2010 3764 simile
2062 3721 2260 3763 terram
2300 3720 2589 3778 premeret,
2618 3718 2671 3762 et
2715 3710 2993 3763 videbatur
3039 3708 3173 3773 fore,
3202 3719 3259 3761 ut
3288 3724 3406 3761 mox

1832 3805 1879 3855 ei
1912 3804 2027 3855 vico
2056 3802 2416 3865 incumberet,
2436 3816 2500 3855 ex
2528 3818 2635 3869 quo
2657 3813 2711 3855 ct
2737 3801 2900 3855 vicini
2933 3816 3122 3855 omnes
3142 3802 3403 3869 parabant

1832 3905 2214 3957 commeatum,
2250 3904 2303 3947 et
2345 3895 2433 3962 qui
2493 3894 2674 3945 multis
2721 3893 2950 3962 benigne
2977 3892 3411 3945 communicabat

1831 4001 1915 4049 ea,
1947 3987 2142 4055 quibus
2172 4000 2305 4053 opus
2352 3984 2661 4047 habebant;
2699 3999 2821 4036 cum
2850 3998 2945 4036 vas
2978 3984 3245 4050 quoddam
3307 3982 3409 4034 im—

1831 4078 2030 4148 plesset
2057 4078 2265 4141 oleo,et
2289 4077 2391 4131 hoc
2412 4077 2749 4131 invocatione
2778 4076 2957 4127 divina
2992 4075 3408 4137 sanctiﬁcassﬂ,

1832 4170 1882 4223 id
1916 4172 2079 4223 mittit
2112 4171 2161 4223 in
2184 4172 2358 4223 vicum
2393 4188 2408 4225 :
2437 4180 2490 4224 et
2515 4183 2635 4223 cum
2656 4169 2786 4221 viris
2828 4167 3136 4220 tradidisset
3162 4166 3409 4219 lidelibus

1828 4269 1881 4314 et
1926 4262 2059 4329 piis,
2117 4262 2218 4314 hoc
2275 4261 2448 4315 solum
2490 4259 2721 4323 suffecit,
2768 4270 2825 4312 ut
2876 4268 3021 4312 esset
3088 4259 3223 4311 tanti
3283 4258 3407 4311 mali

1829 4353 2047 4408 solutio.
2104 4351 2255 4406 Tunc
2311 4353 2453 4405 enim
2512 4363 2731 4420 repente
2777 4351 2843 4405 de
2894 4350 3070 4403 medio
3137 4349 3406 4401 sublatum

1827 4455 1913 4501 est
1958 4446 2010 4499 id
2062 4446 2206 4514 quod
2271 4444 2539 4511 lteJebat,
2603 4454 2652 4498 et
2724 4444 2877 4497 vicus
2934 4452 3283 4497 conservatus
3327 4452 3410 4497 est

1827 4538 2043 4593 illaesus.

1897 4632 1982 4684 7t.
2006 4629 2357 4685 Vestimentis
2382 4628 2671 4698 aliquando
2701 4628 2800 4681 fuit
2829 4642 2965 4697 Opus
3014 4626 3273 4683 fratribus
3304 4642 3319 4679 :
3353 4637 3407 4682 et

1826 4722 1899 4785 illi
1943 4722 2158 4788 quidem
2192 4721 2239 4774 ei
2285 4720 2613 4774 exhibebant
2675 4719 3012 4779 molestiam,
3071 4727 3127 4769 ut
3183 4716 3386 4785 aliquid

1827 4814 2089 4875 praeberet
2114 4812 2179 4863 ad
2205 4811 2487 4864 emendum
2522 4828 2533 4862 :
2560 4810 2814 4878 quoniam
2857 4810 2899 4861 si
2928 4808 3060 4861 velle
3094 4816 3147 4859 et
3172 4807 3404 4860 commi-

146 4887 291 4937 οὐδὲν
318 4884 405 4956 ἦν·
432 4888 571 4958 πλὴν
602 4889 736 4942 ἀλλὰ
756 4890 849 4942 τοῦ
876 4893 1151 4945 Δεσπότου
1181 4897 1246 4964 τῇ
1277 4895 1498 4963 ἀψευδεῖ
1526 4895 1723 4967 θαρρή-

1836 4905 1998 4958 serari
2037 4903 2336 4960 tolleretur.
2396 4903 2529 4955 nihil
2568 4912 2703 4956 eral.
2758 4902 2861 4954 Sed
2894 4914 3073 4955 tamen
3127 4899 3407 4953 confidens

150 4993 239 5040 σας
270 4980 603 5048 ἐπαγγελίμ,
632 4980 803 5052 ταύτῃ
836 4984 968 5051 πρὸς
992 4986 1188 5048 αὐτοὺς
1217 4987 1417 5057 ἐχρῆτο
1440 4988 1534 5040 καὶ
1564 4989 1686 5040 τότε
1706 5004 1723 5020 °

148 5071 238 5135 Μὶι
260 5073 695 5139 μεριμνήσητε,
728 5075 920 5143 λέγων,
949 5079 1080 5145 περὶ
1112 5078 1218 5145 τῆς
1246 5082 1479 5147 αὔριον.
1508 5084 1602 5133 καὶ
1626 5082 1723 5147 τῆς

148 5162 407 5228 ἐπιούσης
436 5165 517 5224 εἰς
552 5162 614 5228 ἕρ
630 5182 713 5228 (ον
742 5164 984 5227 ἐξέὁαινε
1017 5168 1084 5219 τὰ
1111 5168 1516 5237 ἐπηγγελμένα.
1546 5169 1722 5230 Εὐθὺς

150 5254 249 5323 γάρ
275 5272 357 5316 τις
382 5255 549 5308 ποθὲν
584 5257 951 5327 ἐπιδημήσας,
976 5261 1212 5329 χρυσοὺς
1238 5261 1432 5314 ἑκατὸν
1451 5262 1720 5331 ἐδωρεῖτο.

149 5346 193 5396 οἱ
224 5350 317 5399 καὶ
349 5349 604 5412 ὼθέντες
644 5351 725 5414 εἷς
768 5351 866 5421 τὴν
918 5353 1025 5405 τῶν
1054 5355 1376 5423 ὲσυημάτων
1402 5356 1589 5425 γρείαν
1622 5357 1722 5407 ὑπ-

151 5438 375 5505 ηρέτου-ι
408 5441 527 5502 τοῖς
558 5440 829 5509 ἀδελφοῖς.

217 5609 316 5663 οϐ’.
372 5612 648 5674 ἰουλιανός
677 5631 759 5676 τις
813 5616 868 5667 ὲν
907 5619 1045 5688 ἀρχῇ
1085 5618 1184 5687 μὲν
1233 5619 1332 5688 ἤδη
1360 5620 1457 5688 τῆς
1506 5620 1718 5689 ἡλικίας

155 5700 225 5769 τῷ
266 5705 493 5773 μεγάλῳ
520 5707 813 5776 φοιτήτας,
847 5710 1071 5781 ὕστερον
1109 5712 1165 5763 δὲ
1198 5713 1398 5783 ποιμὴν
1432 5729 1525 5766 και
1558 5713 1717 5775 αὐτὸς

217 5860 259 5889 δ’
323 5857 507 5919 Matth.
566 5879 636 5928 vi,
684 5864 772 5919 54,

1832 4996 2081 5049 νει-ἰδίω
2118 4993 2325 5046 Domini
2360 4993 2726 5061 promissioni,
2758 5009 2819 5046 ea
2873 5002 3001 5045 tunc
3032 4992 3171 5061 apud
3202 5004 3294 5042 eos
3322 4998 3407 5042 est

1834 5100 1985 5149 u-zus,
2042 5085 2269 5137 dicens:
2307 5081 2487 5136 Nolite
2541 5100 2651 5136 esse
2694 5084 2907 5135 solliciti
2955 5084 3019 5134 de
3070 5081 3301 5133 crastino
3334 5080 3399 5132 ³⁸.

1832 5169 2087 5238 Sequenti
2118 5180 2296 5223 autem
2321 5171 2406 5224 die
2430 5169 2679 5223 effectum
2711 5182 2834 5222 sunt
2868 5177 3157 5224 consecuta
3178 5184 3259 5233 ca,
3287 5183 3405 5235 qua:

1831 5259 2093 5327 promissa
2148 5262 2378 5313 fuerant.
2429 5259 2683 5313 Protinus
2716 5260 2861 5313 enim
2894 5260 3112 5329 quidam
3145 5259 3395 5311 alicunde

1828 5351 2163 5414 adveniens,
2214 5361 2433 5403 centum
2495 5349 2642 5403 dedit
2694 5365 2886 5403 aureos
2933 5368 2946 5403 :
3009 5350 3097 5416 qui
3180 5348 3398 5417 quidem

1827 5444 1933 5495 «luti
1966 5458 1984 5496 :
2021 5443 2082 5494 ad
2140 5456 2294 5494 usum
2351 5442 2795 5495 vestimentorum
2844 5444 3150 5496 servierunt
3212 5440 3400 5493 fratri-

1828 5531 1945 5584 bus.

1898 5624 1985 5677 7‘3.
2015 5622 2262 5676 Julianus
2291 5624 2632 5692 quidam,qui
2658 5623 2723 5675 ab
2756 5622 2975 5676 ineunte
3002 5622 3217 5690 quidem
3240 5634 3398 5673 :etate

1831 5715 2108 5768 ventitavit
2136 5713 2200 5766 ad
2235 5727 2483 5781 magnum
2540 5711 2926 5775 Theodosium,
2983 5718 3167 5780 postea
3215 5723 3389 5763 autem
