4128 6488
114 429 196 496 545
1012 429 1189 490 νιΤΑ
1231 427 1289 488 S.
1334 425 1666 488 THEODOS

1792 428 2389 491 C(ENOBIARCII/E.

3247 436 3355 502 546

116 543 260 609 ἔχοντι
288 537 594 608 παρόμοιον
630 538 960 609 ἀντεπῆγεν,
997 540 1186 611 ὥσπερ
1228 540 1281 592 εἰ
1334 558 1420 603 τις
1470 540 1535 593 τὰ
1569 540 1666 593 erit

1783 543 1871 595 Lat
1894 544 2093 606 simile,
2127 543 2352 612 perinde
2373 558 2437 597 ac
2480 544 2522 596 si
2557 545 2677 613 quis
2703 545 2916 613 jnberct
2940 566 3101 606 sanes
3131 568 3189 605 ca
3221 557 3356 608 toie-

116 624 384 677 νοσούντων
408 626 650 695 ἀνοήτως
683 627 979 695 ὑπομένειν
1032 630 1319 699 ἐπιτρέπει
1339 632 1462 692 to);
1491 631 1667 696 ὑγιαί-

115 736 305 781 νοντις⁶
344 718 484 770 ὥστε
540 718 700 783 δῆλον
750 715 884 771 εἶναι
925 722 1015 772 τὶν
1056 720 1285 789 ἀδελφὸν
1336 721 1428 773 καὶ
1473 724 1668 787 ἑτέραν

118 812 236 862 νζσον
277 810 676 879 χαὶεπωτάτην
741 813 937 874 νοσεῖν,
991 812 1089 879 τὴν
1147 812 1554 881 ἀναισχυντίαν.
1601 810 1665 862 Τί

116 902 432 971 ιῦνόμὲγας
486 904 553 971 τῇ
594 903 904 972 μετριότητι
957 904 1051 956 καὶ
1110 903 1189 973 τῷ
1241 904 1487 973 ταπεινῷ
1547 903 1667 955 λίαν

116 993 284 1065 sentt»;
337 999 432 1047 καὶ
498 996 787 1066 οὐράνιοςς
847 995 1063 1065 δέχεται
1112 997 1209 1064 τὴν
1264 995 1548 1066 ἐπιτιμίαν
1593 996 1666 1058 ὡς

116 1088 261 1150 καλῶς
288 1087 619 1157 γενομένην,
660 1088 754 1140 καὶ
776 1088 851 1152 ὡς
872 1088 1057 1158 χώραν
1089 1090 1176 1140 ἐπ’
1212 1088 1360 1157 αὐτῷ
1412 1088 1664 1157 ἔχουσαν,

117 1184 188 1234 καὶ
207 1183 258 1234 οὗ
283 1182 554 1252 πρότερον
584 1181 693 1234 τῶν
726 1182 887 1234 θείων
912 1184 1277 1251 ἐκοινώνησεν
1329 1181 1664 1250 μυστηρίων,

118 1280 196 1338 ἕως
225 1277 431 1339 αὑτὲςό
456 1275 648 1341 δήσας,
682 1276 845 1338 αὐτὸς
879 1275 989 1346 ἄρα
1021 1277 1113 1329 καὶ
1138 1276 1235 1347 τὴν
1279 1275 1430 1329 λύσιν
1459 1277 1670 1342 ἐπήγα-

119 1384 207 1432 γεν,
236 1362 341 1418 Ἦν
377 1369 485 1437 γὰρ
523 1368 764 1425 Μωσέως
819 1365 1080 1435 ἄντικρυς
1115 1365 1384 1436 ζηλωτὴς,
1440 1366 1669 1435 φοδερὸς

121 1461 195 1525 μὲν
224 1460 309 1509 καὶ
351 1457 732 1527 ἀπαραίτητος
772 1458 882 1519 τοῖς
908 1456 1286 1526 ἁμαρτάνουσι
1323 1456 1457 1525 πρὸς
1514 1454 1666 1517 Θεὸν,

117 1552 331 1621 ἐπιεικὴς
357 1552 416 1604 δε
441 1551 562 1603 λίαν
586 1552 679 1604 καὶ
708 1552 914 1621 ἥμερος
947 1553 1060 1612 τοῖς
1089 1550 1223 1621 πρὸς
1252 1550 1417 1602 αὑτὸν
1449 1551 1671 1602 πταίου-

120 1664 158 1697 σι
196 1646 621 1715 γνωριζόμενος·
656 1644 731 1707 ὡς
780 1646 916 1712 μήτε
953 1644 1041 1696 διὰ
1082 1642 1145 1695 τὸ
1192 1644 1365 1715 πρᾶον
1429 1644 1665 1695 εὐκατα-

120 1740 373 1806 φρόνητοι,
411 1738 550 1807 μήτε
595 1736 675 1805 τῷ
710 1739 1057 1789 παντάπασιν
1115 1735 1376 1805 αὐστηρῷ
1415 1737 1668 1804 ,ρσρτικὸν

116 1829 247 1896 εἶναι,
275 1819 375 1883 καῖ
401 1832 670 1899 σωμάτων
700 1829 879 1900 μόνον,
912 1830 971 1881 οὐ
999 1830 1188 1900 ψυχῶν
1217 1829 1476 1899 ἄρχοντα.
1504 1828 1668 1882 Καλῦ

120 1926 312 1994 μὲνγὰρ
348 1926 450 1996 τὴν
482 1927 580 1995 μὲν
636 1928 699 1978 ὲκ
745 1926 911 1993 φόϐου
944 1926 1103 1995 μόνον
1162 1923 1362 1995 ἀρχὴν,
1401 1925 1668 1994 σωμάτων

118 2021 279 2089 ἀρχὴν,
310 2022 414 2089 τὴν
444 2020 498 2071 δέ
524 2035 585 2086 γε
613 2018 707 2071 καὶ
738 2019 897 2071 πόθον
944 2018 1389 2087 συγκεκραμένον
1439 2016 1668 2087 ἔχουσαν

118 2113 192 2163 καὶ
216 2109 421 2180 ψυχῶν.

174 2287 233 2341 π’.
264 2291 334 2340 υὺ
370 2290 620 2349 Μωσέως
651 2288 708 2339 δὲ
742 2286 921 2357 μόνον,
954 2286 1090 2340 ἀλλὰ
1142 2287 1236 2338 καὶ
1269 2284 1471 2348 παντὸς
1502 2284 1665 2337 ἄλλον

118 2386 160 2432 τὸ
184 2383 435 2451 διαφέρον
466 2385 543 2442 εἰς
584 2380 784 2451 ἀρετὴν
820 2382 1108 2449 ἐμιμεῖτο*
1156 2373 1268 2431 οἷον
1303 2378 1555 2447 Ἀϐραὰμ
1608 2377 1669 2429 τὸ

118 2477 225 2543 πρὸς
251 2477 429 2528 πάντα
460 2474 581 2543 Θεῷ
607 2473 942 2544 πειθαρχεῖν,
976 2473 1069 2525 καὶ
1118 2473 1185 2525 δι’
1215 2474 1424 2525 ἐκεῖνον
1451 2473 1669 2525 πάντων

115 2568 388 2637 ὀλιγωρεῖν,
424 2568 485 2619 οὐ
515 2566 813 2637 χρημάτων
841 2565 1047 2630 ἁπλῶς,
1087 2565 1120 2635 ἢ
1155 2564 1435 2635 πατρίδος,
1476 2566 1507 2634 ἢ
1542 2581 1669 2616 συν-

118 2660 235 2728 ᾐῡων
278 2662 366 2713 καὶ
430 2658 734 2727 συγγενῶν,
788 2656 923 2711 ἀλλὰ
959 2657 1053 2711 καὶ
1094 2656 1308 2725 φύσεως
1340 2657 1510 2725 αὐτῆς
1576 2658 1668 2710 καὶ

117 2755 251 2823 ζωῆς.
279 2754 399 2805 Τῶν
435 2754 545 2823 γὰρ
564 2752 629 2822 δὴ
658 2753 1046 2822 προσηκόντων
1076 2752 1137 2804 οὐ
1164 2749 1300 2803 Θεοῦ
1329 2750 1513 2821 μόνον,
1533 2750 1671 2803 ἀλλὰ

117 2846 328 2907 καὶτοὺς
364 2844 514 2896 κατὰ
562 2843 696 2895 Θεὸν
749 2842 960 2907 ζῶντας
1006 2844 1194 2913 ἡγεῖτο
1244 2842 1667 2912 προτιμητέους,

115 2939 186 2987 καὶ
209 2939 425 2999 τούτους
485 2937 690 3007 μᾶλλον
737 2939 814 2999 εἰς
860 2938 1185 3004 συγγένειαν
1234 2930 1387 2987 εἷλκε
1435 2934 1513 3005 τῷ
1571 2934 1669 3004 τῆς

116 3032 283 3100 ἀρετῆς
314 3030 486 3101 λόγῳ,
529 3032 623 3082 καὶ
658 3031 754 3099 τῆς
788 3029 917 3099 περὶ
954 3028 1086 3082 αὐτὸ
1129 3026 1367 3095 σπουδῆς
1419 3028 1513 3079 καὶ
1540 3042 1667 3079 συν-

120 3126 335 3185 νεύσεως.
376 3124 578 3176 Ἰσαὰκ
604 3124 705 3192 τὴν
740 3123 875 3195 πρὸς
908 3123 1033 3185 τοὺς
1066 3123 1471 3191 πνευματικοὺς
1502 3120 1669 3171 πατέ·

116 3236 191 3285 ρας
219 3220 373 3289 μέχρι
422 3220 523 3271 καὶ
561 3218 793 3271 Θανάτου
825 3216 1091 3287 ὑπακοὴν,
1117 3215 1212 3268 καὶ
1243 3213 1344 3284 τὴν
1374 3212 1669 3282 εὐαρεστὲν

115 3313 269 3363 ϐιαία)
323 3310 494 3363 αὐτοῦ
559 3309 654 3362 τοῦ
717 3307 989 3378 σώματος.
1063 3306 1254 3361 Ἰακὼό
1293 3305 1355 3358 τὸ
1395 3305 1667 3359 ἄπλαστον

113 3403 317 3471 ἀκριϐῶς
348 3404 445 3454 καὶ
473 3399 743 3470 πονηρίας
775 3401 957 3469 πάσης
987 3397 1297 3467 ἐλεύθερον,
1338 3396 1454 3467 (καὶ
1475 3396 1666 3449 τούτου

116 3498 354 3565 μαρτυρες
409 3493 693 3562 ἁξιόχρεοι
733 3492 848 3544 ὅσοι
897 3492 1093 3561 πεῖραν
1135 3488 1303 3545 αὑτοῦ
1336 3488 1446 3542 τῶν
1479 3506 1668 3542 συνου-

114 3588 214 3638 ster
231 3590 319 3640 καὶ
354 3589 457 3657 τῆς
489 3585 714 3656 ὁμιλίας
741 3583 1073 3655 εἰλήφασιν).
1115 3582 1363 3637 Ἰωάννου
1403 3584 1504 3653 τὴν
1537 3584 1668 3652 ἐρη-

114 3679 215 3741 μίαν
261 3682 351 3733 καὶ
411 3678 718 3749 ἀτροφίανο
763 3677 969 3746 Πέτρου
1000 3676 1064 3729 τὸ
1109 3674 1334 3747 Θερμδν,
1367 3675 1509 3746 μετὰ
1566 3675 1665 3744 τῆς

112 3773 333 3839 ἁκριεοῦς
384 3773 669 3833 πίστεωςο
725 3768 935 3822 Παύλου
976 3769 1038 3821 τὸ
1096 3769 1320 3838 ἐνεργὸν
1368 3767 1665 3828 διαπαντὸς

113 3866 221 3931 ὶπὲρ
252 3865 338 3918 τοῦ
389 3862 571 3917 καλοῦ
619 3862 715 3914 καὶ
761 3860 1169 3930 ταλαιπωρικὸν
1212 3860 1305 3913 καὶ
1348 3859 1665 3929 φερέπονον,

112 3960 182 4005 καὶ
208 3959 261 4008 τὸ
288 3958 468 4009 πᾶσαν
507 3954 711 4025 μικροῦ
739 3956 838 4022 τὴν
861 3952 1188 4024 οίκουμένην
1216 3952 1407 4023 ὥσπερ
1436 3953 1664 4016 ἐκεῖνος,

111 4051 183 4119 τὴν
211 4056 300 4121 μὲν
331 4055 485 4115 ποσὶ,
520 4050 623 4119 τὴν
649 4048 705 4101 δὲ
736 4048 937 4115 λόγοις,
972 4048 1073 4118 τὴν
1119 4048 1178 4101 δὲ
1231 4049 1391 4119 φήμῃ
1449 4047 1669 4117 διαδρα-

112 4145 225 4207 μεῖν·
253 4144 346 4196 καὶ
383 4143 684 4195 συνελόντα
713 4141 902 4208 φάναι,
936 4135 1025 4194 οἷά
1048 4157 1132 4203 τις
1160 4140 1420 4211 γραφέων
1448 4138 1666 4210 ἄριστος

108 4238 156 4286 τὰ
186 4240 436 4291 κάλλιστα
474 4234 823 4304 πανταχόθεν
870 4234 968 4304 τῆς
1007 4235 1209 4304 ἀρετῆς
1242 4230 1509 4303 χρώματα
1542 4233 1666 4285 συλ-

109 4327 386 4399 λεξάμενος,
412 4329 515 4383 καὶ
558 4327 801 4396 κεράσας
828 4324 911 4391 εὖ,
939 4325 1249 4396 ἀρχέτυπον
1279 4320 1391 4384 οἷον
1410 4327 1502 4379 τὸν
1538 4327 1666 4379 ἑαυ-

110 4424 177 4475 τιῦ
231 4424 339 4493 βίον
373 4420 673 4476 ἐπαινέσαι
711 4418 931 4490 μᾶλλον,
979 4420 1013 4490 ἢ
1078 4419 1425 4490 μιμήσασθαι
1460 4419 1662 4490 ῥᾴδιον,

107 4518 191 4577 τοῖς
216 4516 527 4591 φιλαρέτοις
561 4513 919 4583 προέστησεν.

161 4706 258 4753 :a'.
286 4699 422 4753 Οὐδὲ
478 4699 508 4750 ό
542 4695 864 4766 θαυμαστὸς
907 4694 1027 4748 ’1ὼὸ
1075 4693 1179 4758 ἔξω
1236 4694 1331 4749 τοῦ
1363 4695 1525 4767 χοροῦ
1552 4694 1661 4748 τῶν

108 4792 223 4860 αὖτῷ
262 4791 593 4861 ληφθέντων
634 4793 714 4849 εἰς
753 4786 1007 4857 μίμησιν,
1050 4784 1187 4839 ἀλλὰ
1223 4787 1315 4839 καὶ
1344 4787 1512 4840 αὑτοῦ
1563 4785 1660 4855 τὴν

110 4886 365 4955 ὑπομονὴν,
401 4887 501 4937 καὶ
534 4882 774 4933 πάντοτε
830 4880 952 4947 μὲν,
988 4878 1124 4947 πρὸς
1165 4877 1245 4950 τῷ
1285 4878 1431 4931 τέλει
1462 4878 1519 4931 δὲ
1569 4880 1662 4931 καὶ

108 4982 393 5048 τρανότερον
448 4976 793 5047 ἐμιμήσατο.
844 4972 998 5025 Ἐπεὶ
1044 4972 1154 5043 γὰρ
1180 4970 1406 5042 ἔμελλεν
1435 4971 1535 5042 ήδη
1569 4970 1661 5024 τὸν

109 5069 403 5138 ἀνθρώπινον
433 5064 849 5135 ὑπεξέρχεσθαι
883 5063 1017 5133 βίον,
1080 5064 1174 5115 καὶ
1204 5064 1326 5115 ἀντὶ
1360 5063 1546 5115 κόπων
1585 5055 1661 5116 ὧν

111 5156 233 5225 aias»,
259 5162 490 5231 αμοιὸὰς
522 5158 596 5220 ἃς
630 5159 827 5227 ἦλπισε
858 5157 953 5207 καὶ
1006 5154 1309 5220 ἀντιδόσεις
1339 5154 1655 5218 ἀπολαϐεῖν,

112 5254 251 5307 ἔπεισί
298 5273 380 5319 τις
412 5254 574 5323 αὑτῷ
636 5250 925 5303 τελευταία
960 5251 1112 5312 νόσος
1167 5250 1263 5303 καὶ
1318 5250 1529 5320 χρονία,
1567 5248 1659 5300 καὶ

112 5346 253 5417 ὀλίγον
279 5350 384 5403 δεῖν
418 5349 549 5403 οὐδὲ
596 5345 705 5413 νέῳ
736 5346 831 5396 καὶ
860 5344 1161 5413 ἀκμάζοντι
1184 5342 1396 5413 σώματι
1425 5346 1656 5413 φορητὴ,

114 5456 183 5510 0.1
207 5446 337 5505 ὅπως
369 5444 629 5512 γήρατος
672 5436 813 5489 οὓτω
838 5439 933 5491 καὶ
987 5436 1263 5508 φιλαρὲτῳ
1315 5434 1658 5504 κακοπαθείᾳ

114 5536 545 5605 κατειργασμένῳ.
588 5527 779 5600 Ταύτῃ
821 5546 902 5581 τοι
929 5530 1022 5581 καὶ
1049 5528 1172 5581 ὅλον
1206 5527 1455 5582 ἐνιαυτὸν
1485 5527 1658 5579 κλινο-

115 5626 240 5696 πετὴς
260 5622 341 5697 ἦν,
390 5630 490 5681 καὶ
524 5623 751 5684 ὀδύναις
804 5624 1040 5692 ἁμάχοις
1069 5621 1337 5685 παλαίων,
1390 5622 1485 5676 καὶ
1540 5623 1657 5683 ταῖς

115 5718 339 5783 temerat;
374 5719 598 5787 (θλίψεσι
662 5713 1081 5783 πλατυνόμενος.
1146 5715 1279 5766 Τότε
1325 5715 1433 5785 γὰρ
1483 5716 1657 5785 δέρμα

117 5808 391 5879 τώλαγόνος
438 5812 533 5864 διὰ
580 5808 690 5878 τὴν
720 5807 784 5858 ἐκ
820 5805 917 5875 τῆς
949 5806 1106 5858 νόσου
1142 5804 1299 5875 τῆξιν
1338 5806 1653 5877 ὑποσυρεὶς,

121 5908 185 5950 καὶ
210 5906 256 5952 τό
294 5903 380 5955 τοῦ
417 5903 585 5970 λόγου
627 5897 790 5959 σκιᾶς
829 5895 1044 5950 είδωλον
1079 5895 1341 5964 γεγονὼς,
1377 5897 1451 5960 ὡς
1508 5895 1655 5967 αὐτῷ

1776 649 1915 699 rare,
1946 649 2067 703 quae
2095 635 2326 688 tolerant
2359 635 2545 703 aegroti
2582 654 2594 689 :
2629 638 2764 692 adeo
2796 649 2852 693 ut
2883 641 2954 695 sit
2984 642 3351 706 manifestum,

1776 728 1996 781 fratrem
2023 744 2240 797 quoque
2269 729 2374 782 alio
2394 732 2581 783 morbo
2612 732 2793 785 labora
2807 751 2860 787 re
2881 738 3139 805 graviori,
3163 753 3355 807 nempe

1774 820 2125 887 impudentia.
2163 819 2301 884 Quid
2332 834 2461 887 ergo
2488 838 2711 889 magnus
2745 824 3081 883 Theodosius
3104 831 3354 883 modera—

1774 914 1919 967 tione
1951 923 2002 965 et
2030 914 2339 968 humilitate
2362 914 2516 967 Valde
2544 916 2794 971 cxceISus
2843 931 2896 973 et
2929 920 3206 974 ccclesiis?
3234 923 3356 977 Pu:-

1774 1022 1895 1057 nam
1940 1008 2155 1073 quidem
2178 1009 2425 1075 suscipit,
2464 1017 2721 1078 tanquam
2745 1027 2863 1078 qua:
2899 1024 3041 1066 recte
3070 1013 3227 1067 fuerit
3256 1016 3354 1066 im-

1775 1099 1971 1169 posita,
1992 1110 2045 1154 ct
2073 1111 2127 1154 tit
2152 1117 2273 1169 quae
2297 1102 2348 1154 in
2390 1104 2502 1167 ipso
2534 1104 2706 1156 locum
2735 1105 2969 1159 habeat:
3008 1121 3180 1176 neque
3206 1108 3356 1175 prius

1773 1195 1971 1247 divinis
2001 1195 2423 1248 communicavit
2469 1198 2851 1262 sacramentis,
2888 1198 3058 1252 donec
3096 1202 3231 1268 ipse,
3264 1201 3353 1267 qui

1774 1286 1978 1355 ligavit,
2008 1286 2225 1341 induxit
2254 1286 2368 1356 ipse
2399 1302 2618 1356 quoque
2642 1286 2994 1341 solutionem.
3039 1289 3166 1342 Erat
3207 1292 3362 1344 enim

1774 1375 1973 1446 Moysis
2023 1377 2304 1433 evidenter
2363 1378 2603 1431 imitator
2639 1395 2653 1430 :
2696 1379 2958 1433 terribilis
3029 1383 3246 1449 quidem
3314 1394 3365 1435 et

1776 1469 2126 1523 inexorabilis
2156 1471 2245 1533 iis,
2272 1471 2364 1540 qui
2397 1471 2448 1523 in
2488 1472 2656 1524 Deum
2693 1475 3028 1539 peccabant;
3074 1473 3228 1527 valde
3260 1488 3365 1526 au-

1780 1572 1883 1615 tem
1914 1562 2059 1616 mitis
2088 1572 2144 1616 et
2178 1572 2499 1618 inausuetus
2539 1563 2625 1624 iis.
2646 1565 2734 1633 qui
2774 1566 2947 1632 ipsum
2972 1564 3315 1619 oﬂendebant
3346 1582 3360 1618 :

1777 1654 1913 1708 adeo
1950 1664 2004 1707 ut
2034 1670 2130 1708 nec
2165 1655 2374 1711 veniret
2395 1656 2448 1709 in
2474 1665 2843 1727 contemptum
2875 1667 3183 1727 promet-ea,
3214 1662 3357 1725 quod

1775 1758 1920 1800 essu
1953 1749 2101 1802 mitis
2141 1757 2193 1802 et
2246 1759 2599 1815 mansuetus;
2634 1765 2733 1803 nec
2778 1751 2961 1817 gravis
3007 1766 3069 1804 ac
3100 1751 3359 1805 molestus

1777 1847 1917 1891 esset
1943 1847 2162 1906 propter
2192 1838 2414 1891 nimiam
2442 1840 2840 1903 austeritatem,
2872 1852 2926 1895 et
2956 1851 3009 1894 ut
3051 1843 3139 1909 qui
3174 1842 3347 1895 solum

1777 1932 2094 1999 corporibus
2134 1932 2446 2002 imperaret,
2480 1948 2586 1987 non
2608 1934 2823 1990 animis.
2862 1933 3193 2001 Vococnim,
3217 1937 3358 2005 quod

1774 2040 1835 2077 ex
1867 2041 2008 2079 metu
2033 2026 2251 2093 quidem
2280 2026 2452 2080 solum
2489 2037 2567 2080 est
2596 2027 2907 2094 imperium,
2932 2028 3218 2097 imperium
3237 2044 3362 2083 cor-

1774 2132 1999 2185 porum;
2038 2117 2085 2170 id
2141 2118 2499 2186 autemquod
2544 2118 2873 2172 desiderium
2927 2134 3142 2189 quoque
3199 2121 3358 2174 habet

1777 2216 2266 2274 contemperatum,
2298 2209 2458 2262 etiam
2498 2208 2826 2262 animorum.

1844 2296 1933 2352 80.
1960 2295 2074 2351 Non
2109 2298 2282 2352 solum
2320 2307 2501 2353 autem
2535 2298 2755 2369 Moysis,
2805 2301 2900 2354 sed
2924 2301 3088 2355 etiam
3121 2303 3357 2371 cujusvis

1774 2389 1999 2444 alterius
2033 2391 2084 2444 in
2118 2390 2318 2443 virtute
2359 2390 2737 2446 excellentiam
2776 2393 3092 2449 imitabatur
3123 2414 3137 2450 :
3169 2406 3357 2465 utpote

1772 2482 2022 2541 Abrahae,
2046 2482 2189 2549 quod
2240 2481 2348 2536 Deo
2382 2494 2599 2549 pareret
2650 2483 2703 2537 in
2737 2485 3010 2552 omnibus,
3069 2498 3123 2540 et
3171 2491 3352 2543 omnia

1771 2583 1995 2641 propter
2025 2574 2178 2626 illum
2212 2581 2611 2638 contemneret,
2668 2592 2773 2629 non
2810 2577 3152 2635 solummodo
3193 2596 3355 2651 pecu-

1776 2664 1917 2716 niam
1956 2674 2048 2716 aut
2078 2663 2332 2733 patriam.
2369 2675 2463 2717 aut
2502 2664 2800 2723 l‘ainiliares
2857 2678 2906 2723 ct
2946 2683 3230 2740 cognatos,
3257 2677 3351 2728 sed

1775 2758 1944 2825 ipsam
1995 2772 2213 2827 quoque
2270 2769 2517 2812 naturam
2575 2771 2629 2813 et
2678 2762 2865 2815 vitam.
2897 2762 3155 2831 Coguatis
3184 2770 3352 2833 enim,

1773 2864 1879 2901 non
1927 2848 2098 2903 Deum
2133 2849 2328 2911 solum,
2374 2850 2467 2904 sed
2497 2864 2594 2906 eos
2628 2852 2813 2916 etiam,
2847 2856 2936 2922 qui
2967 2871 3033 2910 ex
3070 2857 3177 2911 Deo
3205 2859 3355 2912 vive-

1773 2942 1921 3006 bant,
1957 2942 2175 3008 putabat
2215 2957 2335 2996 esse
2362 2944 2750 3011 praeferendos,
2782 2955 2834 3000 et
2856 2963 2949 3001 eos
2981 2950 3152 3015 magis
3181 2962 3354 3004 attra-

1775 3034 1931 3088 heliat
1965 3034 2029 3087 ad
2056 3035 2460 3102 cognationem,
2490 3048 2713 3106 propter
2745 3039 2965 3094 virtutis
3003 3043 3268 3096 rationem
3300 3056 3354 3096 et

1774 3125 1934 3178 studii
1964 3134 2019 3178 ct
2049 3125 2362 3185 voluntatis.
2423 3142 2541 3192 qum
2586 3129 2637 3181 in
2698 3128 2837 3182 idem
2873 3129 3173 3185 coniertur.
3208 3132 3355 3189 Isaac

1776 3219 1827 3269 in
1859 3217 2170 3286 spirituales
2200 3215 2392 3273 Patres
2414 3234 2585 3288 usque
2608 3219 2677 3273 ad
2706 3233 2961 3285 mortem,
2985 3223 3352 3278 obedientiant

1772 3319 1824 3362 et
1875 3310 1991 3378 ejus
2040 3312 2283 3379 corporis
2316 3321 2529 3380 gratum
2583 3321 2638 3367 et
2684 3324 2966 3383 acceptum
3020 3316 3349 3371 sacriﬁcium

1774 3402 2087 3455 imitabatur
2119 3421 2132 3455 :
2160 3400 2331 3456 Jacob
2362 3402 2656 3471 perfectam
2685 3404 3055 3459 sinceritatem
3093 3416 3146 3460 et
3178 3407 3343 3461 Iiber-

1776 3500 1937 3548 tatem
1966 3494 2034 3547 ab
2062 3494 2209 3549 omni
2238 3494 2591 3566 improbitate
2624 3496 2805 3567 (hujus
2837 3507 3017 3552 autem
3052 3509 3177 3553 sunt
3225 3500 3353 3555 ﬁdei

1772 3585 1915 3654 digni
1953 3594 2141 3650 testes,
2166 3586 2403 3655 quicum
2427 3601 2492 3642 eo
2519 3588 2934 3643 consuetudinis
2956 3599 3010 3644 et
3060 3590 3353 3646 fariiiliari-

1772 3678 1900 3733 tatis
1931 3677 2107 3734 fecere
2138 3679 2487 3749 periculum),
2517 3679 2743 3735 Joannis
2772 3681 3121 3737 solitudinem
3156 3695 3211 3739 et
3235 3685 3353 3741 ine-

1771 3769 1915 3824 diam
1949 3788 1961 3825 :
2014 3770 2181 3839 Petri,
2238 3787 2359 3826 cum
2399 3782 2590 3827 exacta
2620 3773 2722 3828 iide
2751 3774 3144 3830 vehementiam
3182 3786 3236 3832 et
3261 3792 3351 3833 ar-

1771 3863 1959 3919 dorem
1988 3883 2000 3919 :
2029 3865 2203 3930 Pauli,
2227 3881 2324 3936 pro
2349 3881 2413 3921 eo
2428 3869 2571 3936 quod
2593 3875 2677 3922 est
2697 3869 3007 3935 honestum,
3034 3882 3349 3941 perpetuam

1771 3956 2070 4019 actionem,
2098 3954 2441 4012 aﬂlictionem
2467 3968 2521 4012 et
2550 3959 2923 4031 diligentiam;
2956 3972 3010 4016 et
3053 3967 3195 4032 quod
3226 3981 3351 4033 pro-

1772 4045 2057 4114 pemodum
2082 4046 2399 4102 universum
2428 4049 2614 4103 orbem
2650 4060 2808 4105 terra:
2834 4051 2974 4106 sicut
3009 4052 3122 4118 ille,
3150 4056 3346 4122 partim

1771 4138 1986 4207 quidem
2019 4137 2269 4207 pedibus,
2325 4141 2519 4211 partim
2558 4157 2688 4198 vero
2725 4145 3092 4212 sermonibus,
3152 4150 3346 4214 partim

1773 4243 1899 4283 vero
1930 4230 2071 4283 fama
2095 4232 2395 4300 pervaserit
2423 4250 2436 4287 :
2465 4243 2539 4297 et,
2560 4244 2620 4287 ut
2640 4236 2808 4289 semel
2845 4237 3044 4303 dicam,
3078 4241 3349 4308 quomodo

1769 4324 1889 4391 quis
1946 4322 2121 4391 pictor
2170 4325 2682 4393 praestantissimus,
2737 4328 2828 4396 qui
2865 4331 3347 4398 prmstantissimos

1770 4414 1987 4467 virtutis
2014 4413 2225 4469 colores
2280 4416 2519 4486 undique
2558 4417 2767 4485 collegit
2827 4429 2881 4473 et
2927 4428 3072 4474 recte
3106 4421 3343 4486 miscuit,

1772 4507 1818 4561 is
1847 4507 2005 4561 veluti
2057 4508 2322 4574 quoddam
2373 4510 2655 4579 exemplar
2707 4526 2859 4564 suam
2905 4512 3093 4575 vitam,
3127 4514 3345 4569 laudatu

1698 4604 1741 4659 ι)
1772 4612 1931 4668 quam
1953 4598 2161 4652 imitatu
2190 4597 2503 4665 faciliorem,
2526 4602 2804 4669 proposuit
2823 4602 3041 4658 virtutis
3063 4606 3342 4660 Studiosis.

1833 4687 1923 4743 8i.
1958 4687 2143 4758 Neque
2188 4703 2320 4744 vero
2355 4687 2461 4744 Job
2494 4692 2830 4748 admirabilis
2856 4704 2975 4747 erat
3025 4706 3174 4749 extra
3212 4698 3345 4751 cho-

1766 4796 1885 4835 rum
1913 4796 2125 4846 eorum,
2152 4781 2262 4851 iqui
2298 4783 2495 4852 sumpti
2548 4794 2673 4838 sunt
2716 4787 2784 4839 ad
2836 4786 3158 4842 imitandum
3196 4806 3210 4843 :
3250 4790 3342 4844 sed

1764 4875 1881 4943 ejus
1926 4875 2088 4929 etiam
2158 4875 2527 4941 tolerantiam,
2580 4891 2795 4945 semper
2842 4880 3085 4948 quidem,
3134 4881 3184 4933 iit
3239 4881 3344 4937 fine

1766 4974 1947 5018 autem
1979 4964 2221 5034 apertius
2271 4974 2354 5020 est
2389 4965 2651 5021 imitatus.
2691 4966 2822 5021 Nam
2856 4984 2979 5023 etim
3004 4970 3116 5039 jam
3140 4982 3283 5027 esset
3318 4992 3347 5029 e

1766 5060 1871 5111 vita
1887 5059 2121 5111 humana
2153 5074 2504 5126 excessurus,
2532 5069 2586 5115 et
2617 5077 2715 5131 pro
2748 5062 2835 5126 iis,
2863 5077 2997 5130 quos
3026 5063 3168 5128 tulit,
3196 5064 3346 5119 labo-

1764 5151 1913 5204 ribus
1942 5153 2221 5207 mercedes
2276 5162 2330 5208 et
2367 5156 2851 5217 retnunerationes,
2899 5170 3036 5223 quas
3079 5160 3342 5223 speravit,

1762 5254 2115 5316 accepturus,
2144 5258 2417 5314 postremo
2466 5262 2588 5301 eum
2624 5248 2828 5302 invadit
2862 5247 3082 5304 morbus
3129 5249 3343 5303 diutm-

1764 5354 1887 5403 nus,
1920 5351 1973 5393 et
2007 5339 2395 5408 propemodum
2431 5355 2496 5393 ne
2536 5340 2721 5411 juveni
2773 5341 2990 5409 quidem
3031 5350 3086 5395 et
3124 5342 3294 5397 ﬂuren
3321 5354 3354 5393 ὶι

1760 5431 1973 5501 corpori
2001 5430 2321 5498 tolerabilis,
2351 5432 2548 5487 nedum
2583 5442 2726 5487 tanta
2756 5441 3038 5489 senectute
3066 5434 3339 5499 confecto,

1760 5532 1814 5577 et
1841 5538 2002 5593 quam
2035 5522 2250 5578 virtutis
2312 5538 2477 5581 causa
2527 5533 2862 5595 susceperat,
2897 5525 3208 5583 alﬂictione.
3262 5528 3334 5581 Ea

1762 5617 1827 5673 de
1858 5633 2019 5673 causa
2055 5628 2108 5673 et
2145 5628 2256 5673 toto
2273 5622 2637 5692 annojacebat
2669 5624 2722 5677 in
2760 5621 2922 5689 lecto,
2948 5639 3073 5678 cum
3105 5624 3333 5704 inexpu-

1761 5712 2065 5781 gnabilibus
2092 5712 2391 5770 eolluctans
2419 5715 2717 5783 doloribus,
2752 5727 2809 5772 et
2831 5716 3032 5773 talibus
3079 5717 3335 5772 dilatatus

1761 5804 2159 5861 aﬂlictionibus.
2199 5807 2355 5862 Tunc
2394 5808 2538 5863 enim
2572 5810 2699 5865 tabe
2736 5810 3053 5876 exhaustus,
3088 5809 3335 5879 pelleqne

1759 5913 1941 5967 exesa,
1985 5907 2146 5968 atque
2191 5900 2415 5966 umbras,
2455 5909 2512 5957 ut
2564 5901 2782 5968 dicitur,
2810 5900 3163 5960 simulacrum
3207 5900 3335 5958 clie-
