4104 6486
113 464 197 526 5Π
1184 455 1355 515 VITA
1391 454 1449 512 S.
1485 448 1807 512 JOANNIS
1840 447 2247 509 CALYBiTJi.

3241 452 3352 519 573

113 576 363 643 εχὼρησεν
390 567 626 627 ἕκαστος
664 564 761 633 τὴν
813 562 932 615 όΞδν
981 563 1171 618 αὑτοῦ,
1218 564 1279 615 ’0
1321 564 1378 615 δὲ
1405 562 1660 627 Ἰωάννης

1769 559 1941 611 locum
1988 557 2277 625 quemdam
2334 555 2632 621 venissent,
2688 556 2924 612 vicissim
2953 572 3011 612 se
3036 559 3352 621 salutantes.

116 665 386 729 illium,le
414 665 513 730 τὴν
530 660 709 713 οἰκίαν
731 658 841 711 τῶν
860 655 1061 724 γονέων
1084 652 1251 707 αὐτοῦ
1272 650 1416 714 ἰδὼν,
1437 648 1660 720 ἔρριψεν

118 760 276 810 ἐιυτὸν
325 757 420 806 ἐπὶ
458 754 559 823 τὴν
601 752 725 819 γῆν,
787 749 879 801 καὶ
928 745 1278 816 προσηύξατο
1312 742 1488 808 λέγων
1528 740 1663 810 πρὸς

116 852 327 920 Κύριον·
375 847 549 915 Κύριε
589 843 769 912 Ἰησοῦ
809 840 1055 910 Χριστὲ,
1112 839 1188 909 μὴ
1236 836 1509 907 ἀπολίπῃς
1569 850 1659 903 με.

120 946 201 997 Καὶ
226 947 281 996 ἐν
315 943 528 1012 ἑσπέρα
562 940 753 1011 βαθείᾳ
794 937 1050 991 εἰσελθὼν
1078 937 1138 988 ὲν
1180 933 1259 1003 τῷ
1286 933 1422 1001 οἴκῳ
1468 927 1661 989 αὑτοῦ,

121 1038 250 1087 πάλιν
299 1036 395 1086 ἐπὶ
438 1034 537 1102 τῆς
563 1033 665 1100 γῆς
704 1032 953 1100 κείμενος
986 1028 1082 1082 καὶ
1106 1026 1359 1097 δακρύων
1400 1022 1534 1093 πρὸς
1572 1021 1664 1074 τὸν

118 1130 224 1180 (θεον
249 1128 440 1194 ἔλεγεν
462 1144 475 1156 ν
508 1126 683 1194 Κύριε
705 1122 881 1194 Ἰησοῦ
901 1121 1127 1193 Χριστὲ,
1145 1120 1253 1172 ἰδοὺ
1284 1119 1375 1170 καὶ
1403 1116 1494 1169 τὸν
1515 1110 1664 1168 οἷκον

126 1224 202 1273 τῶν
231 1221 436 1289 γονέων
467 1236 567 1288 μου
595 1218 800 1280 ἔδειξας
824 1233 936 1286 μοι,
957 1216 1052 1268 καὶ
1080 1214 1171 1267 τοῦ
1199 1210 1538 1283 χαρίσματός
1568 1225 1662 1260 σου

122 1317 179 1383 μὴ
206 1315 444 1371 ἐκπέσω.
497 1312 633 1365 ἀλλὰ
678 1311 766 1373 δός
818 1326 907 1377 μοι
957 1308 1046 1360 ’ίνα
1075 1306 1298 1366 τελείως
1328 1306 1535 1375 νικήσω
1571 1302 1665 1355 τὸν

119 1403 359 1465 διάϐολον,
395 1405 489 1456 καὶ
541 1403 600 1454 ἐν
629 1401 708 1471 τῷ
752 1400 888 1471 οἴκῳ
941 1398 1117 1468 τούτῳ
1169 1396 1427 1450 ἀποθάνω
1457 1394 1662 1459 καλῶς,

124 1500 235 1565 μήτε
282 1495 457 1564 ἐάσῃς
494 1512 560 1564 με
610 1494 812 1564 μᾶλλον
861 1489 1242 1561 πειρασθῆναι.
1281 1490 1391 1542 Καὶ
1449 1488 1665 1557 ἔμεινεν

122 1592 214 1639 ἐκεῖ
246 1589 425 1653 πάσης
455 1586 617 1656 τῆσδε
650 1586 862 1648 νυκτός.

174 1852 267 1902 lA'.
304 1850 479 1901 "Ou;
506 1848 563 1901 δὲ
592 1848 811 1915 ἐγένετο
836 1848 868 1916 ἡ
900 1845 1085 1914 ἡμέρα
1108 1883 1124 1908 ,
1154 1841 1411 1911 συνοίχθη
1444 1842 1476 1909 ἡ
1521 1838 1664 1906 πύλη

1766 649 1958 719 singuli
1975 648 2113 702 viam
2132 661 2286 701 suam
2304 649 2542 717 aggressi
2567 657 2713 703 sunt.
2736 647 2872 702 Cum
2890 664 3022 705 vero
3035 649 3276 706 Joannes
3291 669 3356 707 eo

1765 740 2024 801 venisset,
2068 738 2211 792 unde
2239 746 2525 806 parentum
2576 753 2796 791 suorum
2828 739 2999 792 aedem
3048 755 3077 792 e
3132 742 3355 807 regione

1766 830 2147 901 prospiciebat,
2204 830 2444 899 scipsum
2492 831 2546 883 in
2580 840 2779 888 terram
2819 831 3039 898 dejeeit,
3083 839 3140 885 et
3181 830 3352 885 Deum

1767 924 1839 979 ita
1885 923 2227 993 precabatur:
2268 922 2493 976 Domine
2537 922 2668 977 Jcsu
2722 922 2955 984 Christe,
2991 940 3060 978 ne
3114 924 3354 978 derelin-

1764 1029 1902 1085 quas
1944 1030 2050 1068 me.
2098 1014 2346 1083 Cumque
2385 1014 2453 1068 ad
2502 1015 2727 1068 multam
2776 1024 2992 1069 noctem
3064 1027 3351 1084 parentum

1766 1121 1993 1162 suorum
2018 1106 2241 1176 januam
2291 1107 2538 1170 adiisset,
2576 1123 2766 1161 rursus
2797 1108 2849 1160 in
2882 1118 3079 1161 terram
3114 1119 3356 1177 prostra-

1768 1208 1857 1254 tus
1900 1215 1962 1255 ac
2026 1200 2240 1271 lugens,
2294 1201 2463 1254 Deum
2519 1201 2594 1254 ita
2662 1211 2914 1269 precatus
2969 1202 3356 1255 est:Domine

1764 1289 1895 1346 Jesu
1924 1292 2159 1356 Christe,
2190 1307 2257 1345 en
2291 1302 2579 1361 parentum
2626 1306 2870 1345 meorum
2918 1293 3133 1355 domus,
3190 1310 3353 1362 quam

1766 1384 1897 1437 mihi
1948 1384 2236 1439 ostendisti
2279 1401 2292 1436 :
2327 1384 2420 1437 sed
2462 1398 2531 1437 ne
2560 1399 2588 1437 a
2623 1385 2793 1453 gratia
2852 1393 2943 1437 tua
2987 1385 3256 1446 deeidam,
3287 1388 3353 1438 da

1766 1475 1924 1538 mihi,
1957 1492 2165 1546 quaso,
2198 1484 2256 1529 ut
2289 1485 2542 1544 superato
2576 1477 2807 1542 diabolo,
2842 1477 2948 1531 hoc
2980 1477 3034 1529 in
3067 1476 3185 1529 loco
3215 1478 3353 1531 bene

1767 1566 2031 1632 moriens,
2063 1582 2173 1621 non
2221 1568 2451 1636 amplius
2503 1570 2857 1624 tentationem
2892 1569 3126 1639 aliquam
3155 1570 3346 1639 patiar.

1768 1657 1967 1715 Mansit
2010 1660 2193 1730 itaque
2222 1661 2333 1715 illic
2369 1670 2480 1715 tota
2510 1671 2669 1716 nocte
2711 1662 2824 1720 illa.

1840 1858 1929 1915 ΧΙ.
1961 1859 2031 1914 Ut
2083 1875 2211 1914 vero
2273 1860 2389 1914 dies
2435 1861 2630 1923 illuxit.
2693 1862 2811 1915 atrii
2867 1860 3013 1916 fores
3073 1862 3353 1931 patefacta

120 1944 192 1995 τοῦ
226 1945 398 2001 οῖ’κου,
441 1941 518 2005 ὡς
550 1936 618 2011 ἦν
651 1938 930 2008 συνήθεια,
956 1938 1044 1991 ῖνα
1070 1938 1118 1988 οἱ
1152 1934 1314 1988 αὑτοῦ
1363 1934 1530 2001 γονεῖς
1571 1931 1662 1984 ἐπὶ

1769 1959 1914 2016 sunt,
1942 1961 2002 2006 ut
2029 1953 2298 2014 solebant,
2328 1968 2393 2006 eo
2418 1954 2560 2020 quod
2590 1953 2708 2020 ejus
2750 1964 2999 2019 parentes
3032 1926 3192 2022 paulo
3232 1971 3346 2022 pus:

120 2035 271 2099 ὀλίγον
292 2033 576 2098 ἐξέλθωσι.
610 2032 721 2086 Καὶ
748 2030 969 2100 ἐξῆλθεν
1002 2033 1031 2084 ό
1060 2031 1153 2083 ἐπὶ
1200 2030 1297 2098 τῆς
1325 2026 1524 2090 οἰκίας,
1566 2026 1660 2079 καὶ

122 2128 277 2193 βλέπει
310 2127 481 2179 αὑτὸν
512 2126 766 2194 κείμενον
799 2125 892 2178 καὶ
929 2124 1278 2194 διερρηγόσιν
1308 2121 1545 2190 ἱματίοις
1575 2121 1660 2171 ἐνο

118 2219 398 2286 caueam,
426 2218 521 2269 καὶ
550 2216 702 2284 λέγει
735 2214 883 2284 αὑτῷ
904 2232 918 2246 ’
947 2215 1045 2277 Τίς
1071 2209 1123 2266 εἴ
1150 2213 1237 2268 σὺ.
1262 2211 1540 2282 ἄνθρωπε,
1564 2209 1660 2262 καὶ

120 2307 289 2370 πὸϋεν;
318 2308 419 2357 καὶ
454 2305 594 2366 πῶς,
638 2303 880 2365 τοιοῦτος
908 2303 1191 2372 ὑπάρχων,
1222 2302 1529 2371 ἐτόλμησας
1569 2301 1659 2351 ὲν-

117 2396 263 2449 τιῦθα
288 2397 645 2466 προσελθεῖν;
678 2395 813 2449 ἀλλὰ
839 2395 929 2457 δὸς
954 2394 1144 2458 τόπον,
1166 2394 1250 2446 ὅτι
1278 2394 1328 2446 oi
1352 2393 1533 2463 κύριοί
1558 2411 1659 2461 μου

122 2488 376 2557 πμλθεῖν
427 2489 701 2558 μέλλουσι.
773 2488 936 2555 Λέγει
976 2486 1123 2557 αὑτῷ
1167 2488 1194 2539 ὁ
1222 2486 1508 2556 Ἰωάννης·
1536 2485 1663 2537 Δέο-

125 2583 200 2646 μαί
222 2598 333 2643 σου,
376 2581 577 2650 Κύριε,
598 2581 823 2650 ποίησον
864 2580 981 2649 μετ’
1014 2578 1148 2649 ἐμοῦ
1180 2580 1351 2643 ἕλεος,
1378 2578 1659 2648 ἄνθρωπος

119 2675 202 2735 γὰρ
251 2674 467 2741 πτωχός
504 2674 641 2738 ειμι.
676 2672 874 2725 Ἐασῦν
910 2690 979 2741 με
1038 2674 1097 2724 ἐν
1151 2675 1217 2741 τῇ
1264 2671 1435 2740 γωνίᾳ
1490 2670 1662 2740 ταύτῃ

121 2764 322 2824 κεῖσθαι,
358 2780 438 2833 μη
453 2764 530 2814 is"
564 2762 699 2830 ἐμοῦ
728 2761 1061 2827 ἀδικοῦντος,
1093 2762 1187 2815 καὶ
1227 2763 1320 2814 τοῦ
1347 2763 1532 2822 ἐλέους
1575 2780 1665 2831 μι-

122 2855 219 2906 sia-LV
248 2857 413 2918 αὐτὸς
443 2857 471 2907 ό
499 2856 629 2918 Θεὸς
658 2856 841 2920 δώσει,
865 2858 913 2908 εί
938 2857 1006 2926 μὲ
1036 2857 1244 2926 πένητα
1278 2855 1370 2907 ἐπὶ
1401 2855 1491 2907 τοῦ
1514 2857 1662 2907 οἴκου

121 2948 243 2997 τοῦδε
279 2948 481 3017 θύραις
521 2951 703 3017 μένειν
739 2950 900 3018 ἀφῇς.
944 2949 1141 3000 Εἵασεν
1176 2949 1378 3010 ἐκεῖνος
1422 2949 1513 3000 καὶ
1553 2949 1661 3000 ἀπο

124 3042 248 3107 ἦλθε.
278 3046 388 3096 Καὶ
436 3043 766 3106 ἐξελθόντων
805 3043 943 3111 μετὰ
972 3041 1145 3094 ταῦτα
1190 3042 1298 3093 τῶν
1325 3044 1524 3107 γονέων
1563 3044 1659 3093 αὖ·

121 3135 211 3197 τοῦ,
264 3137 365 3205 ὁρᾷ
400 3135 606 3195 αὐτοὺς
647 3134 977 3203 ὀἸωὰννης,
1043 3134 1139 3186 καὶ
1198 3134 1314 3195 ὅλος
1372 3132 1664 3202 επ).ηρώθη

120 3227 361 3297 δικρύων,
396 3228 497 3280 καὶ
538 3222 691 3278 εἶπεν
738 3228 795 3278 ὲν
834 3226 1045 3295 ἑαυτῷ·
1093 3225 1247 3285 Ἰδοὺ,
1298 3224 1534 3287 διάὸολε,
1574 3229 1665 3277 καὶ

121 3320 218 3381 τοὺς
246 3322 421 3383 γονεῖς
459 3336 562 3388 μου
599 3318 913 3387 ἐθεασάμην
962 3320 1027 3388 τῇ
1088 3317 1339 3387 βουλήσει
1370 3317 1463 3370 τοῦ
1503 3318 1659 3383 Θεοῦ,

120 3414 293 3465 καὶτὰ
342 3414 551 3481 κέντρα
589 3430 683 3464 σου
737 3415 1131 3481 καταπατήσω,
1179 3416 1246 3483 τῇ
1296 3413 1524 3481 δυνάμει
1572 3413 1665 3465 καὶ

121 3503 310 3574 βοηθείᾳ
339 3504 433 3556 τοῦ
465 3503 727 3573 Χριστοῦ.
778 3503 887 3557 Kal
922 3504 1081 3557 πάλιν
1124 3504 1310 3571 ἐλεγεο
1346 3504 1518 3573 Κύριε
1555 3505 1662 3573 Ἰη-

122 3596 195 3647 σοῦ
221 3597 444 3664 Χριστὲ,
474 3596 554 3665 μὴ
591 3595 963 3668 ἐγκαταλίπῃς
1002 3611 1103 3665 με·
1141 3596 1234 3649 καὶ
1261 3595 1473 3665 ἔμεινεν
1507 3599 1564 3648 ὲν
1598 3599 1660 3665 τῇ

120 3688 261 3758 γωνίᾳ
291 3689 501 3757 ἐκείνῃ.
541 3688 651 3740 Καὶ
682 3689 711 3740 ὁ
743 3688 926 3758 πατὴρ
958 3688 1122 3741 αὐτοῦ
1166 3689 1366 3759 ἤρξατο
1421 3691 1527 3742 ἀπὸ
1564 3693 1663 3760 τῆς

118 3781 362 3848 τραπέζης
398 3779 573 3833 αὐτοῦ
606 3780 958 3833 ἀποστέλλειν
990 3781 1141 3850 αὐτῷ
1185 3781 1415 3852 τροφὴν,
1454 3781 1624 3849 λέγων
1646 3799 1659 3812 ·

127 3872 175 3924 'ﬂ
201 3874 287 3926 τοῦ
322 3872 551 3943 πτωχοῦ
581 3875 773 3926 τούτου
804 3874 1049 3943 ὑπομονὴ
1095 3874 1266 3944 πολλή
1312 3876 1451 3936 ἔστι,
1484 3875 1564 3927 ὃτι
1605 3876 1663 3927 ἐν

119 3966 323 4034 τοσούτῳ
342 3965 582 4035 χειμῶνι
613 3967 706 4017 καὶ
733 3967 959 4036 παγετῷ
980 3967 1125 4020 οῦτω
1148 3984 1360 4038 προσκα
1372 3970 1551 4037 ρτερεῖ
1572 3969 1662 4021 καὶ

118 4060 373 4122 καθέζεται
406 4061 470 4111 ἐν
525 4059 604 4128 τῷ
640 4058 866 4113 πυλῶνι.
899 4063 1133 4122 Δυνατός
1180 4064 1325 4113 ἐστιν
1373 4063 1400 4112 ὁ
1430 4061 1560 4123 Θεὸς
1597 4061 1662 4113 δι’

118 4150 251 4202 αὐτοῦ
280 4152 453 4205 σῶσαι
504 4153 602 4205 καὶ
632 4152 801 4221 ἡμᾶς.
833 4152 1057 4213 Πάντως
1090 4151 1199 4220 γὰρ
1232 4152 1321 4203 διὰ
1349 4151 1508 4204 τοῦτο
1558 4153 1664 4203 ἀπ-

118 4242 283 4311 εστεὶὶη
308 4244 367 4294 ἐν
400 4244 485 4312 τῷ
521 4242 659 4311 οἴκῳ
683 4241 839 4310 ἡμῶν
871 4240 1010 4311 ἀνὴρ
1034 4236 1190 4304 οὗτος
1214 4282 1228 4305 ,
1265 4242 1350 4295 ἵνα
1380 4243 1472 4293 καὶ
1503 4244 1664 4311 ἡμεῖς

118 4332 365 4402 σωθῶμεν.
392 4331 731 4397 Ἐξελθοῦσα
753 4331 810 4384 δὲ
839 4333 871 4401 ἡ
905 4332 1087 4402 μήτηρ
1119 4332 1282 4384 αὐτοῦ
1310 4334 1367 4383 ἐν
1401 4334 1497 4402 μιᾷ
1525 4334 1663 4401 ἠμε-

120 4425 221 4489 ρὼθ,
250 4427 341 4478 καὶ
368 4426 569 4478 ἰδοῦσα
614 4426 777 4478 αὐτὸν
803 4424 978 4486 οὕτως
1007 4426 1304 4495 ἄπαστρον,
1356 4424 1661 4493 ἐκπληκτος

118 4516 238 4586 ξστη,
271 4518 355 4570 διὰ
386 4519 449 4571 τὸ
478 4518 679 4585 ἄγριον
712 4517 807 4568 καὶ
830 4516 1190 4583 ἁνυπόδητον.
1222 4516 1319 4567 καὶ
1347 4516 1494 4584 λέγει
1526 4519 1661 4586 πρὸς

1768 2042 2044 2111 egressuri
2105 2052 2309 2097 essent.
2372 2041 2512 2096 Exiit
2555 2051 2735 2097 autem
2775 2043 2991 2098 familiai
3040 2044 3351 2114 praefectus,

1766 2134 1859 2202 qui
1884 2149 2007 2187 eum
2039 2134 2215 2203 ipsum
2242 2134 2415 2188 lacera
2460 2143 2609 2188 veste
2648 2135 2898 2189 indutum
2925 2135 3167 2190 vidisset:
3196 2135 3350 2201 Quis,

1770 2230 1962 2297 inquit,
2001 2238 2054 2283 tu
2090 2245 2167 2295 es,
2197 2239 2252 2283 et
2282 2230 2571 2294 undenam,
2605 2239 2663 2284 et
2696 2244 2864 2298 quare
2905 2245 3026 2284 cum
3098 2230 3218 2284 talis
3251 2230 3348 2293 sis,

1772 2321 1876 2375 huc
1907 2322 2170 2375 accedere
2228 2337 2393 2374 ausus
2425 2321 2525 2373 es?
2556 2306 2778 2375 Discede
2820 2321 3038 2383 isthinc,
3092 2320 3349 2389 quoniam

1768 2412 1971 2465 domini
2008 2413 2108 2465 mei
2142 2412 2411 2482 egressuri
2454 2420 2599 2465 sunt.
2655 2410 2791 2465 Tum
2827 2411 3097 2465 Joannes:
3132 2411 3349 2476 Quatso.

1770 2503 2009 2570 domine,
2037 2511 2094 2557 ut
2119 2502 2489 2557 misericordia
2536 2519 2621 2557 me
2653 2504 3015 2571 prosequaris;
3050 2518 3168 2555 sum
3200 2503 3346 2555 enim

1771 2597 1932 2650 homo
1962 2611 2184 2664 panper.
2210 2595 2339 2649 Sine
2371 2596 2533 2665 igitur
2556 2610 2644 2649 me
2674 2596 2726 2649 in
2758 2596 2861 2649 hoc
2895 2608 3092 2665 angulo
3131 2609 3349 2649 manere

1770 2688 1928 2757 (nihil
1977 2688 2124 2741 enim
2160 2688 2283 2741 mali
2327 2688 2485 2755 facio)
2521 2697 2683 2756 atque
2717 2687 2881 2755 hujus
2920 2689 2994 2742 rei
3038 2687 3342 2741 merculem

1772 2794 1800 2833 a
1830 2778 1938 2833 Deo
1966 2780 2083 2849 ipso
2112 2792 2387 2848 exspecta,
2416 2781 2456 2833 si
2483 2796 2568 2834 me
2613 2795 2905 2850 pauperem
2936 2780 3001 2834 ad
3032 2779 3194 2848 hujus
3226 2777 3349 2833 atrii

1773 2865 1913 2920 fores
1936 2882 2155 2922 manere
2182 2868 2478 2937 permittas.
2522 2867 2776 2921 Permisit
2796 2867 2973 2932 ille,et
3004 2867 3157 2920 abiit.
3186 2867 3346 2921 Exie-

1772 2968 1899 3012 runt
1949 2970 2129 3013 autem
2184 2961 2303 3027 ejus
2357 2967 2610 3028 parentes
2673 2960 2724 3012 in
2752 2960 2970 3013 atrium.
3026 2960 3174 3024 Quos
3219 2974 3342 3012 cum

1770 3047 2007 3102 Joannes
2074 3048 2318 3110 vidisset.
2378 3058 2521 3101 totus
2565 3048 2812 3117 laerymis
2861 3047 3098 3115 repletus
3144 3054 3244 3107 est.
3284 3061 3345 3099 ac

1774 3156 1955 3195 secum
1976 3141 2140 3195 dixit:
2169 3140 2271 3205 En,
2295 3141 2529 3205 diabole,
2570 3156 2623 3196 et
2653 3148 2905 3209 parentes
2940 3153 3110 3204 meos,
3140 3137 3249 3192 Deo
3274 3138 3344 3190 ita

1776 3233 2032 3294 volente,
2088 3232 2308 3301 aspexi,
2365 3241 2420 3286 et
2481 3231 2704 3301 sagittas
2744 3239 2861 3283 tuas
2901 3230 3149 3283 ardentes
3213 3243 3345 3280 eon-

1775 3336 1981 3387 temno,
2012 3322 2215 3377 Christi
2232 3338 2336 3392 ope
2352 3323 2591 3391 adjutus.
2612 3324 2689 3377 Ae
2707 3338 2896 3375 rursus
2923 3322 3095 3375 dixit:
3120 3320 3346 3375 Domine

1771 3417 1899 3471 Jesu
1962 3413 2197 3477 Christe,
2246 3430 2312 3468 ne
2382 3414 2728 3482 derelinquas
2806 3428 2912 3465 me.
2977 3410 3044 3464 Et
3096 3410 3345 3464 manebat

1774 3508 1827 3561 in
1884 3507 1972 3561 illo
2021 3505 2236 3576 angulo.
2290 3505 2466 3574 Coepit
2519 3515 2696 3557 autem
2750 3503 2869 3571 ejus
2910 3511 3115 3571 patere
3158 3516 3342 3555 mensa

1773 3616 1868 3653 sua
1904 3599 2081 3652 cibum
2120 3598 2191 3651 illi
2234 3598 2469 3660 mittere,
2506 3597 2713 3651 dicens:
2758 3593 2931 3664 Hujus
2970 3595 3225 3664 pauperis
3248 3610 3343 3663 pa-

1774 3691 1960 3745 tientia
1988 3692 2159 3744 multa
2199 3699 2283 3744 est
2314 3706 2327 3743 :
2356 3689 2558 3758 quippe
2604 3689 2695 3757 qui
2727 3687 2777 3740 in
2805 3687 2967 3741 tantis
3021 3687 3239 3756 pluviis,
3290 3694 3344 3740 et

1777 3783 1947 3839 multa
1978 3783 2146 3854 glacie
2177 3790 2286 3837 tam
2334 3782 2605 3851 patienter
2630 3795 2692 3833 ac
2718 3780 2931 3833 fortiter
2956 3780 3009 3832 in
3062 3780 3163 3832 hoc
3203 3780 3342 3833 atrio

1771 3885 2157 3931 commoratur.
2204 3872 2387 3928 Potest
2429 3872 2567 3927 Deus
2600 3872 2713 3942 ipse
2745 3887 2841 3941 per
2885 3871 3162 3925 hominem
3196 3869 3345 3925 hunc

1771 3967 1927 4021 nobis
1956 3966 2183 4020 salutem
2210 3964 2422 4019 afferre.
2450 3961 2687 4019 Omnino
2743 3963 2885 4017 enim
2916 3973 3199 4032 propterea
3232 3962 3342 4017 huc

1772 4061 1971 4115 missus
2008 4058 2107 4112 fuit
2135 4058 2297 4112 homo
2327 4062 2446 4122 iste,
2487 4066 2547 4111 ut
2578 4065 2632 4109 et
2656 4071 2755 4109 nos
2792 4070 2889 4124 per
2916 4055 3065 4107 illum
3112 4054 3341 4107 salutem

1770 4162 2148 4217 assequamur.
2205 4145 2404 4199 Exiens
2496 4155 2676 4198 autem
2745 4142 2907 4196 domo
2973 4140 3203 4208 quodam
3254 4138 3342 4192 die

1772 4249 1946 4294 mater
1979 4238 2143 4302 illius,
2207 4251 2331 4291 eum
2366 4250 2494 4290 eum
2529 4238 2600 4288 ita
2634 4234 2905 4302 abjectum
2963 4232 3204 4290 vidisset.
3256 4228 3343 4281 in-

1771 4334 1997 4404 dignans
2024 4329 2288 4391 substitit,
2319 4328 2465 4398 quod
2493 4337 2744 4396 tanquam
2779 4324 3105 4378 horrendum
3133 4320 3340 4389 aliquid

1772 4424 1954 4479 videre
1982 4422 2082 4476 sibi
2119 4422 2232 4475 visa
2257 4430 2422 4483 esset,
2454 4427 2509 4473 et
2537 4419 2603 4471 ad
2636 4431 2833 4486 pueros
2859 4430 2988 4469 suos
3024 4428 3289 4467 conversa
3321 4429 3336 4465 :

1770 4516 2013 4580 Auferte,
2050 4515 2244 4583 inquit,
2293 4514 2494 4567 isthine
2533 4512 2809 4566 hominem
2841 4510 3029 4570 istum,
3059 4506 3204 4575 quod
3230 4520 3339 4558 non

118 4611 215 4669 τοὺς
244 4609 373 4677 αὐτῆ
381 4628 407 4671 ς
458 4608 665 4669 παῖδας
687 4623 699 4636 ·
727 4606 935 4677 Σύρατε
969 4606 1131 4660 αὑτὸν
1159 4606 1332 4671 ἔνθεν,
1366 4609 1446 4659 ὅτι
1479 4608 1536 4659 οὐ
1565 4606 1658 4658 δύο

1770 4623 2012 4677 possum,
2060 4606 2149 4660 illo
2206 4606 2283 4659 sic
2326 4605 2553 4672 iacente,
2615 4602 2864 4655 transire.
2918 4598 3108 4652 Statim
3176 4596 3341 4666 igitur

121 4718 276 4767 ναμαι,
308 4702 506 4755 τούτου
534 4699 727 4752 ὲνθὰἷε
758 4700 1033 4769 κειμένου,
1063 4700 1425 4768 εἰσέρχεσῦαι.
1452 4700 1665 4761 Εὐθέως

117 4792 158 4842 δὲ
183 4794 365 4863 ἔσυραν
393 4795 571 4847 αὑτὸν
597 4795 645 4845 oi
678 4794 882 4854 παῖδες.
926 4792 1082 4862 Ἑξῆς
1119 4791 1174 4844 δὲ
1206 4793 1313 4845 ἀπὸ
1350 4791 1448 4860 τῆς
1493 4791 1666 4861 πύλης

125 4888 298 4953 eum
328 4886 664 4955 συρόμενος,
683 4883 774 4935 καὶ
806 4884 921 4935 ἐκεῖ
946 4882 1232 4950 ὑπομένων
1250 4882 1346 4935 οὐκ
1377 4880 1661 4951 ἀνεχώρει.

130 4975 434 5042 Ἐξελθόντος
484 4978 550 5029 δέ
582 4993 717 5029 ποτε
752 4976 846 5028 τοῦ
872 4976 965 5028 ἐπὶ
993 4978 1057 5045 τῇ
1086 4975 1263 5044 οἰκίᾳ,
1293 4974 1439 5042 λέγει
1466 4974 1614 5043 αὑτῷ
1638 4977 1665 5028 ὁ

131 5070 381 5139 ’ίωάννηςο
432 5072 523 5133 Ὠς
565 5068 627 5133 ἐξ
660 5068 837 5138 ἀρχῆς
864 5068 1127 5135 ἐποίησας
1175 5067 1291 5136 μετ’
1333 5066 1467 5135 ἐμοῦ
1499 5066 1663 5131 ἔλεος,

125 5163 195 5213 καὶ
215 5160 299 5214 νῦν
326 5162 564 5231 ποίησόν
602 5177 693 5229 μοι
742 5154 841 5213 ὦδε
882 5160 1081 5228 μικρὰν
1126 5158 1368 5225 καλύϐην
1402 5156 1541 5209 κατὰ
1573 5155 1664 5208 τοῦ

124 5252 343 5318 παγετοῦ,
394 5253 496 5305 καὶ
542 5249 686 5317 πρὸς
711 5249 771 5302 τὸ
803 5250 877 5319 μὴ
927 5247 1158 5319 ὁρᾶσθαί
1192 5265 1259 5315 με
1293 5247 1397 5298 ὑπὸ
1432 5247 1531 5313 τῆς
1566 5263 1663 5298 κυ-

128 5342 217 5409 ρίας
247 5345 415 5416 ὑμῶν.
457 5345 521 5398 '0
559 5342 621 5396 δὲ
652 5340 888 5405 ἀκούων,
928 5342 1025 5394 καὶ
1061 5340 1135 5410 μὴ
1166 5340 1425 5409 ὀκνήσας,
1464 5338 1665 5407 μικρὰν

126 5437 339 5508 ἐποίησεν
354 5437 520 5509 αὐτῷ
547 5435 797 5506 καλὺδην
816 5450 830 5464 ’
878 5434 971 5488 καὶ
1004 5433 1217 5503 ἔμεινεν
1246 5434 1365 5486 ἐκεῖ
1389 5473 1403 5497 ,
1437 5431 1555 5503 Θεῷ
1579 5432 1663 5484 εὑ-

128 5527 333 5595 χόμινος.
367 5530 512 5583 Καθ’
539 5526 791 5596 ἑκάστην
818 5526 875 5579 δὲ
921 5527 949 5578 ό
997 5525 1180 5595 πατὴρ
1221 5524 1387 5577 αὑτοῦ
1419 5522 1665 5578 ἔστελλεν

130 5620 243 5689 nia-ci;
290 5623 522 5693 τροφήν.
581 5619 644 5672 '0
678 5619 736 5672 δὲ
782 5618 853 5673 τὰ
885 5616 1327 5685 ἀποστελλόμενα
1369 5614 1517 5683 αὐτῷ
1562 5613 1666 5667 ὑπὸ

131 5714 434 5784 τοῦπατρὸς,
489 5713 616 5776 τοῖς
667 5712 899 5780 πτωχοῖς
947 5710 1197 5773 διεδίδου,
1242 5707 1403 5770 αὐτὸς
1456 5706 1510 5759 δὲ
1541 5704 1665 5759 οὔτε

133 5799 295 5870 ἢσθιεν,
326 5806 445 5859 οὕτε
483 5806 686 5858 ἔπινεν
736 5802 796 5865 ἐξ
840 5802 1053 5863 αὐτῶν,
1089 5800 1229 5854 ὥστε
1272 5800 1398 5863 τοὺς
1430 5799 1663 5868 πένητας

135 5892 298 5958 πάντας
326 5897 462 5967 πρὸς
495 5893 675 5950 αὑτὸν
700 5893 1021 5963 ἐρχομένους
1068 5892 1495 5963 ἀποτρέψεσθαι.
1529 5892 1665 5945 Τοσ-

1769 4701 1911 4756 servi
1944 4699 2215 4754 hominem
2263 4697 2413 4751 illum
2463 4695 2513 4748 vi
2568 4702 2971 4764 pertraxerunt.
3027 4689 3163 4743 Cum
3208 4703 3339 4741 vero

1768 4792 2156 4862 aliquantulum
2189 4806 2218 4843 a
2250 4790 2455 4844 foribus
2487 4789 2592 4843 illis
2616 4788 2771 4858 longe
2811 4788 3045 4845 abesset,
3086 4783 3341 4836 manebat

1770 4886 1900 4945 illic,
1948 4898 2125 4952 neque
2177 4884 2357 4952 aliquo
2411 4880 2743 4936 discedebat.
2786 4875 3095 4947 Egredienti
3154 4882 3337 4925 autem

1768 4975 2058 5045 aliquando
2134 4974 2352 5028 familiae
2436 4970 2696 5042 pmfecto
2743 4968 2944 5038 :Rogo
3011 4975 3081 5031 te,
3164 4963 3339 5032 inquit

1766 5073 2024 5134 Joannes,
2051 5079 2112 5125 ut
2160 5067 2619 5139 quemadmodum
2662 5065 2817 5118 initio
2844 5058 3215 5116 misericordia
3251 5071 3338 5110 me

1767 5174 2090 5236 prosecutus
2118 5178 2200 5222 es.
2236 5163 2309 5215 ita
2340 5172 2396 5214 et
2447 5172 2595 5213 nunc
2632 5170 2858 5225 parvum
2902 5151 3118 5220 aliquod
3174 5158 3336 5216 tugu-

1770 5258 1910 5311 rium
1948 5254 2076 5310 mihi
2136 5261 2436 5313 construas,
2470 5260 2530 5303 ut
2562 5264 2589 5301 a
2626 5247 2796 5317 glacie
2843 5242 3059 5297 defendi
3109 5239 3334 5309 possim,

1769 5364 1944 5419 neque
1980 5364 2009 5400 a
2042 5356 2217 5401 vestra
2243 5344 2464 5399 domina
2492 5354 2728 5409 unquam
2777 5336 2983 5390 videar.
3044 5331 3168 5386 Haec
3210 5345 3333 5384 cum

1768 5441 1857 5495 ille
1881 5439 2194 5502 audivisset,
2234 5434 2366 5489 nihil
2394 5441 2657 5494 moratus,
2686 5442 2912 5499 parvum
2947 5424 3218 5495 quoddam
3250 5429 3306 5474 tu
3328 5449 3351 5460 -

1769 5532 1979 5604 gurium
2045 5528 2093 5583 ei
2138 5526 2465 5598 composuit,
2536 5523 2592 5577 in
2623 5536 2733 5592 quo
2792 5517 3066 5579 manebat,
3131 5514 3296 5567 Deum

1769 5637 1954 5678 orans.
2006 5620 2069 5675 Ei
2117 5630 2299 5674 autem
2335 5626 2493 5688 pater
2545 5612 2788 5685 quotidie
2816 5610 3001 5665 cibum
3054 5604 3329 5661 mittebat.

1770 5712 1967 5767 Verum
1981 5725 2100 5781 qua:
2116 5724 2146 5764 a
2163 5719 2315 5779 patre
2333 5706 2704 5769 mittebantur,
2720 5701 3049 5773 pauperibus
3068 5698 3181 5766 ipse
3218 5694 3332 5751 dis-

1770 5805 2058 5868 tribuebat,
2082 5816 2147 5857 ex
2190 5802 2268 5855 eis
2314 5816 2423 5854 non
2474 5799 2662 5863 edens,
2688 5810 2867 5866 neque
2908 5793 3121 5853 bibens,
3163 5788 3235 5842 ita
3270 5797 3335 5844 tt

1770 5910 1959 5950 omnes
2010 5908 2276 5965 pauperes
2315 5894 2379 5949 ad
2402 5906 2527 5949 eum
2553 5900 2855 5957 currerent,
2896 5899 2951 5947 et
2987 5890 3055 5945 ab
3098 5886 3187 5943 illo
3229 5894 3337 5946 nti-
