4104 6486
784 404 4005 471 βμετ-ω

1794 636 1974 746 DE
2062 629 2180 741 S.
2282 623 3051 741 EUTHYMlO

1536 856 1986 921 lllitiUMENO
2032 856 2108 916 IN
2158 851 2438 912 EREMO
2485 847 2817 911 SANCTIE
2860 844 3293 906 CIVITATIS.

1756 1026 1920 1080 (Aitno
1947 1019 2049 1067 475.
2075 1019 2181 1066 Jan.
2213 1016 2291 1063 20.
2319 1041 2378 1049 —-—
2407 1013 2627 1063 Bolland.
2650 1013 2709 1061 ad
2730 1013 2853 1060 hanc
2879 1010 3054 1071 diem.)

773 1304 802 1373 ξι
856 1307 895 1357 Ι.
960 1302 1148 1355 Laurrr
1208 1311 1247 1347 rt
1302 1295 1515 1373 rirnobii
1585 1289 1895 1359 differentia.

849 1377 1056 1439 aliaque
1088 1373 1224 1420 rimi
1270 1357 1689 1430 Hierosolymaiit
1727 1357 2070 1421 monasteria,
2102 1367 2147 1408 et
2183 1371 2350 1422 prima

845 1453 1170 1498 exercuit/to.

850 1583 897 1633 I.
927 1579 1163 1631 Primum
1183 1571 1388 1627 ordinis
1417 1568 1702 1623 monastici
1729 1566 2089 1619 institutorem
2114 1559 2354 1628 agnoscit

780 1671 1066 1725 l’almstina
1118 1666 1174 1719 S.
1211 1665 1561 1722 llilarionem,
1616 1658 1791 1725 magni
1850 1653 2066 1707 Antonii
2120 1651 2351 1716 discipu-

780 1769 911 1817 lum.
945 1782 961 1813 ι
994 1760 1232 1815 Necdum
1262 1755 1429 1817 enim,
1461 1753 1635 1819 inquit
1660 1752 1715 1801 S.
1744 1746 2105 1814 Hieronymus
2130 1744 2180 1795 in
2211 1742 2356 1794 illius

783 1855 1064 1919 Vita,tunc
1098 1847 1423 1905 monasteria
1452 1855 1608 1897 erant
1637 1845 1687 1894 iu
1719 1839 2001 1894 l’alazstina
2030 1850 2043 1887 :
2074 1850 2171 1888 nec
2202 1832 2350 1901 quis-

779 1962 939 2017 quam
987 1942 1281 1997 monachos
1315 1952 1441 1993 ante
1468 1938 1525 1991 S.
1563 1935 1886 1987 l'lilariouem
1914 1930 1966 1982 in
2003 1927 2156 1995 Syria
2191 1940 2349 1977 novo—

792 2050 873 2091 rat
908 2036 1032 2091 :ille
1066 2033 1315 2086 fundator
1364 2039 1413 2083 et
1456 2028 1697 2082 ernditor
1731 2022 1889 2087 hujus
1929 2014 2354 2073 conversationis

780 2141 831 2183 it
863 2128 1022 2182 studii
1062 2126 1113 2178 in
1150 2126 1248 2177 hac
1283 2121 1559 2191 provincia
1601 2118 1718 2168 fuit.
1755 2131 1770 2163 ι
1807 2112 1871 2165 Ει
1906 2125 2024 2163 mox
2065 2125 2075 2159 :
2111 2127 2128 2158 ε
2172 2106 2355 2173 Itaque

780 2224 895 2286 «jus
925 2218 1169 2285 exenmlo
1212 2220 1497 2280 coapcrunt
1540 2210 1609 2263 ibi
1642 2222 1760 2260 esse
1786 2201 2199 2257 innumerabilia
2244 2214 2356 2251 mo.

786 2310 1041 2369 rasteria,
1116 2305 1167 2357 in
1231 2304 1427 2372 quibus
1476 2300 1863 2352 monachorum
1919 2292 2214 2346 admiratus
2275 2299 2355 2342 est

786 2404 839 2455 S.
870 2400 1095 2454 Basilius
1120 2396 1290 2464 Epist.
1334 2393 1397 2447 79
1426 2392 1489 2443 ad
1519 2388 1878 2448 Euslalltium,
1912 2385 2221 2452 episcolnnn
2260 2381 2357 2433 Sc-

786 2494 992 2552 lastiaa,
1021 2500 1131 2542 tum
1166 2488 1218 2540 in
1243 2485 1505 2539 servanda
1555 2481 1712 2535 diaeta
1754 2473 2188 2544 temperantiam,
2245 2483 2355 2522 ltltlt

789 2591 837 2638 iu
875 2580 1225 2638 ttltset'v'atttl;s
1267 2576 1540 2629 laboribus
1598 2570 1973 2631 tolerantiattt;
2034 2568 2098 2618 ad
2128 2578 2355 2632 quorum

1973 1287 2029 1337 S.
2088 1284 2357 1350 Euthymii
2390 1291 2437 1347 Α
2466 1281 2522 1335 S.
2552 1280 2822 1349 Euthymii
2848 1278 3189 1343 conscripsit,
3220 1282 3378 1347 paulo
3402 1286 3519 1346 post
3557 1294 3753 1330 annum
3780 1280 3916 1332 Chr.
3947 1280 4044 1333 500

2460 1383 2737 1430 exstructa
2765 1383 2866 1425 est.
2897 1371 3048 1423 lland
3085 1370 3152 1423 ah
3176 1385 3236 1423 ea
3268 1371 3421 1439 longe
3455 1372 3519 1423 ad
3551 1372 3870 1439 speluncam
3912 1374 4044 1425 San-

2460 1469 2547 1529 lis,
2572 1468 2624 1520 in
2657 1481 2840 1519 eremo
2880 1467 3002 1518 olim
3042 1462 3305 1532 Eugaildi,
3357 1471 3465 1515 tum
3508 1462 4045 1532 Zipltmidieta,tno-

2464 1562 2761 1614 nasterium
2797 1557 2854 1612 S.
2896 1559 3217 1628 liuthyinins
3284 1560 3609 1611 construxit.
3676 1560 3746 1609 At
3798 1576 3908 1613 non
3956 1563 4041 1611 diu

2459 1651 2620 1706 isthic
2648 1658 2890 1703 moratus
2919 1660 3019 1703 est.
3057 1650 3131 1701 Ad
3167 1649 3303 1701 viam
3333 1645 3795 1703 lliericlmntinam
3827 1652 4048 1717 potissi-

2460 1758 2600 1795 mam
2635 1743 2754 1794 vitae
2781 1752 2984 1809 partem
3026 1740 3235 1808 exegit:
3276 1739 3448 1805 primo
3480 1740 3532 1791 in
3560 1742 3692 1793 cella
3731 1751 3892 1793 extra
3934 1742 4046 1792 lan.

2461 1850 2573 1888 ram
2610 1832 2846 1897 Pharan,
2866 1843 2981 1901 post
3003 1830 3053 1882 in
3088 1830 3336 1883 cmnobin
3364 1829 3640 1892 inferiore,
3666 1831 3751 1884 cui
3777 1830 3841 1886 S.
3875 1829 4045 1885 ’Πιιιυ-

2459 1929 2670 1980 ctistum
2699 1926 3033 1993 praefecerat,
3063 1923 3248 1976 decem
3290 1923 3529 1975 millibus
3574 1939 3833 1990 passuum
3860 1939 3887 1975 a
3928 1940 4047 1977 san-

2458 2031 2542 2073 cta
2565 2018 3056 2083 civitate,denique
3089 2017 3140 2069 in
3178 2016 3323 2068 laura
3386 2030 3503 2084 qua:
3534 2014 3718 2069 Saneti
3760 2015 4043 2085 Euthymii

2460 2112 2603 2165 dicta
2637 2123 2739 2174 est,
2769 2123 2927 2178 atque
2963 2110 3028 2161 ab
3066 2109 3321 2161 inferiore
3367 2108 3539 2163 Sancti
3587 2108 3890 2163 Tlteouisti
3937 2128 4043 2163 cre-

2464 2207 2624 2257 nobio
2711 2206 2883 2256 tribus
2967 2203 3204 2255 millibus
3282 2218 3534 2269 passuum
3616 2218 3808 2256 versus
3887 2221 4050 2257 meri-

2464 2296 2606 2348 diem
2681 2297 2915 2348 distabat.
2966 2295 3029 2346 ad
3082 2295 3358 2346 dexteram
3430 2295 3525 2346 via:
3586 2292 4045 2348 lliericlmntintc.

2460 2386 2594 2441 Hinc
2633 2387 2849 2454 triginta
2899 2385 3088 2438 stadiis
3116 2388 3302 2437 aberat
3335 2382 3526 2438 Turris
3563 2385 3628 2437 ab
3657 2386 3901 2439 Einlocia
3945 2390 4043 2439 im-

2462 2482 2729 2547 peratrice
2773 2477 2909 2533 infra
2950 2494 3098 2531 num.
3144 2476 3211 2529 84
3254 2488 3457 2538 erecta,
3504 2478 3591 2530 ubi
3650 2490 4049 2533 nzonasterem

2464 2567 2729 2623 Scholarii
2767 2568 2889 2622 dein
2936 2568 3205 2620 exstruxit
3234 2565 3290 2621 S.
3325 2565 3517 2627 Satias,
3574 2567 3662 2633 qui
3708 2569 3758 2618 in
3798 2570 4053 2636 subjrcta

788 2676 1062 2744 obstupuit
1102 2671 1357 2740 precandi
1419 2669 1675 2735 Vigofem.
1722 2680 1845 2715 Cll"!
1896 2659 2213 2713 οῧεθτνπθι
2255 2670 2360 2721 (ιιιο
2397 2671 2436 2725 Β
2468 2661 2889 2729 circumquaque
2926 2660 3058 2712 valle
3088 2660 3193 2713 duo
3233 2660 3335 2711 alia
3375 2662 3727 2721 monasteria,
3772 2673 3829 2715 et
3886 2680 3957 2732 po
3989 2667 4031 2716 is

789 2785 877 2837 pm
895 2779 946 2819 to
976 2780 1073 2816 nec
1121 2776 1307 2814 somno
1337 2756 1486 2817 victi,
1516 2769 1614 2807 nec
1658 2752 1755 2804 alia
1787 2758 1989 2803 natura:
2044 2744 2367 2800 necessitate

789 2856 1002 2916 deﬂexi,
1028 2852 1315 2905 sublimem
1348 2860 1562 2913 semper
1589 2852 1642 2895 et
1669 2842 1921 2895 invictum
1949 2838 2112 2891 animi
2145 2850 2365 2890 sensum

790 2952 842 3003 in
879 2950 1018 3001 fame
1048 2957 1101 2997 ct
1138 2943 1248 3005 siti,
1288 2942 1337 2991 in
1384 2939 1583 3006 frigore
1627 2947 1680 2989 et
1725 2934 1966 2986 nuditate
1995 2937 2293 2990 servarent,
2344 2946 2360 2977 ι

789 3051 895 3093 rtc.
928 3037 1022 3090 llis
1052 3042 1414 3089 consentanea
1457 3027 1645 3081 scribit
1692 3025 2030 3078 Solomenus
2073 3019 2167 3071 lib.
2195 3035 2242 3071 \t
2276 3015 2366 3069 lli-

791 3142 923 3186 stor.
986 3129 1131 3182 Eccl.
1198 3139 1317 3188 cap.
1375 3119 1465 3186 32,
1502 3130 1557 3171 et
1610 3116 1998 3169 monachorum
2062 3109 2369 3177 complures

793 3223 1083 3278 sanctitate
1112 3218 1353 3271 celebres
1390 3212 1708 3267 nominatim
1761 3216 2028 3269 recenset;
2079 3205 2144 3257 de
2174 3202 2369 3267 quibus

796 3332 890 3370 nos
925 3313 1075 3373 alibi,
1100 3321 1153 3363 et
1184 3308 1519 3376 podssimnm
1555 3303 1625 3354 28
1658 3302 1933 3369 Septemb.
1966 3298 2050 3361 ,de
2088 3296 2145 3347 S.
2174 3293 2366 3347 Chari—

794 3423 940 3469 tone,
966 3408 1057 3475 qui
1090 3405 1147 3459 S.
1172 3401 1432 3455 llilarioni
1480 3410 1710 3459 coaevus,
1748 3393 1919 3462 prima
1962 3390 2286 3444 monasteria
2319 3389 2368 3439 in

793 3516 975 3555 eremo
1006 3506 1208 3550 sancta:
1247 3490 1502 3554 civitatis,
1536 3490 1600 3540 de
1634 3488 1830 3555 quibus
1878 3498 2023 3544 mox,
2051 3479 2320 3534 exstruxit
2354 3494 2366 3528 :

791 3604 843 3647 et
888 3591 957 3642 28
1007 3587 1150 3652 Maii,
1182 3601 1288 3653 quo
1310 3583 1395 3636 die
1424 3580 1594 3634 saneti
1631 3575 1876 3631 monachi
1920 3572 2116 3626 ibidem
2152 3587 2180 3623 a
2212 3567 2369 3622 Sara-

794 3686 942 3738 cenis
986 3680 1148 3734 occisi
1190 3676 1456 3730 eoluntur.
1498 3669 1606 3723 llos
1639 3674 1902 3721 memorat
1933 3663 2224 3717 Cassianus
2264 3657 2374 3713 col-

798 3787 867 3840 lat
918 3774 968 3833 6,
988 3787 1107 3837 cap.
1136 3771 1155 3820 1
1187 3786 1200 3820 :
1228 3786 1244 3817 ι
1273 3766 1506 3818 Summa:
1532 3764 1652 3815 vitae
1671 3774 1731 3812 ac
1751 3754 2058 3812 sanctitatis
2084 3752 2375 3806 monachos

800 3869 1101 3921 diutissime
1150 3868 1518 3916 commoratos
1571 3856 1723 3923 juxta
1766 3852 1986 3906 'I‘hecue
2020 3850 2220 3910 vicum,
2274 3858 2371 3899 se:

802 3961 1040 4013 millibus
1074 3970 1332 4025 passuum
1369 3966 1399 4004 a
1446 3949 1818 4008 Bethlehemo,
1880 3947 1931 3997 in
1953 3939 2242 3996 solitudine
2287 3951 2374 3990 va-

2469 2754 2664 2807 simum
2702 2775 2718 2805 ι
2752 2752 2992 2821 angelico
3027 2754 3185 2805 ductu
3217 2769 3234 2801 ι
3261 2750 3325 2802 ad
3356 2749 3674 2805 Torrentem
3727 2754 4053 2820 primariam

2471 2862 2623 2901 suam
2649 2847 2853 2899 lauram
2880 2847 3157 2899 condidit:
3200 2860 3227 2896 a
3260 2858 3365 2911 qua
3396 2847 3609 2913 triginta
3665 2847 3915 2916 quinque
3956 2863 4057 2900 si..-

2471 2940 2573 2992 diis
2602 2939 2855 2999 distabat,
2905 2936 3289 3005 llierosolyime
3332 2938 3702 3006 propinquius.
3736 2944 4056 2993 carnotznrn

2474 3029 2530 3084 S.
2568 3030 2888 3094 Theodosii;
2931 3042 2982 3081 at
3013 3028 3302 3096 nonaginta
3348 3044 3535 3083 Versus
3573 3030 3896 3085 interiorem
3934 3038 4059 3083 soli.

2476 3123 2716 3176 tudinem
2750 3121 2997 3175 Susacim
3050 3121 3105 3173 S.
3152 3121 3409 3185 Qniriaci,
3450 3122 3599 3188 juxtla
3649 3127 3790 3190 quod
3844 3143 3863 3174 ι
3910 3123 4061 3177 fluvii

2477 3213 2631 3268 Suca:
2660 3224 2713 3267 et
2741 3228 2891 3265 nova:
2939 3213 3103 3265 latine
3142 3215 3299 3264 ambo
3336 3215 3688 3274 conveniunt,
3720 3215 3810 3283 qui
3853 3217 3934 3269 illi
3971 3218 4061 3270 fe-

2477 3316 2669 3360 runtur
2692 3308 2755 3359 de
2782 3305 2979 3374 quibus
3002 3305 3216 3358 Christo
3248 3306 3448 3357 tllClltlll
3483 3321 3510 3355 a
3550 3307 3746 3360 Davide
3780 3326 3792 3359 :
3825 3308 3912 3361 Tu
3957 3312 4068 3363 sie-

2474 3397 2611 3450 casti
2637 3397 2827 3450 ﬂuvios
2858 3397 3028 3449 Ethan
3060 3393 3449 3463 (Psal.t.xxvn,
3477 3397 3613 3464 l5.),
3641 3416 3658 3448 ι
3698 3410 3754 3451 ut
3776 3402 3842 3452 ad
3878 3398 4067 3453 Vitam

2476 3489 2828 3543 S.Theodosii
2865 3490 3064 3542 dictum
3090 3500 3168 3542 est
3200 3490 3256 3542 il
3291 3490 3553 3554 Januarii,
3574 3493 3801 3547 num.18
3836 3502 3897 3548 et
3925 3495 3990 3549 l9
4018 3498 4072 3550 in

2475 3577 2910 3648 ProlegomJlaL-e
2927 3580 3137 3645 aliaque
3162 3578 3266 3647 plut
3282 3580 3385 3633 ima
3408 3583 3598 3635 harum
3624 3586 3854 3650 regionu
3868 3607 3917 3636 .n
3951 3607 3997 3638 u;
4010 3603 4073 3639 o-

2475 3674 2710 3728 naSIeria
2728 3672 2983 3727 dicuntur
3004 3673 3052 3722 in
3076 3671 3303 3723 concilio
3328 3671 3939 3742 Constantinopolitano
3967 3681 4072 3733 sub

2474 3762 2714 3833 Agapeto
2733 3778 2866 3831 papa
2890 3761 3143 3815 etMenna
3166 3762 3467 3841 patriarcha
3489 3766 4071 3832 ann.Ch.536haiiito,

2476 3856 2710 3920 itemque
2762 3872 2789 3906 a
2839 3853 3047 3908 Joanne
3093 3856 3344 3919 Moscho,
3394 3857 3617 3924 aliisque
3655 3862 4031 3927 scriptoribus
4061 3906 4074 3921 .

2484 3963 2503 3997 σ
2530 3955 2714 4005 sancta
2745 3946 2945 3999 Christi
2990 3947 3099 3999 veri
3135 3948 3223 3999 Dei
3258 3948 3428 3999 nostri
3461 3948 3599 4011 loca,
3632 3958 3687 4001 et
3715 3964 4072 4003 monastera

801 4054 1062 4115 stissima,
1112 4064 1229 4116 qua:
1273 4046 1419 4098 tltlcil
1470 4056 1663 4096 versus
1690 4038 1941 4092 Arabiam
1976 4046 2029 4089 et
2055 4046 2204 4085 mare
2233 4028 2378 4082 Mor-
2404 4041 2445 4098 ε
2477 4038 2644 4091 eremi
2690 4053 2891 4092 sancta:
2926 4040 3181 4091 civitatis,
3222 4056 3240 4087 ι
3272 4037 3405 4091 "inc
3428 4041 3785 4107 corrigemlus
3823 4040 4007 4095 Fram
4032 4048 4074 4094 ᾗ-

804 4155 973 4194 tuum.
1006 4159 1023 4191 ι
1068 4139 1140 4192 De
1173 4140 1362 4191 horum
1389 4144 1688 4202 spontaneo
1722 4127 2047 4191 ministerio,
2080 4139 2187 4194 quo
2230 4142 2248 4175 ς
2282 4138 2375 4191 per

804 4242 1021 4286 extenta
1042 4231 1161 4282 avia
1191 4226 1607 4290 discurrentes,§
1634 4232 1689 4275 et
1725 4234 1989 4280 eremum,
2022 4231 2142 4285 qua:
2186 4228 2376 4269 versus

806 4338 955 4376 mare
992 4320 1263 4373 Mortuum
1293 4318 1549 4376 tenditur,
1581 4313 1863 4373 obeuntes,
1901 4307 2137 4360 festucas
2184 4312 2375 4357 tenues

804 4425 859 4467 et
892 4411 1132 4481 spinulas
1179 4409 1450 4476 lignorum
1494 4404 1559 4456 ad
1612 4403 1762 4455 cibos
1809 4397 2122 4467 coquendos
2160 4394 2376 4461 collige-

808 4508 957 4563 bant,
997 4521 1016 4552 ι
1053 4502 1162 4568 agit
1199 4500 1337 4551 idem
1362 4496 1653 4549 Cassianus
1694 4492 1857 4543 hli.|v
1889 4489 2124 4551 lnstitut,
2151 4485 2373 4553 cap.*2l,

806 4599 1043 4661 adeoque
1079 4593 1143 4643 de
1178 4588 1362 4658 regula
1391 4589 1578 4639 horum
1627 4582 2076 4634 monasteriorum
2129 4577 2179 4630 in
2240 4576 2379 4630 sole-

810 4688 1033 4738 mnitate
1061 4681 1279 4739 Tertize.
1313 4680 1487 4732 Sexta:
1512 4676 1777 4742 bonaque
1802 4672 2017 4724 disserit
2042 4670 2171 4721 ibid.
2190 4668 2377 4729 lib.tn,

809 4796 924 4845 cap.
954 4778 1050 4828 let
1067 4777 1119 4828 '5.
1144 4774 1273 4839 Qua:
1292 4777 1354 4825 de
1372 4770 1669 4829 monachis,
1689 4784 1776 4835 qm
1798 4768 1849 4818 in
1871 4766 2014 4818 hisce
2036 4763 2271 4830 partibus
2290 4769 2379 4812 aut

811 4870 865 4922 S.
898 4867 1238 4934 Enthymium
1274 4870 1685 4930 pra-cesserunt,
1715 4868 1802 4909 aut
1829 4858 1876 4909 ei
1906 4854 2138 4908 nondum
2163 4853 2378 4907 condita

811 4964 955 5011 lanra
991 4956 1367 5014 convixerunt,
1398 4951 1686 5003 verisimile
1717 4960 1795 5001 est
1815 4964 1844 4999 a
1864 4947 2117 5000 Cassiano
2148 4945 2375 4997 narrari.

879 5054 931 5102 2.
963 5049 1201 5103 Celebris
1236 5057 1345 5097 tum
1383 5052 1497 5095 erat
1543 5042 1687 5093 laura
1713 5041 1951 5100 Pharan,
1977 5038 2214 5105 itemque
2242 5035 2379 5088 Suc-

798 5162 871 5198 ,-;e
926 5141 1124 5193 veteris
1183 5154 1195 5187 :
1257 5137 1428 5188 ambte
1482 5149 1601 5186 cum
1662 5136 1816 5185 tertia
1868 5133 1933 5183 ad
1990 5131 2278 5181 Jordanetn
2350 5144 2377 5176 a

812 5242 855 5287 ἢ.
899 5233 1191 5287 Charitone
1222 5237 1509 5281 exstructte
1548 5242 1560 5277 :
1604 5224 1688 5276 illa
1718 5242 1734 5273 ‹
1772 5239 1861 5275 sex
1915 5220 2233 5272 milliarilins
2271 5234 2361 5271 vcr

2476 4142 2601 4181 scus
2634 4124 2983 4190 Quaresmius
3008 4137 3139 4180 tom.
3163 4126 3204 4178 ll
3233 4126 3616 4181 Elucidationts
3642 4126 3828 4182 Terra:
3854 4146 4077 4185 Sam-ne

2477 4218 2570 4271 lib.
2599 4233 2675 4281 vn,
2698 4218 3026 4286 peregrinat.
3068 4218 3121 4278 5,
3150 4234 3270 4287 cap.
3308 4219 3360 4279 9,
3409 4220 3495 4270 ubi
3528 4223 3718 4273 asserit
3770 4241 3785 4269 ι
3832 4224 3886 4273 in
3916 4224 4079 4276 lﬂUlIl

2479 4308 2535 4361 S.
2590 4306 2743 4360 Salia:
2785 4308 2992 4361 ostendi
3040 4310 3231 4361 cellam
3284 4306 3342 4360 S.
3386 4306 3657 4377 Entliymii
3714 4309 4079 4378 aliorumque

2478 4402 2566 4469 qui
2602 4401 2653 4450 in
2683 4417 2741 4451 ea
2785 4402 3025 4451 doctrina
3067 4409 3115 4451 et
3163 4402 3282 4451 vita:
3318 4400 3603 4451 sanctitate
3638 4401 3959 4453 floruerunt
3992 4422 4007 4465 ;
4058 4424 4072 4450 ο

2478 4508 2599 4543 cum
2629 4492 2808 4555 procul
2845 4489 2965 4543 inde
2992 4493 3203 4557 propria
3232 4491 3378 4543 lanra
3405 4492 3618 4551 obierit,
3647 4492 3737 4543 diu
3770 4509 3905 4548 ante
3960 4497 4079 4549 lau-

2483 4598 2593 4635 ram
2637 4581 2693 4637 S.
2726 4580 2879 4634 Saba:
2899 4593 3252 4644 exstructam,
3293 4594 3348 4633 nt
3377 4598 3495 4635 mox
3528 4582 3553 4655 ᾗ
3591 4582 3619 4636 ι
3647 4585 3881 4649 patebit.

2554 4676 2603 4728 ὅ.
2638 4676 2879 4739 Disputat
2911 4676 3103 4727 ibidem
3134 4674 3485 4740 Quaro‘mius
3529 4679 3593 4729 de
3625 4681 3962 4733 monasterii
4028 4692 4083 4735 et

2484 4769 2646 4821 lauru:
2695 4768 3062 4831 distinctione,
3102 4771 3401 4836 asseritque
3435 4787 3451 4819 ‹
3482 4768 3566 4821 illa
3596 4769 3864 4822 duntaxat
3891 4788 4089 4826 (1.8110-

2487 4862 2593 4925 liia,
2625 4876 2742 4928 qua:
2769 4861 2996 4928 amplius
3030 4862 3170 4912 mille
3200 4863 3493 4913 monachos
3536 4862 3924 4925 continebant,
3957 4866 4086 4915 lan-

2488 4968 2599 5004 ram
2624 4952 2923 5019 appellari:
2978 4971 2994 5001 ι
3034 4952 3103 5003 ita
3158 4968 3216 5004 se
3266 4968 3293 5003 a
3343 4952 3545 5007 Graecis
3597 4954 3923 5021 accepisse,
3982 4958 4086 5009 sed

2487 5042 2759 5096 modernis
2814 5056 2912 5095 nec
2963 5043 3081 5095 lidei
3136 5045 3319 5105 bona',
3377 5052 3430 5095 et
3483 5046 3661 5096 omnis
3719 5046 4089 5113 antiquitam

2487 5135 2706 5201 ignaris.
2749 5134 2904 5187 Certe
2938 5151 3054 5187 cum
3101 5136 3246 5185 lanra
3280 5133 3337 5187 S.
3372 5135 3635 5201 Enthymii
3690 5151 3800 5187 non
3850 5144 4090 5191 cedent

2488 5226 2649 5280 laura:
2669 5225 2902 5288 Pharao,
2935 5225 3173 5294 otliquet
3205 5243 3265 5278 ea
3308 5227 3463 5292 huius
3494 5228 3597 5278 vita
3636 5243 3787 5279 num.
3832 5230 3935 5293 ιι,
3974 5250 4089 5286 uno

800 5342 892 5379 sus
928 5328 1189 5380 orientem
1227 5322 1313 5373 via
1342 5318 1752 5372 Hierichuntina
1794 5314 2029 5367 disrabat
2075 5311 2379 5377 ΙΙιυτοςυιγ-
2411 5326 2462 5384 D
2492 5332 2744 5384 prospera
2773 5328 2824 5371 et
2847 5317 2969 5370 felix
3009 5329 3169 5382 esset,
3200 5327 3252 5371 et
3280 5320 3395 5386 ejus
3421 5319 3851 5383 anmliﬁcaretur
3882 5324 4090 5374 mult:-

812 5420 935 5481 mis,
970 5436 996 5468 a
1043 5419 1158 5470 vico
1187 5416 1373 5469 decem
1415 5412 1538 5465 inde
1578 5410 1769 5464 stadiis
1808 5410 1871 5460 ad
1916 5408 2083 5462 solem
2126 5406 2387 5459 orientem

816 5510 921 5562 sito
953 5507 1246 5576 appellata.
1284 5524 1302 5557 ι
1332 5502 1456 5557 Haec
1485 5512 1601 5555 erat
1642 5502 1694 5553 in
1730 5513 1853 5552 ante
1892 5500 2031 5552 dicta
2074 5498 2213 5550 ultra
2247 5495 2389 5549 The-

817 5612 915 5649 cue
941 5594 1260 5657 solitudine,
1289 5593 1435 5648 circa
1464 5590 1979 5660 quamTheOCornm
2000 5589 2385 5641 monasterium

820 5685 941 5747 fuit,
969 5688 1080 5740 sive
1120 5685 1415 5747 Thecoum,
1442 5686 1507 5737 de
1545 5698 1650 5751 quo
1683 5697 1827 5734 nuru.
1880 5680 1946 5732 80
1983 5689 2035 5733 et
2078 5678 2199 5736 124,
2228 5690 2388 5746 atque

822 5790 880 5827 cx
915 5774 1034 5842 eius
1060 5774 1227 5828 ruinis
1260 5772 1407 5827 laura
1457 5786 1617 5835 nova,
1664 5771 1712 5825 in
1763 5786 1866 5838 qua
1919 5768 2154 5839 Cyrillua
2208 5769 2384 5823 Vitam

2489 5409 2638 5476 tudo,
2664 5409 2926 5472 tiuthS,
2953 5410 3213 5463 deductus
3264 5420 3345 5462 est
3397 5409 3621 5461 fratrum
3673 5424 3962 5465 numerus
4027 5412 4090 5465 ad

2487 5498 2899 5567 quinquaginta.
2928 5515 2945 5547 ι
2988 5497 3047 5549 Et
3083 5500 3181 5551 sub
3221 5517 3235 5546 ι
3278 5497 3333 5550 S.
3363 5497 3496 5550 Saba
3526 5500 3575 5549 in
3599 5509 3809 5549 tantum
3839 5516 4090 5571 corigre‘

2485 5589 2630 5656 gatio
2659 5589 2853 5652 crevit,
2891 5608 2908 5640 ι
2950 5602 3009 5642 ut
3039 5590 3091 5643 in
3126 5590 3273 5642 lauta
3308 5592 3422 5658 ejus
3456 5591 3628 5657 primo
3663 5609 3678 5639 ι
3709 5604 4090 5660 septuaginta

2485 5679 2705 5733 Christo
2745 5683 3042 5735 servientes
3080 5692 3531 5748 congregarentur
3567 5698 3577 5730 :
3616 5702 3630 5728 ι
3679 5695 3789 5747 quo
3844 5700 4089 5741 numero

2485 5772 2761 5840 doplicato
2801 5773 2987 5827 deinde
3023 5773 3235 5825 fuerunt
3266 5785 3475 5823 Centum
3511 5786 3949 5840 qnniqnaguzta.
3984 5779 4090 5829 Aut
