4104 6486
717 386 820 449 58?

1959 384 2241 444 nsxsrs
2272 383 2734 473 JANUAIUUS.

3892 392 3987 458 588

728 502 806 551 eis
851 508 901 549 ι·1
935 498 1141 568 e.\iguis
1182 497 1429 565 patribus,
1472 494 1912 564 quadringentos,
1935 494 2024 562 qui
2072 496 2137 545 ad
2185 509 2293 547 mo-
2335 500 2377 555 Α
2412 502 2679 561 tempora,
2706 508 2768 549 ac
2801 493 2914 563 ipse
2954 493 3190 565 Cyrillus
3221 513 3233 547 :
3260 498 3411 560 dum,
3446 509 3567 565 qua:
3598 498 3712 566 ipse
3740 503 3987 562 \idit,vel

718 591 1017 644 nsterium
1062 591 1125 642 de
1183 588 1265 639 via
1334 587 1686 647 diverti-rant,
1724 587 1952 653 pavisse.
1990 583 2105 638 Non
2137 585 2306 639 solum

722 698 852 734 vero
904 682 1016 749 ipse.
1060 680 1237 733 divina
1285 681 1486 732 virtute
1536 688 1815 747 parentum
1864 693 2082 731 suormn
2128 679 2306 733 soluta

721 774 1006 824 sterilitate
1056 781 1216 824 natus
1247 782 1331 825 est
1360 788 1374 835 ;
1413 771 1504 824 sed
1531 771 1663 823 alias
1700 770 2004 837 cumplart-s
2035 784 2308 824 matronas

729 866 880 931 prole
911 874 1181 927 carentes,
1207 865 1319 916 suis
1345 864 1595 932 precibus
1620 862 1877 917 fecundas
1906 864 2157 917 reddidit.
2188 862 2307 932 Ipse

722 972 956 1024 quoque,
989 964 1043 1008 ut
1069 956 1196 1009 olim
1231 970 1459 1023 magnus
1494 954 1673 1021 Elias,
1702 956 2040 1022 Cttlijatllttts
2074 955 2306 1023 aperuit,
2346 950 2358 962 ’

722 1060 779 1104 ct
815 1063 973 1102 terra:
1007 1048 1291 1103 sterilitate
1328 1058 1382 1101 et
1441 1047 1532 1101 siti
1568 1048 1830 1102 laboranti
1870 1049 2141 1102 subvenit.
2172 1046 2306 1101 Pro-

724 1142 861 1193 didit
894 1142 1056 1193 etiam
1082 1141 1198 1207 ejus
1230 1138 1497 1191 iuternam
1532 1140 1833 1192 claritatem
1868 1141 2115 1193 columna
2146 1140 2304 1208 ignis,

726 1248 886 1300 quam
939 1246 1004 1284 eo
1046 1232 1385 1304 incruentam
1431 1230 1661 1284 hostiam
1703 1230 1964 1287 uﬂerente
2006 1234 2188 1286 videre
2215 1232 2307 1300 qui

725 1324 1153 1377 circumstabant
1208 1338 1238 1377 e
1296 1326 1437 1378 cutio
1509 1324 1947 1387 descendentem,
2018 1333 2072 1377 ct
2120 1334 2307 1378 sancto

725 1429 992 1472 asrantem
1019 1428 1131 1470 toto
1156 1417 1410 1470 sacriﬁcii
1443 1428 1697 1484 tempore.
1726 1417 1854 1487 Ejus
1887 1433 2049 1487 purro
2083 1420 2308 1472 sanctis-

726 1514 876 1564 sima:
908 1522 958 1564 ct
988 1510 1292 1578 purissima:
1318 1510 1514 1563 mentis
1547 1510 1598 1563 id
1626 1519 1709 1564 est
1743 1524 2143 1580 argumentum,
2167 1513 2306 1579 quod

727 1620 911 1655 eorum
949 1602 1038 1668 qui
1073 1604 1138 1654 ad
1171 1602 1371 1657 divina:
1404 1604 1803 1657 communionis
1837 1606 2303 1671 participationem

726 1692 1060 1745 accedebant
1098 1701 1298 1745 statum
1333 1692 1670 1761 pervidebat,
1703 1696 1897 1760 etquis
1921 1709 2107 1747 eorum
2148 1710 2301 1763 pura,

727 1789 849 1857 quis
874 1786 1011 1838 mala
1049 1786 1381 1840 censcieutia
1414 1796 1579 1839 esset.
1615 1784 1715 1838 llic
1746 1800 1865 1838 cum
1892 1788 2181 1855 nonaginta
2216 1802 2303 1841 se-

2412 595 2720 637 sanctorum
2754 583 2899 637 omni
2929 585 3196 653 probitate
3229 588 3602 654 praestantium
3632 592 3869 643 virorum
3909 609 3987 648 re-

2411 677 2612 731 latione
2650 678 2836 731 didicit
2865 717 2879 743 ,
2930 678 3136 747 absque
3190 678 3295 733 levi
3342 681 3654 748 suspicione
3705 687 3987 751 mendacii,

2411 772 2679 824 sinceram
2711 772 2993 826 veritatem
3038 772 3200 825 veluti
3240 784 3650 827 sacrosanctum
3695 776 3987 842 depositum

2411 864 2643 932 posteris
2694 865 2930 928 tradidit,
2977 880 3168 933 neu-pe
3214 867 3348 917 Acta
3400 864 3710 936 Eutbymii,
3762 869 3989 937 itemque

2412 955 2567 1007 Saba:
2598 965 2651 1008 et
2673 955 2899 1009 Joannis
2926 955 3247 1009 Silentiarii.
3282 975 3301 1007 ι
3334 954 3389 1008 lu
3423 958 3480 1010 S.
3511 956 3786 1027 Eutbymii
3816 962 3983 1025 Artis,

2409 1063 2529 1115 qua:
2562 1064 2590 1101 a
2618 1065 2766 1102 num.
2812 1048 2934 1112 155,
2965 1058 3152 1102 narrat
3181 1049 3463 1113 miracula,
3499 1050 3613 1118 ipse
3643 1067 3826 1104 coram
3857 1054 3986 1108 facta

2408 1141 2711 1207 conspexit,
2758 1140 2964 1208 reliqua
3008 1157 3036 1192 a
3098 1139 3264 1193 variis
3317 1140 3573 1195 Patribus
3620 1148 3896 1211 accepisse
3940 1162 3990 1199 se

2411 1242 2656 1286 testatur.
2692 1232 2803 1285 Non
2849 1233 2991 1286 enim
3037 1232 3334 1301 discipulus
3370 1232 3472 1286 fuit
3503 1237 3561 1289 S.
3609 1236 3910 1307 Euthymii,
3940 1252 3989 1291 ιιι

2412 1324 2680 1377 Baronins
2739 1325 2907 1377 citato
2968 1340 3118 1377 num.
3169 1324 3259 1388 43,
3314 1326 3592 1394 opinatur,
3653 1338 3744 1379 aut
3802 1331 3991 1381 sarculo

2407 1417 2593 1485 quinto
2633 1418 2788 1479 vixit,
2820 1429 2877 1469 ut
2909 1417 3049 1469 idem
3082 1432 3170 1470 an.
3199 1417 3299 1470 Ch.
3339 1418 3466 1483 420,
3523 1436 3576 1471 ιι.
3624 1420 3713 1482 51,
3771 1423 3986 1485 scribit;

2407 1506 2499 1560 sed
2553 1507 2749 1559 szeculu
2798 1516 2952 1561 sexto
2988 1523 3079 1559 an.
3129 1506 3230 1560 Ch.
3267 1508 3368 1562 550
3407 1520 3500 1561 aut
3554 1514 3799 1575 sequenti
3868 1526 3991 1577 pucr

2408 1600 2474 1651 ad
2509 1598 2566 1653 S.
2605 1595 2799 1650 Sabam
2840 1613 2868 1650 a
2906 1598 3221 1665 parentibus
3268 1597 3606 1668 Scythopoii,
3641 1609 3783 1652 unde
3810 1604 3990 1653 oriun-

2406 1691 2506 1743 dus
2535 1699 2671 1754 crat,
2699 1690 2986 1753 adduetus,
3019 1690 3086 1742 ab
3115 1704 3180 1743 eo
3206 1691 3257 1742 in
3304 1693 3631 1758 discipulum
3691 1695 3890 1745 meruit
3916 1708 3991 1747 eo.

2405 1785 2605 1851 Optari,
2625 1797 2676 1839 et
2702 1802 2730 1836 a
2764 1786 3103 1852 metropolita
3134 1797 3321 1839 tonsus
3352 1788 3403 1838 iu
3431 1788 3804 1842 ecclesiastico
3828 1791 3989 1859 graalu

724 1889 870 1948 ptetn
934 1888 1079 1932 esset
1149 1894 1458 1940 annorum,
1532 1878 1784 1947 migravit
1869 1881 1933 1931 ait
1997 1879 2305 1946 Dominum,
2338 1871 2382 1925 Β
2412 1878 2688 1930 constitui.
2743 1877 2823 1930 Ad
2876 1876 2932 1929 S.
2980 1876 3254 1947 Euthymii
3303 1881 3718 1943 tuonaSterium,
3766 1882 3817 1933 in
3848 1883 3991 1948 quod

724 1969 907 2025 Leone
946 1971 1144 2037 Magno
1199 1970 1523 2037 imperante.
1556 1967 1751 2022 Forma
1785 1978 1898 2022 erat
1930 1970 2125 2023 eximia
2149 2010 2162 2033 ,
2196 1972 2309 2025 sin-

726 2062 869 2115 ceris
894 2062 1159 2123 moribus,
1195 2062 1376 2115 colore
1407 2060 1657 2124 candido,
1710 2071 1988 2115 senectute
2031 2062 2226 2115 decora
2256 2073 2310 2117 ct

731 2154 1043 2216 venerabili,
1093 2170 1225 2207 cana
1264 2156 1516 2218 caesarie,
1568 2154 1733 2207 barba
1793 2170 1969 2223 usque
2001 2157 2067 2208 ad
2103 2154 2307 2210 femora

732 2247 1020 2310 promissa.
1046 2242 1239 2296 Fertur
1272 2243 1336 2296 de
1368 2244 1506 2312 ipso,
1532 2244 1674 2312 quod
1706 2260 1827 2297 cum
1859 2245 2159 2300 monachus
2185 2247 2308 2316 qui-

730 2340 852 2387 dam
889 2333 1047 2388 morti
1082 2334 1359 2403 proximus
1386 2346 1559 2400 esstt,
1590 2336 1677 2403 qui
1713 2347 2018 2403 temperans
2048 2354 2110 2391 ac
2137 2340 2311 2394 conti-

732 2442 864 2480 nens
896 2426 1055 2495 vulgo
1082 2426 1426 2491 credebatur,
1455 2441 1642 2482 revera
1705 2438 1883 2480 autem
1911 2445 2014 2482 non
2043 2440 2184 2495 erat,
2215 2432 2310 2485 sed

729 2530 917 2574 contra
947 2520 1207 2581 lascivus,
1245 2520 1380 2572 vidit
1420 2520 1610 2573 beatus
1644 2521 1891 2588 angelum
1924 2523 2157 2577 tridente
2197 2525 2313 2577 ani-

727 2626 868 2664 mam
899 2611 1019 2680 ejus
1058 2610 1309 2675 evellere,
1344 2625 1643 2680 vocemque
1691 2628 1794 2665 una
1822 2613 2012 2678 audiit,
2038 2614 2309 2668 occultam

730 2705 1116 2772 turpitudinem
1151 2703 1296 2759 iliius
1333 2706 1583 2758 monachi
1618 2706 1959 2773 prodentem.
1992 2707 2311 2762 Celebratur

726 2796 846 2863 ejus
876 2796 1068 2850 lestum
1116 2797 1168 2849 in
1238 2796 1582 2851 sanctissima
1610 2797 1798 2865 Magna
1837 2798 2088 2852 ecclesia.
2136 2818 2153 2851 ι
2190 2799 2311 2855 llam

725 2887 968 2944 Menam.
1021 2890 1151 2954 Qua-
1190 2890 1274 2943 hic
1316 2891 1383 2944 de
1436 2891 1637 2945 lascivo
1692 2892 1950 2944 monacho
1996 2905 2310 2957 narrantur,

726 2982 951 3035 deerant
975 2982 1028 3034 in
1054 2981 1304 3036 Gentiani
1326 2982 1594 3048 versione,
1619 2983 1861 3052 suppleta
1881 3000 1943 3037 ex
1974 3001 2076 3039 ms.
2101 2983 2309 3049 Graeco,

728 3073 782 3127 in
810 3089 916 3144 quo
948 3074 1271 3144 Euthymius
1299 3075 1417 3129 ham
1450 3086 1633 3129 narrat
1667 3092 1727 3130 se
1755 3081 1821 3131 ab
1854 3075 2124 3146 Egyptiis
2153 3094 2310 3133 acce-

730 3168 893 3235 pisse,
920 3176 978 3219 ut
1013 3182 1162 3220 num.
1194 3166 1262 3222 65
1287 3175 1456 3237 patet.

800 3258 851 3312 7.
895 3258 1097 3313 Prteter
1130 3259 1304 3328 Magni
1332 3275 1632 3329 cognomen
1659 3300 1674 3325 ,
1705 3262 1848 3331 quod
1879 3263 1925 3316 ei
1956 3263 2027 3316 ab
2061 3264 2314 3317 erunibus

730 3350 1009 3415 tribuitur,
1033 3351 1193 3404 etiarn
1220 3349 1577 3416 Theophorus
1598 3354 1899 3420 appellatur
1916 3369 1945 3406 a
1972 3356 2314 3423 quibusdam.

728 3442 787 3495 lu
839 3442 1131 3513 Horologio
1181 3443 1483 3498 Gra'corum
1539 3460 1558 3496 .·
1588 3444 1681 3497 τοῦ
1724 3447 1871 3497 ὁσίου
1917 3450 2007 3499 καὶ
2054 3448 2314 3518 θεοφόρου

735 3535 949 3605 Ματρὸς
999 3533 1155 3603 ἡμῶν
1199 3533 1478 3603 Εὑθυμίου
1520 3532 1615 3585 τοῦ
1655 3536 1915 3603 μεγάλου.
1956 3534 2315 3605 Menologium

730 3648 757 3678 a
791 3627 1011 3681 Canisio
1046 3628 1249 3681 editum
1286 3644 1300 3681 :
1340 3643 1359 3678 ι
1399 3629 1586 3682 Sancti
1622 3637 1677 3682 et
1717 3629 1909 3683 deiferi
1936 3629 2115 3683 Patris
2145 3631 2315 3682 n0stri

730 3717 1003 3785 Euthymii
1050 3717 1248 3785 magni.
1288 3734 1306 3767 ι
1346 3716 1609 3770 Referunt
1650 3718 1921 3783 eumdem,
1961 3718 2316 3787 Menologium

731 3809 1104 3876 ChristOpliori
1163 3811 1502 3877 proconsulis
1550 3809 1875 3879 Mitylenaei,
1933 3822 1985 3863 et
2037 3812 2318 3863 Kalenda-

731 3900 868 3951 riuut
921 3918 948 3953 a
976 3901 1322 3955 (Scntbrardo
1346 3902 1637 3971 vulgatum.
1672 3902 1714 3954 Ε
1739 3902 1947 3957 Latinis
1970 3904 2042 3955 ita
2078 3903 2319 3957 lllulanus

732 3992 786 4043 in
815 3992 998 4044 Addit.
1058 3996 1122 4044 ait
1174 3992 1476 4047 UsUat‘dunt
1527 4013 1539 4047 :
1588 4011 1605 4043 ι
1656 3993 1749 4047 Die
1786 3996 2038 4049 vicesima
2075 3998 2241 4049 sancti
2266 4007 2318 4049 et

736 4085 1020 4150 theopltori
1066 4082 1245 4137 Patris
1287 4083 1558 4153 Eulhymii
1603 4086 1803 4153 tnagni.
1861 4103 1880 4136 ι
1934 4085 2069 4138 lline
2104 4089 2318 4139 occasio

738 4174 1001 4227 Ferrario
1056 4176 1106 4227 in
1158 4176 1414 4244 Catalogo
1452 4177 1689 4241 generali
1738 4187 2047 4229 sanctorum
2094 4178 2319 4230 halluci-

734 4268 916 4328 naudi,
969 4279 1327 4334 sanctumque
1366 4268 1602 4334 aliquem
1646 4267 2029 4333 Theophorunt
2083 4270 2149 4322 ab
2209 4270 2317 4322 liu-

736 4357 938 4426 tbymio
968 4357 1241 4410 diversum
1287 4359 1579 4412 statuendi.
1624 4376 1642 4409 ι
1683 4360 1738 4413 Ιιι
1772 4360 2081 4422 Palaestina,
2116 4362 2317 4430 inquit,

742 4456 843 4502 huc
890 4450 974 4503 die
1003 4450 1063 4502 S.
1102 4450 1410 4518 ’Πιεοριιοιὶ
1439 4453 1783 4516 confessoris,
1823 4470 1842 4503 ι
1872 4454 2109 4520 citatque
2140 4454 2322 4507 Meno-

2414 1983 2563 2039 jaura
2631 1979 2959 2022 commutata
2996 1980 3133 2035 erat,
3178 1970 3329 2024 venit
3369 1985 3459 2024 an.
3503 1972 3607 2025 545
3650 1985 3706 2025 ιιι
3755 1974 3897 2025 intra
3939 1989 3991 2024 ιι.

2416 2063 2535 2127 1⁸55,
2572 2074 2625 2116 et
2670 2064 2722 2116 iu
2759 2064 2911 2117 Actis
2959 2063 3060 2117 SS.
3116 2062 3273 2118 Saba:
3324 2074 3379 2119 et
3426 2063 3652 2120 Joannis
3696 2066 3994 2120 Silentiarii

2413 2156 2639 2225 ipsemet
2668 2157 2810 2209 dese
2842 2168 3049 2209 narrat.

2483 2246 2534 2301 9.
2572 2248 2653 2300 Ab
2684 2248 2785 2302 hoc
2816 2258 3061 2315 tempore
3093 2263 3215 2318 quae
3246 2248 3310 2302 de
3366 2246 3425 2302 S.
3474 2246 3763 2317 Euthymio
3808 2248 3999 2304 Patres

2411 2350 2465 2394 et
2498 2342 2739 2396 seniores
2772 2341 2846 2394 illi
2891 2351 3208 2406 narrarunt,
3260 2350 3316 2393 ut
3365 2340 3443 2393 ait
3497 2358 3644 2394 num.
3686 2340 3771 2406 18,
3806 2342 3914 2395 155
3945 2351 3998 2395 et

2415 2433 2537 2500 161,
2577 2436 2909 2503 conscripsit
2949 2435 3389 2500 accuratissime,
3428 2435 3655 2489 confuse
3702 2445 3883 2489 tanien
3919 2447 3997 2488 ta-

2413 2541 2535 2579 men
2567 2536 2622 2579 et
2648 2528 2950 2580 inordinate
2986 2545 2999 2580 :
3032 2540 3085 2578 at
3110 2540 3227 2594 post
3265 2528 3517 2595 quintam
3558 2526 3826 2596 synodum
3854 2525 3999 2580 Con-

2417 2620 2773 2687 stantinopoli
2812 2634 2900 2672 an.
2934 2618 3038 2672 Ch.
3099 2620 3203 2673 5ὺό
3236 2622 3499 2681 habitam,
3534 2620 3585 2672 in
3653 2619 3807 2672 laura
3862 2635 3999 2673 nova

2415 2711 2547 2764 duos
2576 2726 2744 2763 annos
2772 2713 3056 2765 continuos
3098 2722 3331 2777 emptum
3366 2725 3500 2780 npus
3534 2721 3616 2764 est
3644 2726 4000 2778 prosecutus,

2414 2815 2536 2853 eum
2576 2798 2674 2852 SS.
2719 2799 2988 2868 Enthymii
3016 2813 3067 2853 et
3104 2800 3260 2854 Saba:
3282 2800 3383 2853 sibi
3428 2803 3809 2869 apparentium
3840 2805 4002 2853 bene-

2419 2896 2539 2949 licio
2570 2894 2827 2947 divinitus
2856 2906 3182 2947 consecutus
3212 2904 3352 2948 esset
3380 2896 3607 2960 gratiam
3633 2904 3784 2959 gesta
3810 2909 4004 2947 eorum

2415 2999 2537 3056 apte
2570 2988 2967 3041 conscribendi.
2997 2986 3186 3039 Patres
3234 3001 3380 3047 vero,
3417 2989 3507 3054 qui
3541 2987 3587 3038 ei
3620 2988 3886 3055 pleraque
3944 2990 4010 3040 de

2418 3080 2475 3133 S.
2544 3079 2815 3149 Euthymii
2898 3079 3186 3132 virtutibus
3250 3088 3782 3137 COIIlIIlt‘IIlOl‘ﬂl‘llltl,
3856 3076 4011 3128 fuere

2420 3174 2478 3225 ὃ.
2505 3174 2809 3237 Quiriacus,
2836 3186 2928 3225 seu
2964 3172 3245 3239 Cyr-iactis,
3275 3172 3331 3223 S.
3358 3167 3595 3222 Joannes
3630 3168 4011 3232 Silentiarius,

2420 3266 2682 3332 hujusqtte
2710 3264 2887 3317 socius
2922 3262 3243 3324 Thalelams,
3286 3263 3351 3315 de
3406 3276 3513 3329 quo
3576 3278 3631 3316 ιι.
3678 3261 3767 3319 7|,
3828 3264 4011 3329 plura.

2418 3356 2551 3408 Cum
2588 3357 2644 3408 S.
2675 3353 2885 3407 Joanne
2920 3354 3144 3420 ejusque
3172 3354 3450 3420 discipulis
3502 3355 3731 3405 habebat
3783 3354 4018 3419 juvenis

2421 3446 2687 3511 notitiam,
2740 3445 2879 3512 quod
2922 3444 2975 3497 hi
3034 3444 3341 3510 Scytltupoli
3409 3445 3472 3495 ad
3522 3444 3662 3495 ardes
3710 3455 4018 3511 parentum

2419 3539 2534 3603 eius
2584 3540 2949 3599 divertereut,
3011 3545 3263 3603 tauquam
3308 3539 3373 3587 ad
3427 3538 3705 3604 proprium
3762 3542 4024 3589 xenozio-

2420 3628 2621 3690 citium,
2679 3635 2733 3681 et
2787 3642 3019 3680 annuam
3067 3627 3517 3688 benedictionem.
3552 3628 3664 3680 sive
3707 3630 4026 3697 eleemusy-

2422 3737 2567 3784 nam,
2602 3721 2908 3788 accipereut
2967 3720 3033 3771 ab
3094 3720 3208 3784 ejus
3258 3721 3570 3786 parentibus
3616 3735 3714 3787 pro
3750 3723 4028 3773 ραςιευιιῑῡ

2420 3821 2474 3864 et
2510 3813 2751 3878 partibus
2783 3811 2981 3873 lauru};
3017 3827 3079 3864 ex
3114 3825 3219 3879 quo
3244 3810 3416 3866 Sabas
3448 3826 3567 3863 cum
3615 3814 3701 3876 iis,
3751 3824 3819 3863 ut
3877 3815 4028 3865 dixi-

2422 3919 2563 3965 mus,
2601 3912 2802 3971 egerat.
2830 3901 3032 3956 Deinde
3060 3902 3215 3968 hujus
3240 3903 3469 3955 consilio
3504 3900 3569 3954 ad
3606 3908 4030 3956 menasterinm

2424 3995 2482 4048 S.
2522 3994 2796 4063 Eutlrymii
2828 3996 2995 4059 venit,
3041 4006 3099 4047 ut
3138 4005 3322 4047 narrat
3371 3996 3483 4061 ipse
3530 3997 3595 4046 de
3648 4010 3708 4047 se
3769 3995 4034 4063 Cyrillus

2423 4086 2560 4140 infra
2615 4101 2763 4137 num.
2814 4085 2935 4149 156,
2989 4095 3043 4137 et
3086 4084 3272 4138 inVita
3312 4084 3369 4137 S.
3425 4083 3667 4143 Joannis,
3716 4087 3790 4137 ad
3854 4104 4030 4153 quem

2424 4178 2615 4231 deimle
2636 4192 2665 4230 e
2702 4178 3030 4229 monasterio
3053 4175 3109 4228 S.
3148 4177 3417 4245 Euthymii
3451 4176 3698 4227 discessit
3730 4179 3805 4227 ad
3839 4178 3905 4229 S.
3932 4180 4037 4230 Si-

2424 4269 2503 4321 lia:
2534 4268 2761 4331 lattram,
2801 4276 2852 4321 et
2890 4269 3061 4320 lactus
3092 4280 3173 4321 est
3203 4269 3251 4319 ei
3315 4267 3555 4319 minister
3593 4270 3926 4319 litterarum
3970 4270 4039 4321 atl

2428 4359 2484 4414 S.
2525 4360 2859 4425 Quiriacmn.
2892 4356 3045 4411 llnnc
3081 4368 3260 4410 autem
3290 4358 3542 4409 convenit
3585 4358 3635 4408 in
3664 4358 3837 4410 laura
3876 4361 4045 4411 Sne».-

2424 4442 2664 4513 veteris;
2696 4449 2784 4517 qui
2810 4449 2895 4501 ubi
2931 4449 3193 4501 intellexit
3229 4449 3486 4516 Cyrillum
3526 4462 3642 4500 esse
3685 4453 4045 4502 utunaStemi

737 4544 932 4612 mgium
954 4540 1277 4595 ercorum.
1304 4542 1378 4596 De
1396 4542 1690 4611 Euthymio
1714 4545 1783 4596 ita
1805 4545 1998 4597 tabula:
2020 4543 2275 4599 Romana:
2300 4565 2312 4600 :
2348 4551 2391 4604 Β
2424 4542 2599 4611 magni
2627 4539 2925 4609 Euthymii,
2954 4554 3075 4591 cum
3095 4554 3286 4607 magno
3307 4539 3549 4605 protinus
3570 4540 3781 4605 gaudio
3818 4561 3832 4592 :
3870 4540 4045 4603 Ecce,

741 4657 753 4681 ι
804 4634 859 4686 ln
891 4633 1173 4687 llalaesuna
1209 4632 1409 4688 natalis
1435 4636 1491 4688 ὃ.
1524 4633 1794 4703 Eurbyurii
1825 4636 2055 4701 abbatis,
2081 4638 2169 4704 qui
2199 4639 2314 4691 zelo

734 4728 1031 4782 Catholica:
1065 4728 1361 4795 disciplina:
1405 4738 1458 4781 et
1494 4728 1693 4780 virtute
1727 4728 2131 4795 miraculorum,
2174 4740 2311 4783 tem-

738 4834 866 4886 pore
892 4817 1153 4873 Marciani
1180 4818 1548 4887 imperatoris,
1580 4816 1635 4869 in
1658 4816 1902 4873 Ecclesia
1937 4819 2133 4872 ﬂoruit.
2168 4838 2183 4869 ι

1161 4956 1187 5021 §
1226 4950 1318 5005 111.
1365 4949 1484 5003 Vita
1516 4949 1571 5004 S.
1605 4950 1897 5021 Eutlrymii.

809 5096 861 5144 8.
908 5088 1082 5142 Vitam
1126 5088 1181 5141 S.
1236 5089 1509 5159 Euthymii
1557 5088 1774 5156 seripsit
1811 5085 2063 5154 Cyrillus.
2111 5086 2314 5140 Nomen

740 5190 854 5253 ipse
888 5201 1040 5237 suum
1067 5184 1119 5237 iu
1151 5185 1361 5253 epilogo
1391 5200 1544 5238 num.
1572 5184 1691 5244 165,
1732 5184 1929 5251 prodit.
1968 5184 2197 5237 Barouio
2225 5201 2311 5237 an.

739 5278 853 5332 ΕΜ
877 5274 1001 5338 475,
1036 5290 1183 5328 ιιυιιι.
1229 5275 1317 5339 45,
1364 5276 1686 5343 praedicatur
1717 5274 1945 5341 diligens
1980 5284 2034 5326 et
2077 5274 2317 5327 veritatis

741 5370 936 5446 qultor,
978 5378 1031 5420 et
1067 5368 1276 5420 illorum
1315 5378 1616 5434 temporum
1665 5368 1859 5420 lloreus
1894 5366 2204 5420 historicus.
2244 5366 2316 5419 De

743 5476 851 5525 quo
881 5470 933 5513 et
968 5470 1125 5512 antea
1174 5461 1240 5512 ad
1280 5475 1368 5511 an.
1404 5460 1527 5525 591,
1579 5475 1729 5513 ιιιιιιι.
1768 5459 1855 5524 15,
1902 5460 2312 5527 prouuntiarat:

750 5574 765 5603 ι
811 5551 993 5605 Liceat
1020 5552 1239 5620 absque,
1281 5553 1478 5604 invidia
1511 5552 1711 5614 dicere,
1748 5566 1832 5604 me
1866 5551 2135 5604 neminem
2168 5566 2318 5618 repe-

748 5659 881 5694 risse
914 5653 1032 5709 post
1058 5639 1155 5693 SS.
1195 5641 1549 5695 Athanasium
1584 5649 1745 5707 atque
1788 5639 2193 5709 Hieronymtnn,
2226 5640 2315 5708 qui

747 5736 940 5801 majori
987 5732 1091 5785 lidc
1138 5735 1417 5802 scripserit
1458 5736 1925 5787 sanctissimorum
1960 5734 2196 5787 virorum
2228 5751 2314 5787 res

746 5835 948 5895 gestas,
984 5826 1231 5896 digerens
1270 5842 1360 5881 cas
1393 5838 1553 5896 atque
1581 5828 1916 5895 distinguens
1948 5838 2198 5881 accurate
2223 5841 2311 5895 per

2425 4632 2624 4699 inquit,
2654 4646 2686 4680 ι)
2712 4629 2901 4691 frater,
2943 4639 2996 4680 tu
3036 4643 3094 4681 es
3121 4630 3386 4696 ejusdem,
3430 4630 3585 4693 cujus
3624 4643 3731 4697 ego
3781 4634 4043 4684 cennubn

2424 4727 2588 4790 (nam
2631 4734 2661 4773 e
2703 4721 2953 4774 manibus
3016 4720 3072 4771 Ε.
3117 4718 3388 4787 Euthymii
3434 4721 3742 4771 monastico
3810 4724 4056 4775 indutus

2417 4812 2597 4866 fuerat
2630 4812 2855 4875 habitu);
2879 4820 2930 4864 et
2957 4809 3122 4878 coepit
3153 4812 3397 4861 oratione
3428 4810 3678 4876 persequi
3711 4826 3819 4865 res
3856 4828 4057 4881 gestas

2421 4905 2522 4960 SS.
2548 4904 2819 4973 Euthymii
2845 4912 2899 4956 et
2935 4902 3109 4956 Sabae.
3163 4901 3251 4954 Ille
3287 4912 3464 4954 autem
3513 4917 3633 4955 cum
3678 4920 3793 4957 eas
3851 4924 4057 4973 aperte

2424 4997 2708 5050 didicisset
2753 4995 2817 5046 ab
2854 4996 2956 5048 hoc
2992 4992 3051 5045 Β.
3079 4994 3354 5056 Quiriaco,
3418 4994 3757 5058 conscripsit
3825 5000 4059 5068 single.-.

2420 5088 2473 5141 in
2502 5089 2586 5152 iis,
2606 5102 2742 5155 quos
2773 5089 2838 5139 de
2874 5086 3003 5155 ipsis
3029 5086 3246 5153 Scripsit
3282 5084 3468 5146 libros,
3504 5094 3558 5136 ut
3600 5083 3765 5139 llltllC
3806 5093 4063 5156 quilibet

2419 5182 2630 5236 discere
2673 5189 2869 5247 potest,
2908 5179 2951 5232 si
2993 5193 3098 5233 non
3146 5176 3337 5229 leviter
3385 5188 3440 5229 et
3479 5176 3620 5228 aliud
3662 5189 3897 5245 agens,
3967 5200 3989 5234 ς
4020 5190 4065 5235 -t

2419 5281 2669 5325 accurate
2698 5285 2759 5322 ea
2793 5270 2933 5338 legat
2964 5269 3326 5337 (potissimum
3371 5283 3518 5319 num.
3560 5264 3651 5326 £8,
3692 5268 3804 5329 49,
3860 5273 3962 5331 53,

2420 5377 2473 5419 et
2518 5363 2604 5429 7G,
2642 5361 2835 5431 quibus
2882 5361 3015 5414 locis
3069 5362 3439 5428 producuntur
3496 5369 3689 5419 teStes.
3765 5379 3798 5414 a
3849 5370 4068 5433 quin;

2422 5462 2535 5527 ipse
2566 5457 2793 5526 plurima
2828 5454 3113 5520 Quiriacus
3142 5453 3451 5521 didicerat).
3478 5453 3654 5518 Atque
3695 5456 3797 5510 sic
3824 5466 4071 5526 quidem

2419 5551 2633 5603 divinus
2670 5548 2980 5612 Quiriacus.
3028 5543 3163 5598 Cum
3204 5544 3303 5599 hoc
3332 5557 3509 5596 autem
3550 5558 3851 5603 sermone
3890 5568 3950 5608 et
3986 5560 4072 5610 in:

2418 5637 2816 5694 narrationibus
2833 5652 2986 5689 suum
3014 5634 3347 5703 itnplevisset
3374 5635 3609 5686 animum
3631 5634 3727 5706 Cy
3740 5642 3945 5709 rillus,
3958 5672 3965 5690 ι
3980 5650 3986 5693 l
4002 5652 4043 5699 ιδ
4058 5677 4072 5687 ς

2420 5733 2585 5786 cessit
2614 5730 2665 5783 in
2711 5742 2867 5799 pace.
2895 5725 2998 5779 Sed
3030 5742 3151 5779 eum
3182 5728 3377 5779 iterum
3410 5725 3754 5783 incessisset
3776 5731 4072 5804 Cynum;

2420 5824 2685 5892 quoddam
2727 5819 3053 5876 tlesideriuin
3082 5818 3433 5873 conveniendi
3464 5817 3851 5883 Quiriacum.
3898 5832 4072 5887 adivit
