4104 6486
704 431 803 496 591

1947 417 2233 481 MENSIS
2272 415 2731 481 JANUARIUS.

3853 410 3946 474 592

704 550 841 603 citer
866 561 957 600 an.
986 546 1116 601 Chr.
1150 542 1276 606 448,
1308 543 1472 611 utqui
1505 555 1647 595 anno
1682 538 1876 593 Leonis
1907 537 1962 602 9,
2005 537 2275 591 decimum
2303 541 2355 599 Α
2382 529 2639 598 legendus
2672 530 2988 583 Herwartus
3026 529 3078 581 in
3109 519 3473 599 Chronologia
3503 543 3622 598 cap.
3654 528 3784 583 237.
3816 527 3943 583 Idem

698 651 951 696 octavum
996 636 1167 692 :etatis
1224 634 1437 706 agebat,
1487 644 1541 687 et
1598 648 1686 687 an.
1748 631 1849 685 Ch.
1902 630 2027 696 475,
2085 628 2277 683 Martio

708 731 1259 800 mense,vigesimum
1286 738 1521 790 sextum,
1547 737 1603 781 ut
1630 742 1695 781 ex
1737 725 1853 793 ejus
1891 736 1943 779 et
1981 724 2037 778 S.
2073 726 2279 793 Euthy-

709 827 800 878 mii
836 826 944 878 vita
981 832 1214 879 constat.
1250 821 1590 877 Chalcedone
1621 822 1858 890 synodus
1904 820 2089 872 itidem
2129 833 2278 873 (ecu-

714 918 926 970 menica
987 916 1298 971 celebratur
1368 928 1551 967 mense
1605 910 1849 975 Octobri,
1908 926 2049 964 anno
2102 910 2280 963 aztatis

710 1010 770 1065 S.
808 1010 1074 1079 Euthymii
1122 1008 1221 1073 75,
1274 1007 1472 1061 Christi
1541 1005 1665 1059 451.
1716 1008 1872 1060 Anno
1922 1003 2175 1058 Marciani
2220 1002 2277 1065 4,

710 1102 914 1157 Christi
937 1100 1063 1163 454,
1093 1100 1387 1154 indictione
1426 1112 1523 1161 vn,
1553 1097 1797 1150 nascitur
1820 1095 2067 1161 fJoannes
2100 1095 2278 1147 Silen-

712 1194 925 1249 tiarius.
958 1195 1064 1249 Leu
1100 1195 1395 1263 imperator
1420 1192 1662 1247 succedit
1704 1190 1978 1244 Marciano
2005 1203 2092 1242 an.
2145 1188 2276 1240 Chr.

710 1289 839 1343 457.
874 1288 1135 1357 Sequenti
1166 1302 1309 1341 anno
1355 1284 1630 1341 Juvenalis
1662 1283 1878 1336 excedit
1906 1296 1936 1336 e
1968 1283 2073 1335 vita
2102 1290 2158 1334 et
2188 1296 2282 1349 pa-

714 1381 949 1435 triarcha
993 1380 1114 1450 ejus
1154 1379 1273 1435 loco
1318 1379 1601 1433 ordinatur
1649 1375 1986 1440 Anastasius,
2021 1390 2108 1427 an.
2150 1373 2280 1427 Chr.

711 1472 838 1527 458.
866 1470 925 1525 S.
961 1472 1132 1526 Sabas
1152 1486 1294 1525 anno
1324 1469 1498 1523 :etatis
1532 1467 1622 1536 18,
1640 1467 1739 1522 Ch.
1759 1467 1883 1531 457,
1918 1466 2065 1520 venit
2090 1465 2284 1519 lliero-

714 1564 975 1633 solymam
1007 1580 1022 1616 :
1057 1563 1198 1633 degit
1231 1563 1283 1616 in
1308 1561 1636 1615 monasterio
1668 1559 1726 1614 S.
1760 1560 2103 1613 Passarionis
2136 1576 2149 1588 -
2176 1558 2285 1610 adit

717 1657 773 1713 S.
809 1657 1189 1726 Euthymium,
1241 1666 1384 1709 armo
1430 1656 1603 1709 mtatis
1648 1655 1804 1724 hujus
1853 1655 1961 1717 82,
2003 1653 2105 1707 Ch.
2153 1652 2280 1717 458,

719 1749 952 1800 mitittur
984 1746 1051 1800 ad
1077 1747 1465 1802 monasterium
1493 1745 1551 1799 S.
1585 1743 1902 1799 Theoctisti.
1930 1743 2026 1799 llic
2060 1746 2288 1810 moritur

714 1838 891 1893 aetatis
919 1837 975 1891 S.
1013 1839 1286 1909 Euthymii
1309 1839 1399 1903 90,
1425 1838 1628 1893 Christi
1676 1838 1800 1904 467,
1851 1855 1973 1892 cum
2020 1838 2285 1892 decimum

712 1934 822 1997 jam
896 1947 1094 1984 annum
1172 1932 1246 1984 illi
1317 1931 1490 1986 Sabas
1542 1932 1902 1986 Cobabitaret.
1975 1930 2288 1985 Theoctisto

716 2023 957 2076 succedit
1024 2021 1225 2089 Maris;
1290 2024 1415 2077 huic
1442 2023 1588 2092 {post
1666 2023 1966 2084 biennium,
2037 2037 2129 2075 an.
2182 2021 2284 2076 Ch.

715 2112 843 2177 469,
876 2112 1175 2184 Longinus.
1200 2115 1411 2169 Interea
1444 2116 1591 2169 venit
1614 2115 2046 2185 Hierosolymam
2080 2116 2133 2169 S.
2155 2115 2288 2180 Qui-

719 2207 898 2261 riacus
924 2222 1091 2261 annos
1119 2217 1276 2261 natus
1311 2207 1397 2273 18,
1434 2207 1632 2261 Leonis
1670 2206 2016 2275 imperatoris
2056 2221 2197 2259 anno
2226 2204 2282 2271 9,

720 2299 991 2352 Anastasii
1032 2299 1359 2368 patriarchae
1400 2299 1454 2363 8,
1494 2299 1691 2354 Christi
1732 2298 1875 2363 465;
1910 2304 2100 2369 hyeme
2147 2298 2290 2367 apud

718 2388 1062 2460 Enstorgium
1097 2391 1495 2460 Hierosolymis
1544 2400 1787 2460 peracta,
1824 2391 1934 2444 adit
1984 2388 2043 2443 S.
2090 2390 2295 2463 Enthy~

722 2483 912 2545 mium,
948 2484 1016 2537 ab
1040 2498 1106 2537 co
1132 2486 1430 2551 monastico
1456 2484 1640 2537 habitu
1678 2484 1917 2546 indutus,
1948 2493 2161 2538 mortuo
2182 2486 2294 2554 jam

720 2574 1054 2642 Theoctisto,
1084 2577 1320 2629 mittitur
1351 2577 1415 2630 ad
1446 2577 1501 2629 Β.
1527 2574 1893 2630 Gerasimum.

792 2665 881 2721 15.
925 2667 1165 2722 Tandem
1218 2667 1430 2722 meritis
1482 2668 1712 2737 plenus,
1766 2667 1940 2720 electo
1982 2682 2300 2724 successore

724 2755 864 2822 Etta,
890 2758 1119 2811 moritur
1141 2757 1198 2811 S.
1227 2756 1544 2828 Enthymius
1572 2755 1641 2811 ΞΟ
1670 2756 1908 2811 Januarii
1937 2758 2023 2811 die
2054 2758 2299 2826 Sahbati,

722 2860 910 2917 noctu,
959 2866 1105 2907 anno
1144 2852 1212 2905 16
1250 2850 1461 2921 imperii
1491 2849 1711 2915 Leonis,
1746 2849 1860 2918 qui,
1884 2865 2002 2903 cum
2027 2865 2165 2903 unus
2188 2850 2299 2918 jam

724 2943 1079 3011 prateriisset
1124 2959 1299 2998 annus
1343 2953 1464 3013 post
1506 2954 1734 2998 mortem
1789 2944 1966 3011 magni
2010 2943 2301 3013 Euthymii,

725 3036 890 3089 etiam
920 3036 1137 3091 excedit
1159 3052 1190 3091 e
1212 3036 1342 3101 vita;
1378 3036 1449 3090 ita
1474 3035 1613 3090 infra
1640 3040 1794 3090 num’.
1819 3037 1939 3099 105,
1966 3036 2067 3091 109
2092 3049 2146 3091 et
2178 3037 2301 3091 115.

726 3127 957 3182 Additur
998 3129 1053 3183 in
1082 3127 1205 3183 Vita
1249 3129 1307 3183 S.
1342 3129 1499 3183 Saba:
1541 3144 1643 3184 ms.
1690 3130 2027 3196 requievisse
2066 3145 2209 3185 anno
2240 3129 2307 3183 l5

2314 1898 2362 1957 Β

2380 619 2812 699 animadvertere
2842 627 2926 675 est
2949 620 3000 672 in
3029 617 3151 672 Vita
3188 617 3247 673 S.
3277 616 3433 673 Saba:
3460 618 3529 673 ab
3556 618 3947 685 eodcmscripta

2378 710 2604 783 Cyrillo.
3432 713 3447 719 “

2412 900 2419 907 .
2452 827 2539 882 14.
2582 827 2710 882 Post
2732 827 2938 881 obitum
2980 825 3037 881 S.
3066 828 3340 898 Euthymii
3373 826 3429 881 S.
3456 826 3626 880 Sabas
3663 840 3805 878 anno
3828 837 3945 879 teta-

2329 960 2341 973 .
2385 920 2451 974 tis
2489 921 2581 983 55,
2623 921 2723 975 Cb.
2753 921 2878 986 475,
2909 921 3132 975 discedit
3162 936 3226 974 ex
3261 920 3505 976 inferiori
3543 919 3871 971 monasterio
3890 918 3946 969 ad

2384 1011 2441 1065 S.
2475 1012 2839 1067 Cerasimum.
2873 1013 3029 1066 Anno
3057 1013 3125 1066 ab
3164 1013 3313 1066 obitu
3338 1010 3395 1065 S.
3425 1011 3702 1080 Euthymii
3739 1008 3949 1062 moritur

2386 1104 2494 1158 Leo
2525 1106 2837 1175 imperator,
2876 1120 2965 1160 an.
3002 1105 3102 1160 Ch.
3132 1106 3257 1159 474.
3305 1103 3560 1158 Succedit
3607 1103 3717 1155 Leo
3748 1102 3948 1166 Nepos;

2384 1198 2530 1262 huic,
2569 1214 2690 1253 cum
2746 1198 2888 1252 haud
2938 1199 3029 1251 diu
3080 1198 3325 1261 vixisset,
3383 1205 3535 1264 pater
3586 1196 3737 1248 Zeno
3775 1194 3948 1246 eodem

2386 1288 2784 1343 anno.Moritnr
2814 1290 2871 1343 S.
2907 1287 3223 1343 Gerasinms
3246 1287 3542 1357 (nnm.95.)
3570 1288 3602 1339 5
3643 1284 3843 1345 Martii,
3880 1283 3952 1335 in-

2385 1380 2625 1437 dictione
2676 1383 2770 1448 15,
2818 1383 3102 1436 ctmsulatu
3147 1382 3379 1437 Zenonis
3426 1380 3649 1449 Augusti
3710 1376 3949 1436 secundo,

2387 1487 2475 1526 an.
2507 1473 2604 1527 Ch.
2649 1473 2776 1527 475.
2817 1475 2877 1528 S.
2910 1473 3171 1542 Cyriacus
3206 1488 3349 1527 anno
3383 1474 3556 1527 tetatis
3594 1472 3686 1535 9.7,
3730 1469 3861 1523 redit
3896 1466 3953 1519 ad

2388 1564 2597 1619 lauram
2641 1567 2700 1620 S.
2750 1566 3050 1635 Euthymii,
3098 1567 3284 1635 ibique
3328 1565 3487 1633 longo
3528 1576 3806 1631 tempore,
3852 1562 3954 1644 size

2389 1656 2574 1709 decem
2606 1672 2797 1721 annos,
2840 1669 3105 1721 moratur,
3142 1674 3194 1712 n.
3241 1656 3328 1721 49,
3371 1668 3425 1710 et
3458 1658 3509 1709 in
3545 1657 3664 1724 ejus
3698 1654 3834 1706 Vita.
3865 1650 3956 1703 Ba-

2388 1746 2603 1801 siliscus
2648 1764 2715 1802 ex
2753 1749 2967 1804 insidiis
3008 1749 3215 1803 invadit
3258 1750 3546 1816 imperimn
3590 1762 3683 1798 an.
3713 1745 3813 1799 Ch.
3842 1741 3953 1797 476.

2390 1826 2621 1893 Moritur
2665 1841 2992 1895 Anastasius
3038 1841 3372 1910 patriarcha,
3426 1856 3569 1893 anno
3613 1839 3807 1908 quinto
3848 1846 3959 1905 post

2390 1942 2619 1985 mortem
2654 1931 2924 2004 Euthymii
2964 1934 3293 2001 exspirante,
3333 1934 3624 2001 incipiente
3655 1945 3840 1983 mense
3873 1926 3956 1981 Ja-

2391 2024 2581 2077 nuario
2616 2041 2705 2077 an.
2740 2024 2840 2078 Ch.
2864 2025 2989 2089 477,
3020 2025 3256 2093 peractis
3291 2024 3343 2077 in
3376 2024 3668 2092 prmsulatu
3704 2021 3769 2075 19
3794 2020 3957 2071 armis.

2392 2114 2593 2169 Eodem
2629 2131 2769 2170 anno
2798 2115 2943 2169 Zeno
2983 2125 3271 2184 recuperat
3319 2115 3626 2182 imperium,
3680 2122 3733 2165 et
3767 2112 3959 2178 Marty-

2393 2210 2506 2262 rius
2538 2218 2756 2262 creatur
2791 2210 3125 2277 patriarcha,
3157 2218 3213 2261 ut
3253 2224 3401 2261 num.
3447 2208 3548 2260 115
3594 2207 3884 2263 indicatur,
3917 2213 3964 2253 ct

2394 2298 2447 2353 in
2476 2296 2629 2353 Notis
2664 2300 2729 2352 ad
2762 2309 2923 2369 caput
2951 2299 3042 2352 20.
3093 2299 3290 2352 Eadem
3324 2304 3641 2367 repetuntur
3676 2297 3726 2348 in
3765 2292 3882 2346 Vita

2396 2389 2588 2456 Saliae;
2611 2392 2703 2460 qui
2735 2392 2934 2445 dicitur
2966 2391 3099 2445 inita
3131 2402 3260 2444 ante
3286 2404 3381 2458 per
3401 2390 3689 2453 quemdam
3711 2386 3965 2445 Anthnm,

2396 2498 2490 2537 seu
2522 2483 2768 2547 Florum,
2795 2484 3035 2537 amicitia
3063 2500 3184 2536 cum
3223 2482 3281 2535 S.
3312 2479 3618 2534 Theodosio
3648 2476 3966 2531 Cmnobiar-

2398 2577 2524 2640 cha,
2576 2576 2838 2645 migrasse
2885 2575 2937 2629 in
2976 2574 3318 2643 speluncam,
3352 2571 3442 2624 ubi
3480 2585 3622 2622 anno
3666 2568 3845 2622 aetatis
3886 2564 3970 2622 40.

2400 2668 2566 2737 (εαξρῆ
2608 2670 2902 2739 discipulos
2955 2685 3321 2740 congregare,
3376 2678 3431 2721 et
3461 2667 3671 2719 lauram
3725 2666 3971 2718 condere.

2402 2755 2460 2813 S.
2501 2758 2737 2813 Joannes
2797 2759 3139 2814 Silentiarius
3187 2763 3244 2813 tit
3292 2759 3579 2828 episcopus
3629 2758 3679 2809 in
3726 2755 3977 2808 Armenia

2403 2866 2545 2905 anno
2587 2852 2763 2905 aetatis
2798 2850 2889 2915 ‘28,
2934 2851 3135 2905 Christi
3171 2848 3532 2905 JSIJnterea
3580 2848 3729 2899 laura
3777 2845 3833 2898 S.
3879 2843 3979 2895 Eu-

2405 2941 2596 3012 tbymii
2657 2953 2898 2995 mutatur
2948 2944 3001 2995 in
3071 2944 3459 2996 monasterium
3523 2958 3535 2991 :
3590 2938 3978 2992 dedicationem

2406 3034 2647 3089 celebrat
2681 3034 2975 3105 Martyrins
3006 3034 3315 3102 patriarcha
3348 3032 3377 3084 7
3411 3031 3533 3083 Maii
3561 3045 3704 3083 anno
3738 3032 3807 3081 ab
3836 3028 3978 3079 obitu

2410 3125 2467 3180 S.
2501 3126 2773 3196 Eutbymii
2801 3125 2888 3191 19.,
2924 3137 3040 3193 post
3068 3124 3342 3177 Christum
3378 3134 3562 3174 uatum
3596 3120 3723 3173 484.
3756 3118 3986 3171 Discedit

728 3221 1047 3289 pmsulatus
1070 3219 1363 3275 Anastasii.
1414 3218 1545 3285 Quae
1584 3220 1793 3290 singula
1830 3219 2077 3274 incidunt
2114 3221 2164 3273 in
2208 3236 2307 3273 an-
2333 3249 2376 3305 ο
2412 3218 2759 3297 S.Cyriacus
2783 3234 2813 3271 e
2844 3217 3174 3270 monasterio
3225 3216 3282 3268 S.
3312 3214 3585 3283 Etttlty.uii
3625 3229 3714 3263 an.
3748 3211 3875 3272 485,
3920 3210 3983 3261 ad

730 3328 860 3368 num
884 3312 983 3368 Ch.
1016 3312 1142 3375 475,
1165 3313 1341 3367 littera
1371 3311 1689 3365 Dominicali
1711 3311 1778 3374 G,
1801 3327 1904 3364 non
1938 3327 2137 3364 annum
2167 3329 2298 3380 pra:-

729 3406 1008 3460 cedentem
1058 3403 1186 3468 472,
1240 3419 1349 3473 quo
1390 3419 1513 3458 eum
1560 3403 1758 3457 obiisse
1800 3403 1988 3457 scribit
2035 3401 2300 3459 Baronius

729 3516 883 3555 num.
916 3499 970 3565 8,
1002 3514 1111 3569 quo
1142 3500 1257 3553 dies
1286 3498 1356 3551 20
1385 3496 1626 3552 Januarii
1664 3497 1851 3552 incidit
1881 3499 1933 3551 in
1968 3500 2107 3552 diem
2133 3497 2300 3562 Jovis,

732 3601 959 3659 eratque
992 3588 1189 3643 Leonis
1216 3589 1406 3643 saltem
1435 3586 1693 3641 Januario
1735 3603 1921 3642 mense
1953 3588 2129 3641 solum
2161 3589 2304 3642 deci-

735 3699 855 3738 mus
881 3684 1099 3749 quintus
1143 3698 1334 3735 annus.
1366 3681 1613 3751 Alnysins
1653 3680 1978 3749 Lipomanus
2015 3680 2306 3734 adnotarat

731 3792 860 3831 eum
892 3777 1095 3831 obiisse
1126 3791 1213 3829 an.
1244 3774 1343 3829 Ch.
1375 3774 1502 3841 475;
1534 3774 1623 3829 alii
1646 3775 1749 3828 alia
1787 3775 2001 3828 tradimt
2031 3792 2044 3827 :
2078 3790 2304 3841 quorum

737 3868 1049 3938 cenjectura
1074 3884 1136 3923 ex
1162 3868 1316 3921 dictis
1343 3868 1563 3922 corruit.
1590 3867 1708 3918 Alia
1734 3877 1815 3919 est
1841 3864 2141 3929 dillicultas,
2166 3867 2307 3934 quod

738 3961 950 4014 dicatur
982 3975 1129 4014 num.
1168 3959 1289 4023 109,
1331 3960 1539 4012 venisse
1573 3958 1626 4010 in
1658 3956 2005 4011 solitudinem
2036 3959 2179 4011 circa
2210 3973 2309 4011 an-

740 4068 839 4108 nos
865 4053 1054 4121 viginti
1078 4060 1133 4107 et
1171 4068 1363 4109 novem
1405 4053 1547 4114 vitae,
1581 4066 1646 4106 ac
1675 4052 1951 4120 sexaginta
1981 4060 2035 4106 et
2065 4061 2188 4106 octo
2210 4067 2309 4105 an-

739 4157 839 4198 nos
874 4143 925 4196 in
965 4157 1026 4197 ea
1069 4144 1418 4212 transegisse,
1447 4154 1500 4197 et
1526 4144 1827 4197 excessisse
1862 4159 1893 4196 e
1934 4144 2042 4195 vita
2076 4158 2313 4213 nonage-

741 4235 882 4289 simo
928 4242 983 4287 et
1025 4248 1168 4287 nono
1211 4249 1353 4287 anno
1380 4235 1592 4300 aetatis;
1652 4251 1771 4287 cum
1829 4236 2211 4303 nonagesimus
2266 4244 2314 4289 et

743 4325 1005 4395 septimus
1027 4341 1092 4379 ex
1138 4326 1343 4379 duobus
1365 4342 1524 4394 supra
1549 4327 1728 4379 citatis
1751 4327 1989 4380 numeris
2008 4328 2314 4393 colligatur,

744 4433 851 4485 quo
878 4418 1035 4472 modo
1066 4418 1212 4471 hunc
1238 4417 1413 4471 locum
1447 4416 1782 4487 Nicephorus
1814 4418 1903 4471 lib.
1939 4435 2052 4481 χιν,
2080 4435 2199 4488 cap.
2224 4418 2314 4483 52,

744 4510 1031 4578 expressit,
1072 4510 1349 4581 Ἐξεδήμει
1372 4511 1450 4577 δὲ,
1485 4512 1679 4580 inquit,
1702 4513 1838 4578 πρὸς
1862 4512 2068 4581 Κύριον
2097 4514 2124 4565 ὁ
2151 4511 2319 4581 μακά·

2410 3311 2615 3365 lauram
2648 3311 2849 3363 veteris
2872 3310 3048 3371 Suum,
3087 3308 3266 3376 ibique
3297 3320 3351 3359 et
3378 3305 3568 3358 vicinis
3604 3306 3738 3357 locis
3777 3314 3990 3371 septua-

2408 3404 2556 3471 ginta
2586 3400 2700 3456 fere
2744 3402 2900 3456 annis
2945 3402 3265 3469 supervixit,
3300 3416 3357 3455 ιι.
3403 3398 3473 3451 48
3514 3407 3566 3450 et
3600 3398 3650 3449 in
3681 3412 3803 3465 ejus
3849 3393 3986 3448 Vita.

2412 3492 2704 3565 Martyrius
2742 3494 3048 3562 patriarcha
3085 3493 3314 3545 moritur
3356 3492 3420 3543 15
3454 3488 3655 3556 Aprilis
3704 3488 3995 3539 indictione

2413 3605 2488 3651 ts,
2526 3604 2614 3643 an.
2642 3586 2743 3641 Ch.
2767 3585 2892 3647 486,
2918 3586 3008 3655 qui
3038 3586 3213 3638 relatis
3252 3582 3308 3636 S.
3344 3582 3499 3637 Saba:
3532 3580 3759 3634 eratJS.
3799 3580 3995 3647 Marty-

2416 3684 2494 3734 rio
2516 3682 2759 3735 succedit
2789 3679 3079 3733 Salustius.
3122 3677 3353 3731 Zenonis
3378 3674 3721 3741 imperatoris
3754 3670 3997 3725 defuncti

2416 3775 2705 3841 imperium
2754 3773 2964 3827 obtinet
3016 3770 3339 3824 Anastasius
3398 3769 3693 3822 indit-tione
3749 3782 3864 3827 ιμ’,
3896 3780 3996 3833 qua

2417 3868 2603 3919 cadem
2639 3866 2952 3927 indictione,
2993 3864 3059 3917 15
3105 3861 3379 3925 Decemb.,
3422 3862 3662 3913 dedicata
3723 3868 3805 3910 est
3859 3858 4004 3909 basi—

2419 3956 2520 4011 lica
2576 3956 2741 4010 lauraa
2765 3954 2824 4010 S.
2874 3955 3059 4017 Saba,
3120 3970 3261 4008 anno
3300 3952 3473 4006 anatis
3521 3950 3636 4016 ejus
3686 3950 3788 4011 55,
3849 3949 4003 4001 Chri-

2421 4050 2488 4104 sti
2542 4049 2665 4112 491,
2725 4063 2833 4116 quo
2874 4049 3063 4100 eodem
3112 4045 3351 4100 Joannes
3398 4043 3767 4103 Silentiarius,
3814 4042 4003 4093 γμιςςιο

2421 4143 2758 4209 episcopatu,
2794 4139 2859 4193 10
2898 4132 3052 4191 annis
3083 4128 3482 4192 administrato.
3512 4137 3661 4187 venit
3692 4135 3756 4185 ad
3800 4135 4004 4184 tamam

2422 4232 2578 4287 Saba:
2602 4247 2742 4284 anno
2770 4232 2944 4284 artatis
2965 4244 3075 4284 sua:
3098 4227 3184 4281 '58.
3213 4226 3334 4279 Vita
3365 4226 3669 4291 uniusque.
3705 4222 3785 4275 SS
3836 4223 4009 4277 Salus

2426 4335 2481 4378 et
2526 4322 2864 4376 Theodosius
2913 4318 3308 4373 C(euobiarcltze
3366 4314 3741 4385 prmﬁciuntnr
3785 4314 4010 4378 reliquis

2428 4415 2772 4482 tuonasteriis
2803 4430 2832 4468 a
2859 4408 3097 4467 Salustio
3139 4409 3482 4468 moribundo,
3511 4408 3625 4476 qni,
3660 4406 3890 4472 expletis
3922 4422 4015 4471 pa-

2427 4507 2765 4561 triarchatus
2817 4505 2974 4559 annis
3001 4504 3033 4557 7
3062 4518 3125 4557 ac
3166 4504 3198 4557 5
3232 4500 3529 4561 mensibus,
3574 4499 3707 4551 obiit
3747 4497 3819 4549 23
3862 4495 4014 4555 Julii,

749 4619 883 4670 ριος,
926 4601 1121 4655 ἑκατὸν
1155 4604 1292 4656 ἑτῶν
1332 4603 1593 4672 γεγονὼς,
1633 4604 1862 4657 δεόντων
1909 4606 2084 4674 μόνων
2131 4604 2299 4674 τριῶν

2430 4614 2803 4655 successorem
2830 4597 3145 4664 relinquens
3182 4593 3239 4648 S.
3270 4594 3463 4656 Eliam,
3495 4593 3581 4645 cui
3620 4606 3737 4643 eam
3782 4591 4017 4660 dignita-

753 4710 769 4740 ε
804 4691 1054 4761 Migr’avit
1078 4692 1143 4746 ad
1174 4691 1456 4747 DOminnm
1491 4693 1549 4746 B.
1578 4693 1894 4763 Eutbymius
1918 4703 2133 4747 centum
2154 4708 2325 4747 annos

752 4795 932 4849 natus,
994 4785 1176 4840 minus
1229 4785 1421 4839 tribus.
1476 4803 1494 4836 ι
1556 4784 1780 4848 Meliten,
1830 4784 2220 4855 Anthologion,
2274 4794 2328 4839 et

746 4875 1068 4947 Cythereus,
1102 4876 1265 4930 etiam
1296 4891 1441 4930 anno
1468 4878 1645 4930 aetatis
1681 4876 1749 4931 97
1780 4887 2051 4930 mortuum
2080 4877 2324 4930 tradunt.

752 4969 939 5038 Atqui
980 4978 1140 5021 natus
1169 4976 1252 5022 est
1287 4983 1429 5022 anno
1462 4967 1560 5022 Ch.
1610 4968 1710 5022 577
1740 4976 1900 5038 atque
1938 4969 2072 5023 obiit
2106 4985 2193 5023 an.
2229 4969 2326 5025 Ch.

755 5060 881 5124 475,
922 5058 1277 5123 20Januarii,
1315 5070 1371 5113 ut
1405 5062 1687 5128 probatum
1722 5070 1824 5124 est,
1857 5076 1961 5113 non
1994 5061 2211 5115 omnino
2245 5077 2330 5114 tn-

758 5168 938 5223 wgros
987 5155 1277 5219 noaaginta
1326 5168 1417 5208 sex
1464 5155 1616 5209 vixit.
1660 5153 1860 5209 Verum
1911 5158 2036 5225 quia
2080 5157 2321 5227 Cyrillus

760 5261 868 5300 tam
906 5248 992 5299 hic
1026 5260 1187 5314 quam
1216 5247 1265 5299 in
1304 5244 1418 5299 Vita
1449 5246 1508 5304 S.
1553 5246 1726 5310 Sabm,
1755 5262 1873 5315 qua:
1910 5248 1977 5301 ad
2010 5256 2329 5316 sequentem

756 5340 1110 5393 indictionem
1138 5348 1407 5408 spectant,
1441 5340 1506 5392 ad
1535 5338 1695 5391 alium
1722 5338 1883 5390 etiam
1911 5354 2109 5392 annum
2136 5338 2333 5404 aetatis,

759 5432 873 5486 sive
908 5431 1202 5501 Euthymii,
1240 5446 1333 5485 seu
1375 5432 1550 5495 Salue,
1595 5432 1732 5485 solet
1760 5430 1998 5497 referre;
2047 5431 2173 5485 anni
2217 5431 2330 5499 pri-

761 5541 885 5580 mus
913 5536 962 5578 et
990 5527 1214 5579 ultimus
1248 5522 1553 5593 i'ncmnpleti
1581 5532 1707 5576 sunt
1731 5523 2143 5586 annumerandi,
2177 5534 2340 5591 atque

762 5622 836 5675 ita
866 5621 1128 5672 exsistent
1153 5618 1277 5670 anni
1304 5617 1391 5671 97.
1412 5615 1563 5681 Quod
1591 5631 1716 5669 vero
1740 5630 1908 5669 annus
1937 5617 2126 5668 mortis
2147 5616 2340 5668 ibidem

772 5733 919 5769 num.
958 5714 1056 5767 109
1088 5713 1295 5767 dicatur
1341 5711 1542 5766 Christi
1577 5710 1702 5775 465,
1742 5726 1769 5762 a
1800 5724 1950 5764 more
1981 5706 2342 5778 quorumdam

768 5807 1125 5862 (hiemalium
1149 5816 1249 5869 est,
1272 5805 1361 5873 qui
1400 5820 1562 5858 a‘ran.
1595 5818 1747 5857 suam
1775 5817 1805 5855 a
1832 5800 2031 5856 Christi
2061 5802 2345 5855 nativuatc

770 5909 897 5956 octo
929 5902 1081 5954 annis
1111 5914 1270 5965 quam
1306 5915 1401 5951 nos
1454 5898 1629 5953 serius
1658 5896 2028 5956 ordiebantnr,
2060 5894 2123 5948 de
2150 5907 2257 5954 qua
2289 5908 2345 5947 re

2438 4701 2540 4744 tem
2570 4690 2895 4759 praedixerat
2927 4686 2984 4742 S.
3020 4686 3339 4756 Euthymius
3366 4699 3419 4738 n.
3448 4682 3538 4736 95.
3571 4682 3755 4734 Annus
3781 4680 3869 4733 hic
3899 4691 4020 4732 erat

2432 4783 2634 4841 Christi
2662 4782 2790 4846 495,
2826 4782 3002 4834 aetatis
3053 4778 3109 4832 S.
3169 4777 3325 4831 Saba:
3365 4776 3452 4829 56.
3492 4774 3587 4828 llic
3636 4774 3776 4826 Elias
3818 4787 4020 4826 novam

2437 4875 2723 4931 ecclesiam
2768 4874 3007 4940 Deiparzn
3040 4870 3280 4940 Virginis
3312 4884 3341 4921 a
3378 4868 3516 4921 Saba
3552 4876 3889 4921 exstructam
3928 4868 4020 4917 de-

2439 4967 2584 5020 dicat
2619 4981 2634 5017 ι
2668 4963 2815 5027 Julii,
2852 4962 3145 5017 indictione
3185 4976 3260 5023 ιχ,
3301 4974 3389 5011 an.
3432 4956 3530 5011 Ch.
3584 4955 3707 5019 501,
3747 4956 3930 5007 relatis
3961 4954 4017 5006 S.

2442 5056 2597 5111 Salue
2626 5054 2714 5111 65.
2746 5053 2803 5109 S.
2831 5052 3069 5109 Joannes
3100 5049 3448 5105 Silentiarius
3479 5048 3705 5101 discedit
3731 5047 3782 5097 in
3826 5046 4023 5099 Κώεω

2444 5149 2735 5205 indictione
2759 5163 2836 5213 χι,
2866 5161 3006 5200 anno
3037 5147 3213 5199 aetatis
3242 5158 3352 5198 suae
3378 5141 3467 5200 50,
3496 5139 3693 5194 Chrisd
3724 5138 3851 5201 505,
3886 5138 4029 5190 redit

2444 5243 2510 5296 ad
2560 5240 2765 5293 lauram
2820 5238 2878 5294 S.
2936 5236 3114 5302 Sabae,
3179 5235 3367 5290 indict.
3413 5248 3471 5296 u,
3518 5246 3660 5285 anno
3708 5233 3883 5284 aetatis
3937 5230 4032 5291 56,

2445 5334 2646 5391 Christi
2678 5332 2801 5387 509.

2522 5427 2611 5484 15.
2651 5425 2819 5491 Elias,
2854 5425 3062 5493 primus
3086 5419 3401 5475 monasterii
3444 5417 3501 5471 S.
3532 5414 3806 5485 Euthymii
3850 5413 4039 5483 begu-

2452 5532 2662 5579 menus,
2696 5531 2815 5570 cum
2866 5513 2933 5568 58
2978 5526 3147 5566 annos
3198 5525 3316 5563 eam
3369 5505 3743 5578 praefecturam
3792 5504 4042 5555 adn-ini-

2451 5619 2699 5673 strasset,
2728 5590 2955 5661 moritur
2988 5620 3078 5657 an.
3122 5603 3220 5656 Ch.
3247 5602 3370 5655 5H.
3415 5598 3474 5651 Ei
3526 5596 3764 5651 succedit
3804 5594 4046 5648 Simeon

2451 5702 2848 5771 Apameensis;
2892 5698 2964 5751 illi
3003 5697 3232 5750 triennio
3274 5706 3392 5763 post
3424 5691 3676 5746 defuncto
3720 5687 4047 5755 Stephanus

2452 5797 2625 5851 Arabs
2659 5810 2747 5847 an.
2783 5790 2884 5845 Ch.
2926 5790 3052 5843 514.
3086 5788 3336 5852 Migravit
3365 5801 3393 5839 e
3419 5786 3523 5836 vita
3565 5792 3699 5835 teste
3735 5778 3946 5848 Cyrillo
3988 5782 4049 5831 in

2455 5886 2577 5940 Vita
2625 5884 2684 5939 S.
2718 5883 2872 5937 Saba:
2914 5897 3003 5935 an.
3048 5881 3146 5935 Ch.
3181 5879 3303 5933 518.
3341 5875 3658 5931 Anastasius
3693 5870 4011 5941 imperator
4037 5912 4049 5933 ,
