4104 6486
161 429 239 495 593
1121 424 1297 485 VITA
1338 426 1395 483 S.
1442 422 1717 484 EUTI—lYl

1832 465 1845 480 .
1878 446 1947 456 -
1986 421 2371 482 ΡίὶΟίΕὶῙΙᾸ.

3312 420 3416 484 594

161 548 178 597 t
209 540 357 603 Julii,
394 549 449 595 et
504 538 563 594 S.
595 536 743 592 Elias
772 534 1081 604 patriarcha
1113 531 1611 602 Hierosolymorum
1656 530 1713 584 11
1749 527 1802 587 Α
1825 532 2151 600 patriarchae
2180 531 2532 586 Alexandrini
2574 534 2868 588 consiliarii
2911 534 3152 597 fuerunt,
3186 534 3254 590 de
3285 551 3414 604 qut-

158 634 279 689 Julii.
340 630 639 685 Anastasio
702 627 968 683 suecessit
1015 625 1263 681 Justinus
1318 625 1530 687 senior,
1585 622 1717 679 Elia),

160 728 390 787 Joannes,
417 724 510 790 qui
542 723 775 791 septimo
796 730 921 787 post
944 734 1087 773 anno
1114 718 1250 775 obiit
1278 717 1348 771 22
1369 717 1592 783 Aprilis,
1629 718 1713 771 iu-

160 819 260 870 dict.
283 832 346 880 ιι,
366 831 459 869 an.
485 813 585 868 Ch.
602 812 729 877 524,
753 824 1121 865 successorem
1146 808 1454 877 relinquens
1470 804 1714 860 Petrum.

160 909 345 965 Justino
381 923 622 977 quoque,
664 913 787 974 post
828 903 880 963 9.
916 902 1125 971 imperii
1174 915 1368 964 annos,
1406 898 1442 952 2
1487 897 1714 967 Augusti

161 1002 409 1061 defuncto,
453 1015 545 1053 an.
584 996 685 1052 Ch.
730 996 855 1057 527.
905 994 1170 1050 successit
1202 991 1561 1047 Justinianus.
1602 988 1714 1060 jam

163 1106 255 1146 ante
300 1106 493 1145 mense
547 1088 740 1157 Aprili,
791 1087 924 1140 feria
972 1102 1002 1138 v
1055 1085 1106 1137 in
1148 1084 1316 1138 Coena
1362 1081 1597 1145 Domini,
1650 1080 1716 1135 ad

164 1185 418 1251 imperium
462 1188 761 1250 promotus.
814 1178 970 1231 Anno
1024 1177 1149 1240 529,
1203 1178 1385 1229 vivere
1440 1174 1600 1227 desiit
1656 1173 1715 1229 S.

163 1275 475 1329 Theodosius
526 1272 932 1335 cmuobiarcha,
989 1271 1181 1323 indict.
1231 1284 1328 1334 vn,
1381 1269 1441 1321 11
1487 1265 1714 1321 Ianuar.

162 1364 664 1433 Constantinopolim
714 1378 899 1417 mense
932 1361 1131 1431 Aprili,
1184 1360 1476 1415 indictione
1519 1362 1573 1425 6,
1628 1375 1715 1413 an.

164 1460 255 1515 ἦξε.
278 1460 650 1527 proﬁciscitur
676 1456 734 1511 S.
772 1454 963 1517 Sabas,
999 1454 1137 1507 redit
1166 1451 1471 1521 Septembri
1506 1464 1714 1511 mense,

163 1553 319 1603 iudici.
352 1549 407 1611 9,
437 1566 527 1603 an.
554 1548 653 1602 Ch.
676 1548 799 1611 530,
830 1562 955 1600 mox
980 1544 1307 1608 Cmsaream,
1336 1543 1458 1597 inde
1488 1542 1722 1614 Scytho-

163 1642 289 1708 polim
329 1639 507 1693 tendit
539 1657 552 1691 :
582 1638 841 1708 Cyrillum
880 1639 1070 1689 harum
1096 1635 1344 1689 Vitarum
1395 1636 1716 1703 scriptorem

163 1741 201 1792 in
227 1732 540 1798 discipulum
568 1730 825 1793 admittit,
861 1739 916 1783 et
946 1746 1049 1782 non
1091 1728 1184 1781 diu
1213 1737 1335 1795 post
1367 1728 1597 1781 moritur
1632 1728 1718 1780 in-

161 1824 266 1878 dict.
309 1840 365 1887 x,
411 1824 445 1878 5
498 1823 829 1886 Decembris,
865 1835 1009 1874 anno
1046 1820 1224 1874 aetatis
1251 1818 1322 1871 94
1360 1819 1556 1873 Christi
1592 1818 1715 1871 531.

1830 624 1929 680 bus
1955 625 2110 695 plura
2135 626 2202 679 ad
2225 623 2343 693 ejus
2366 626 2566 680 Vitam.

2244 738 2616 796 PROLOGUS
2656 739 2963 795 CYRILLl.

2280 853 2364 908 Ex
2394 856 2549 909 veteri
2585 855 2773 909 Latino
2819 873 2917 909 ms.

1898 992 1951 1046 1.
1993 988 2298 1047 Venerabili
2328 999 2490 1062 atque
2522 994 2807 1062 magniﬁco
2837 994 2951 1048 viro
2977 991 3120 1063 patri
3150 1006 3268 1047 meo
3297 993 3402 1059 spi-

1825 1082 2029 1148 rituali,
2076 1083 2311 1153 Georgio
2333 1084 2585 1139 videlicet
2618 1086 2953 1155 presbytero,
2984 1101 3200 1140 necnon
3222 1095 3279 1139 et
3310 1086 3409 1138 hc-

1826 1191 2058 1245 gumeno
2094 1177 2196 1246 (α),
2243 1176 2499 1247 Cyrillns.
2530 1178 2782 1248 indignus
2804 1182 3088 1251 presbyter
3133 1188 3187 1234 et
3226 1194 3414 1233 mona—

1825 1268 1979 1331 chus,
2011 1270 2061 1321 in
2096 1268 2322 1321 Domino
2349 1269 2605 1324 salutem.

1898 1360 2035 1426 Quia
2070 1362 2222 1425 mihi,
2257 1363 2564 1416 venerande
2597 1361 2785 1425 Pater,
2825 1372 2913 1417 tua
2957 1364 3319 1433 praeceptione
3346 1367 3413 1419 de

1830 1465 2155 1519 magnorum
2194 1451 2438 1504 virorum
2487 1452 2720 1515 actibus,
2765 1454 2866 1507 hoc
2900 1463 3004 1516 est.
3048 1454 3321 1525 Euthymii
3349 1470 3413 1509 ac

1826 1542 2126 1598 beatissimi
2162 1542 2340 1607 Sabae,
2366 1543 2567 1613 aliquid
2595 1546 2866 1600 disserere
2892 1545 3099 1614 jussisti
3128 1546 3197 1600 ob
3229 1548 3409 1599 moni-

1828 1646 2068 1687 mentum
2106 1635 2357 1689 videlicet
2398 1635 2704 1690 fnturorum
2730 1678 2744 1701 ,
2791 1653 2878 1691 me
2918 1638 3097 1691 minus
3155 1638 3408 1691 idoneum

1830 1724 1895 1776 ad
1948 1725 2049 1777 hoc
2094 1722 2397 1777 faciendum
2439 1723 2557 1778 fore
2593 1725 2951 1793 perpendens,
2983 1734 3131 1777 tuum
3186 1724 3412 1779 acclinis

1828 1813 2072 1883 ﬂagitare
2110 1814 2325 1869 decrevi
2386 1815 2678 1880 solatium,
2728 1831 2838 1885 quo
2895 1815 3149 1871 videlicet
3196 1816 3412 1885 adjutus

165 1915 207 1969 S.
245 1918 395 1969 Saba:
433 1917 681 1969 succedit
714 1914 915 1979 Melita,
957 1922 1011 1967 et
1053 1913 1105 1965 in
1138 1912 1471 1964 monasterio
1515 1911 1573 1963 S.
1608 1907 1717 1961 Eu-
1746 1895 1791 1953 Β
1824 1907 2033 1975 plenius
2057 1922 2330 1976 exsequar
2376 1907 2681 1975 injunctum
2727 1908 2987 1962 ofﬁcium.
3038 1906 3170 1962 Volo
3210 1910 3411 1978 quippe

163 2007 321 2074 thymii
355 2006 642 2075 Stephano
690 2004 855 2059 Arabi
900 2018 992 2057 an.
1022 2002 1124 2055 Cb.
1154 2001 1262 2056 554
1297 2000 1556 2054 defuncto
1577 1998 1721 2053 Tho-

164 2113 259 2148 mas
292 2097 685 2165 Apemeensis;
714 2095 839 2149 huic
876 2094 947 2148 25
973 2094 1152 2147 Martii
1186 2107 1275 2145 an.
1318 2090 1420 2148 Cb.
1453 2089 1578 2154 542,
1601 2101 1721 2159 post

162 2187 335 2240 obitum
365 2187 642 2257 Euthymii
674 2188 762 2251 70,
786 2184 1043 2239 Leontius
1067 2185 1133 2237 ad
1172 2198 1332 2253 quem
1362 2197 1389 2235 a
1425 2180 1484 2235 S.
1516 2180 1722 2236 Joanne

166 2278 454 2333 Silentiario
486 2281 686 2333 missus
720 2278 951 2349 Cyrillus
986 2278 1132 2330 inter
1176 2274 1568 2345 Eutbyntianos
1608 2288 1722 2327 mo-

163 2373 335 2424 nachos
366 2372 643 2426 admissus
675 2382 780 2435 est,
818 2372 1110 2427 indictione
1139 2367 1194 2433 6,
1228 2382 1413 2421 mense
1434 2364 1598 2429 Julio,
1630 2381 1716 2420 an.

165 2463 264 2527 515,
305 2466 392 2531 qui
436 2475 555 2532 post
596 2481 629 2517 v
660 2464 925 2532 synodum
963 2457 1434 2526 Constantinopoli
1481 2458 1717 2513 habitam

162 2552 382 2609 discessit
434 2557 499 2607 ad
538 2556 747 2609 lauram
783 2570 974 2609 novam
1011 2568 1102 2609 an.
1139 2552 1242 2607 Cb.
1275 2550 1400 2604 553.
1434 2547 1717 2603 Biennium

161 2647 428 2715 insumpsit.
476 2648 529 2700 in
572 2647 979 2702 conscribendis
1015 2644 1154 2698 Vitis
1186 2642 1288 2698 SS.
1341 2640 1620 2711 Euthymii
1662 2648 1721 2695 et

164 2735 325 2789 Saba:
351 2738 499 2791 circa
535 2738 676 2804 quod
706 2749 913 2804 tempus
932 2736 1065 2790 obiit
1090 2736 1147 2790 S.
1177 2733 1478 2804 Cyriacus;
1530 2745 1723 2801 super-

162 2838 256 2880 erat
287 2840 474 2882 autem
496 2829 555 2882 S.
587 2826 822 2883 Joannes
849 2827 1218 2891 Silentiarius,
1246 2839 1377 2877 ann.
1406 2823 1585 2880 aetatis
1609 2838 1721 2901 sua:

162 2918 265 2982 103,
297 2919 504 2973 Christi
545 2920 670 2984 557,
705 2937 824 2974 cum
862 2919 977 2988 ejus
1009 2918 1187 2973 Vitam
1220 2914 1721 2987 publicaretCyril-

158 3010 241 3062 lus.
289 3010 500 3064 Interea
556 3012 783 3067 Leontio
828 3014 879 3066 in
922 3011 1243 3079 praefectura
1298 3011 1611 3066 monasterii
1660 3010 1715 3065 S.

161 3102 430 3175 Euthymii,
482 3105 749 3159 successit
787 3103 1076 3159 Gerontius
1111 3104 1469 3171 Medabensis,
1510 3104 1578 3157 de
1615 3116 1721 3171 quo

156 3194 239 3245 sibi
266 3196 469 3261 nplinte
502 3206 653 3259 noto,
690 3195 915 3263 ejusque
948 3204 1102 3262 patre
1128 3205 1182 3248 et
1209 3210 1311 3251 avo
1342 3196 1451 3265 agit
1490 3193 1721 3264 Cyrillns

158 3286 199 3337 in
238 3287 347 3341 'Jita
402 3289 461 3343 S.
523 3289 703 3345 Sabrc.
738 3290 807 3341 At
844 3304 962 3355 qua:
1008 3290 1095 3343 bic
1142 3289 1434 3345 Gerontius
1480 3288 1719 3342 narravit

155 3373 318 3429 Joanni
366 3379 600 3432 Moscho
640 3388 689 3430 et
723 3377 1032 3445 Sophronio
1082 3378 1348 3447 Sophista:
1415 3377 1724 3432 referuntur

158 3468 211 3519 ab
238 3468 299 3523 iis
331 3471 381 3523 in
424 3470 600 3524 Prato
635 3468 900 3539 spirituali
938 3484 1056 3539 cap.
1106 3470 1194 3527 21.
1232 3469 1628 3538 Superfuerunt
1664 3470 1717 3523 hi

155 3558 239 3614 duo
269 3563 471 3617 sacqu
510 3563 785 3631 sequenti,
827 3571 882 3618 et
928 3562 985 3617 S.
1026 3561 1252 3618 Joannis
1294 3563 1718 3634 Eleemosynarii

243 3742 257 3771 ‘
286 3740 427 3796 Psal.
460 3757 637 3805 Lux,
670 3742 758 3796 11.
825 3743 844 3772 ¹
872 3741 1003 3797 Luc.
1032 3758 1142 3809 xu,
1174 3742 1269 3797 25.

1826 2000 2081 2068 implores
2138 1999 2257 2067 ejus
2306 2001 2565 2054 auxilium
2626 2003 2717 2070 qui
2772 2017 2869 2071 per
2919 2001 3407 2071 Psalniographum

1824 2092 1965 2144 dixit
2007 2108 2019 2143 :
2057 2108 2074 2141 ι
2106 2092 2269 2159 Aperi
2318 2106 2380 2145 os
2408 2102 2577 2157 tuum,
2617 2102 2670 2147 et
2703 2107 2803 2160 ego
2838 2093 3142 2162 adimplebo
3166 2094 3294 2147 illud
3322 2095 3358 2145 ί.
3386 2112 3405 2145 ι

1825 2184 2083 2250 Quamvis
2111 2194 2291 2237 autem
2325 2200 2412 2238 me
2447 2185 2772 2239 imbecillem
2800 2199 2924 2239 esse
2956 2186 3317 2248 considerem,
3347 2200 3410 2238 ac

1828 2276 1917 2330 Dei
1964 2276 2106 2329 dono
2149 2275 2303 2329 valde
2344 2276 2646 2343 indignum,
2696 2284 2876 2332 tamen
2921 2276 3031 2331 tuis
3070 2276 3409 2343 jussionibus

1823 2378 2155 2433 coarctatus,
2203 2368 2342 2421 ultra
2389 2383 2538 2424 meas
2576 2371 2721 2424 vires
2764 2371 3087 2439 praesumpsi
3129 2371 3407 2439 progredi,

1823 2460 2206 2515 inobedientia:
2258 2460 2456 2514 malum
2499 2461 2839 2527 horrescens,
2897 2464 3004 2516 imo
3063 2463 3407 2517 Dominicam

1823 2568 2191 2623 expavescens
2216 2553 2580 2619 sententiam,
2617 2569 2720 2623 qua
2760 2554 3093 2609 inobedienti
3148 2569 3211 2609 ac
3257 2555 3408 2625 pigro

1824 2659 1983 2700 servo
2010 2646 2207 2699 dicitur
2240 2662 2255 2699 :
2305 2664 2323 2696 σ
2363 2646 2531 2701 Serve
2579 2647 2721 2700 male
2761 2656 2816 2700 et
2849 2647 3020 2717 piger,
3057 2648 3301 2717 oportuit
3358 2657 3408 2702 te

1824 2738 1954 2792 dare
1996 2738 2278 2806 pecuniam
2331 2752 2506 2791 meam
2552 2738 2617 2793 ad
2651 2752 2892 2792 mensam
2926 2740 2969 2803 ',
2997 2750 3144 2793 ietc.
3192 2740 3406 2811 Itaque,

1824 2828 1936 2883 Deo
1982 2826 2213 2892 favente,
2238 2827 2521 2899 aggrediar
2558 2831 2625 2884 de
2663 2830 3044 2898 praedictorum
3088 2843 3405 2886 sanctorum

1824 2923 2237 2977 conversatione
2268 2921 2552 2977 historiam
2586 2932 2794 2988 texere,
2829 2924 2944 2979 loca
2977 2925 3231 2980 videlicet
3262 2934 3401 2979 tem-

1824 3028 2064 3085 poraque
2095 3029 2159 3067 ac
2186 3028 2445 3082 personas
2473 3016 2793 3080 ostendens,
2825 3016 2987 3071 sicuti
3016 3018 3403 3089 ea.diligenter

1824 3104 1987 3159 didici
2006 3119 2037 3159 a
2066 3102 2314 3158 ﬁdelibus
2337 3112 2391 3159 et
2418 3103 2670 3160 veridicis
2698 3106 2849 3160 viris.
2885 3106 3035 3177 llogo
3057 3123 3185 3162 vero
3216 3124 3403 3163 omnes

1825 3197 2064 3265 qui‘haec
2098 3195 2292 3250 lecturi
2332 3205 2476 3261 sunt,
2510 3198 2623 3253 sive
2658 3198 2799 3253 lecta
2827 3201 3119 3266 audierint,
3152 3210 3209 3255 ut
3244 3201 3402 3256 ﬁdem

1823 3289 1981 3344 lectis
2010 3290 2122 3343 sive
2143 3289 2343 3343 auditis
2369 3289 2685 3355 adhibeant,
2721 3293 2887 3346 Deum
2926 3295 3053 3347 totis
3078 3295 3401 3363 praecordio-

1823 3397 1942 3435 rum
1964 3382 2265 3436 visceribus
2292 3391 2605 3447 exorautes,
2631 3392 2687 3438 ut
2710 3386 2948 3454 ipsorum
2977 3401 3065 3440 me
3086 3386 3401 3454 participem

1822 3472 2009 3538 faciat,
2028 3486 2258 3543 quorum
2285 3480 2432 3542 gesta
2460 3474 2644 3530 multis
2668 3476 2946 3547 profutura
2978 3477 3070 3535 vili
3091 3476 3243 3534 valde
3265 3477 3401 3549 ston

1822 3576 1982 3632 percu
1991 3576 2098 3617 rro.

208 3894 275 3962 (a)
310 3896 475 3969 ᾼΙῐιιά
520 3894 819 3952 Exordium
862 3895 995 3951 Vita:
1035 3896 1268 3968 praeﬁxit
1295 3897 1708 3969 Mctaphrastes.
1752 3896 2044 3956 Exordium
2102 3910 2155 3956 et
2202 3898 2380 3955 Vitam
2424 3901 2627 3969 primus
2655 3898 2842 3957 Graece
2875 3900 3041 3956 edidit
3078 3898 3396 3957 Cotelerius.

156 3962 278 4018 Eutr.
313 3967 562 4023 PATIIOL.
