4104 6486
147 420 221 488 597

1369 432 1543 494 VlTA
1585 434 1642 491 S.
1683 431 2094 497 EUTHYMII.

3256 440 3363 503 598

140 542 177 591 tl
198 555 259 599 τις
277 537 443 591 αὐτὸν
466 536 663 609 ζηλοῦν
700 538 1001 610 ἐθελήσειε,
1040 543 1133 596 καὶ
1164 543 1269 609 ζῶν
1294 545 1361 598 ἂν
1390 546 1418 598 6
1438 546 1661 600 τοιοῦτο

1784 548 2022 602 nominis
2075 546 2289 603 futurus
2326 547 2418 602 sit.
2458 546 2534 600 De
2567 548 2685 615 ejus
2724 548 2906 617 itaque
2954 550 3115 603 rebus
3145 552 3256 619 jam
3283 552 3369 605 in-

139 629 540 692 καὶτελευτήσας
575 630 1004 700 ὀνομαστότατος
1025 633 1255 701 γένοιτο.
1300 635 1560 707 Ἀρκτέον
1583 634 1678 691 οῦν

139 726 207 792 ἥδη
232 742 309 790 μοι
340 724 453 777 τῶν
476 726 600 779 κατ’
631 727 793 780 αὐτὸν
822 714 1060 796 ἄνωθεν,
1099 730 1193 783 καὶ
1228 732 1419 797 ἀκοαῖς
1459 733 1534 797 ὡς
1566 729 1678 788 οἷόν

138 834 177 867 τε
207 815 370 867 δοτέον
404 816 451 869 δ.

189 912 246 962 B‘.
303 911 464 979 Ἀρτι
510 912 604 964 τοῦ
667 912 963 975 δυσσεϐοῦς
1022 914 1315 969 Ἰουλιανοῦ
1381 919 1522 985 μετὰ
1577 920 1679 989 τῆς

139 1006 269 1074 ἀρχῆς
296 1003 495 1063 ἀθλίως
530 1004 624 1057 καὶ
675 1004 772 1074 τὴν
811 1004 958 1076 ζωὴν
1020 1008 1518 1077 καταστρέψαντος,
1559 1006 1679 1064 εἶτα

140 1094 226 1162 μετ’
258 1096 435 1161 ὀλίγον
464 1098 557 1149 καὶ
579 1099 659 1159 είς
680 1099 959 1153 Οὐάλεντα
993 1090 1362 1173 μετελθούσης
1384 1105 1487 1174 τῆς
1520 1106 1677 1175 βασι-

136 1188 511 1255 ἰεέας,πόλεμ.οι
557 1193 898 1261 πανταχόθεν
945 1194 1041 1257 τὰς
1082 1196 1412 1267 Ἐκκλησίας
1443 1200 1547 1252 ὑπὸ
1580 1200 1679 1271 τῆς

139 1280 298 1343 πικρᾶς
342 1278 556 1347 Ἀρείου
589 1282 875 1345 κοινωνίας
908 1284 1137 1353 χαλεποὶ
1166 1288 1555 1358 περιέστησαν,
1587 1291 1679 1343 καὶ

137 1370 203 1419 τοῦ
236 1370 578 1440 Ἑλληνισμοῦ
606 1372 890 1441 λήξαντος,
923 1377 952 1428 ὀ
978 1376 1073 1428 τοῦ
1101 1378 1484 1449 Ἀρειανισμοῦ
1516 1383 1675 1434 πόλε-

138 1480 211 1531 po;
232 1464 454 1531 ἓσχυρῶς
481 1465 723 1532 ἐκράτει,
749 1469 842 1519 καὶ
879 1469 946 1520 τα
973 1470 1082 1521 τῶν
1121 1471 1461 1541 Ἐκκλησιῶν
1503 1476 1675 1528 ἐνόσει

137 1560 429 1625 περιυανῶς.
466 1556 577 1611 Ἦν
599 1561 656 1613 δέ
678 1579 762 1625 τις
789 1563 846 1615 ἐν
873 1566 937 1633 τῇ
989 1564 1127 1634 πρὸς
1169 1565 1463 1637 Εὐφράτην
1510 1568 1675 1621 Μελι-

134 1656 233 1722 τηνῇ
266 1663 283 1689 ε
316 1652 416 1719 τῆς
481 1653 793 1721 Ἀρμενίας,
837 1656 1008 1725 ὄνομα
1038 1657 1271 1722 Παῦλος,
1295 1662 1516 1726 γυναικὶ
1552 1665 1672 1713 Διο-

132 1746 253 1813 νυσία
283 1744 592 1816 καλουμένῃ
636 1746 837 1811 συζῶν,
888 1750 1173 1816 ἐπιφανεῖς
1222 1751 1389 1820 ἄμφω
1426 1753 1515 1804 καὶ
1573 1754 1671 1824 τὴν

130 1837 288 1903 ἀρετὴν
329 1837 423 1888 καὶ
455 1837 516 1889 τδ
548 1839 722 1903 γένος.
776 1840 973 1908 Στεῖρα
1004 1842 1061 1895 δὲ
1093 1845 1123 1912 ἡ
1159 1844 1297 1917 γυνὴ
1338 1845 1432 1898 καὶ
1464 1846 1669 1899 παίδων

130 1927 293 1995 ἔρημος
314 1928 469 1989 οὖσα,
495 1930 557 1981 οὐ
597 1930 817 2001 μέτριον
846 1934 1033 2001 ἠγεῖτο
1061 1936 1123 1987 τὸ
1162 1936 1354 2000 πάθος,
1405 1939 1521 1991 οὐδὲ
1554 1933 1665 1992 οἷον

126 2018 275 2085 ὀλίγης
306 2019 490 2082 ἀξιοῦν
521 2022 822 2091 φροντίδος,
856 2022 992 2075 ἀλλὰ
1029 2027 1325 2097 μερίμναις
1359 2028 1458 2100 τὴν
1486 2029 1663 2102 ψυχὴν

129 2109 288 2171 ὀξείαις
334 2110 617 2174 ἐϐάλλετο,
682 2114 776 2165 καὶ
824 2114 1040 2177 ὀδύναις
1100 2118 1398 2182 ὲκόπτετο,
1449 2122 1542 2173 καὶ
1594 2124 1662 2175 τὰ

128 2203 362 2271 σπλάγχνα
408 2206 503 2256 καὶ
546 2204 646 2275 τὴν
700 2206 929 2274 καρδίαν
977 2208 1055 2277 τῷ
1092 2209 1192 2279 τῆς
1230 2211 1489 2275 ἀπαιδίας
1528 2218 1662 2287 πυρὶ

124 2296 466 2364 ἐνεπίμπρατο,
502 2299 718 2365 καρποῦ
752 2300 961 2364 κοιλίας
1014 2302 1299 2375 ὲφιεμένη·
1352 2304 1380 2357 ὃ
1430 2308 1659 2374 πρᾶγμα

122 2390 294 2452 fumi).
354 2392 476 2451 ταῖς
556 2389 799 2444 πλείοσιν
869 2392 1254 2448 εὐκταιότατον
1288 2437 1302 2460 ,
1360 2398 1657 2469 ὀφθαλμοῖς

122 2478 295 2545 ἥδιστον
345 2479 429 2543 ὃν,
498 2481 595 2534 καλ⁸
651 2482 835 2535 ἱκανὸν
880 2484 1073 2546 αὐταῖς
1125 2486 1432 2555 περιθεῖναι
1478 2489 1653 2555 δόξαν,

120 2574 190 2622 καὶ
214 2572 277 2641 μὴ
308 2574 565 2626 ταπεινὸν
610 2576 744 2645 ὀρᾷν
777 2577 901 2645 μηδ’
950 2578 1399 2647 ἀπαρρησίαστον
1432 2583 1511 2644 είς
1560 2584 1657 2647 τὰς

118 2665 196 2715 τῶν
237 2666 441 2735 ἀνδρῶν
494 2667 647 2735 ὄψεις
681 2671 1126 2737 παρασκευάσαι.
1182 2671 1337 2725 Οῦτω
1366 2675 1656 2743 τοιγαροῦν

119 2758 295 2824 ἔχοντα,
329 2760 423 2811 καὶ
468 2762 727 2829 συμφορᾷ
756 2762 980 2832 τοιαύτῃ
1032 2763 1352 2835 πιεζομένη,
1398 2767 1535 2837 πρὸς
1564 2768 1657 2819 τὸν

119 2847 298 2916 πὶησίον
331 2849 674 2903 Πολυεύκτου
726 2851 820 2903 τοῦ
856 2853 999 2906 θείου
1035 2856 1315 2927 μάρτυρος
1360 2858 1487 2910 ναὸν
1518 2860 1655 2929 μετὰ

116 2940 181 2991 τοῦ
234 2942 461 3009 συζύγου
516 2943 821 3016 ἀφικομένη
898 2947 1192 3016 (ὲλάμδανε
1247 2950 1356 3021 γὰρ
1417 2953 1510 3004 καὶ
1558 2954 1656 3024 τῆς

114 3034 238 3099 ﬁxi:
266 3034 537 3096 κοινωνὸν.
572 3034 630 3086 ὃν
657 3038 751 3089 καὶ
788 3038 886 3106 τῆς
907 3039 1083 3107 λύπης
1114 3041 1428 3107 ἀναγκαίως
1464 3040 1654 3113 εἶχεν),

115 3122 181 3173 ἐπὶ
208 3125 418 3189 πολλαῖς
469 3128 707 3198 ἡμέραις
739 3130 795 3180 ὲν
826 3130 1001 3199 τούτῳ
1060 3136 1123 3203 τῇ
1172 3137 1447 3205 προσευχῇ
1486 3153 1655 3206 προσ-

112 3216 310 3281 έδρευον.
337 3220 583 3287 Λυθῆναί
608 3238 665 3271 τε
696 3222 878 3284 αὐτοῖς
908 3222 974 3275 τὰ
993 3224 1165 3291 δεσμὰ
1193 3226 1291 3293 τῆς
1312 3226 1654 3298 στειρὼσεως

113 3304 262 3372 ᾔτουν,
310 3308 402 3359 καὶ
439 3309 660 3379 καρπον
706 3310 924 3363 οἰκείων
973 3312 1181 3366 ὠδίνων
1209 3314 1338 3367 ἰδεῖν
1393 3314 1648 3385 ηὔχοντο,
1689 3294 1733 3351 c

1701 1931 1740 1984 Β

1535 3411 1653 3463 Θεία

108 3507 166 3551 τις
189 3494 523 3559 ἐπιφαίνεται
552 3494 694 3562 ὄψις,
717 3496 1038 3566 Εὐθυμεῖτε,
1063 3500 1319 3565 λέγουσα,
1347 3502 1658 3571 εὐθυμεῖτε⁸

110 3584 187 3634 ξεττ.
220 3586 316 3656 γὰρ
344 3587 535 3640 δίδωσι
565 3589 730 3641 παῖδα
763 3590 891 3659 ὐμῖν
920 3593 947 3643 ὀ
978 3591 1135 3655 Θεὸς,
1177 3592 1442 3662 εὐθυμίας
1470 3612 1526 3647 τε
1562 3591 1658 3664 τὴν

109 3676 258 3742 κλῆςιν
284 3679 636 3747 φερώνυμον,
668 3682 761 3732 καὶ
793 3683 920 3744 τοὺς
951 3684 1185 3752 τρόπους
1215 3684 1400 3748 ἀξίους
1441 3686 1657 3756 ἐκείνης

108 3770 289 3831 έχοντα·
348 3772 443 3824 ἐπὶ
492 3773 549 3825 δὲ
619 3776 683 3842 τῇ
736 3773 902 3826 αὐτοῦ
968 3776 1219 3844 γεννήσει
1259 3778 1353 3829 καὶ
1392 3777 1658 3849 εὐθυμίαν

104 3864 191 3922 ταῖς
220 3864 370 3917 αὐτοῦ
407 3867 770 3937 Ἐκκλησίαις
795 3865 1012 3922 δίδωσιν
1037 3870 1065 3921 6
1100 3867 1253 3932 Θεός.

112 3398 279 3462 Νυκτὸς
310 3402 364 3453 δέ
396 3419 531 3453 ποτε
563 3396 878 3471 κατὰμόνας
906 3407 1221 3476 εὐχομένοις
1264 3408 1479 3473 αὐτοῖς,

150 4141 209 4191 Γ’.
277 4142 507 4196 Ἐκεῖνοι
566 4144 665 4212 μὲν
691 4139 786 4196 οὖν
837 4145 1139 4214 τηνικαῦτα
1177 4145 1269 4197 τὸν
1321 4147 1512 4216 καιρὸν
1556 4152 1653 4216 τῆς

101 4235 316 4297 ἐπατὶας
348 4238 438 4288 διὰ
481 4237 547 4288 τὸ
607 4236 909 4306 παράδοξον
943 4238 1044 4305 τῆς
1098 4237 1225 4301 θέας
1276 4241 1652 4309 ἐπισημήναν-

103 4338 181 4386 τες,
205 4327 533 4395 ἁνέστρειρον
576 4327 784 4390 οἶκαδε,
819 4332 911 4380 καὶ
945 4328 1066 4397 Θεῷ
1094 4330 1258 4381 πάλιν
1281 4330 1560 4383 ἀναθεῖναι
1590 4333 1652 4385 τὸ

100 4418 312 4483 γεννηθὲν
348 4418 787 4487 ἐπηγγέλλοντο.
816 4420 970 4472 Μετὰ
1021 4422 1219 4491 μικρὸν
1257 4422 1314 4474 δὲ
1364 4423 1458 4475 καὶ
1492 4426 1519 4476 ὁ
1552 4424 1650 4492 τῆς

101 4511 288 4577 γαστρὸς
332 4512 502 4578 ὄγκος
553 4512 659 4578 τὴν
700 4511 895 4580 κύησιν
925 4514 1206 4581 ἠγγυᾶτο,
1261 4516 1355 4567 καλ⁵
1403 4517 1576 4584 χαρᾶς
1615 4518 1647 4585 ἡ

100 4601 296 4651 lum-cia
324 4606 424 4671 τὴν
450 4604 645 4671 ψυχὴν
671 4604 995 4673 ἐπληροῦτο.
1027 4606 1260 4659 Ἔπειτα
1293 4608 1642 4674 γεννηθέντος

101 4688 237 4744 mor;
287 4694 376 4745 τοῦ
443 4695 672 4757 παιδος,
732 4695 826 4746 ἐπὶ
874 4696 971 4764 τῆς
1030 4697 1300 4767 τετάρτης
1342 4698 1641 4766 Γρατιανού

99 4778 328 4846 ὑπατείας,
356 4786 559 4839 τοῦτον
601 4787 722 4853 μὲν,
763 4788 1057 4857 συνᾴδοντα
1082 4791 1146 4857 τῇ
1169 4790 1403 4859 ὀπτασίᾳ
1424 4790 1643 4843 ποιοῦν-

96 4883 173 4931 τες,
226 4873 489 4944 Εὐθύμιον
555 4873 911 4945 ὀνομάζουσι.
975 4877 1052 4947 Τῇ
1097 4880 1337 4948 ὀπτασίᾳ
1367 4880 1423 4932 δὲ
1462 4881 1644 4934 καὶτὸ

98 4956 216 5026 ἶργον
256 4966 629 5032 ἐπηκολούθει
652 4984 665 4998 ·
699 4969 792 5018 καὶ
824 4967 852 5017 6
875 4967 1015 5019 κατά
1053 4968 1162 5020 τῶν
1206 4970 1503 5040 ὀρθοδόεων
1540 4972 1635 5026 πό-

1785 638 2098 707 cipiendum
2147 647 2233 691 est
2276 638 2407 691 mihi
2455 637 2524 692 ab
2558 636 2670 692 alto
2702 637 2908 704 dicere,
2944 648 3000 692 et
3036 654 3114 693 ea:
3147 642 3369 696 auribus

1784 732 2061 786 tradendae
2084 747 2183 801 pro
2214 732 2444 786 vicibus.

1855 908 1920 961 ll.
1949 906 2564 976 CumimpiusJuiianus
2592 909 2752 976 paulo
2768 914 2893 961 ante
2922 923 3027 961 una
3045 925 3167 963 eum
3195 911 3367 979 impe-

1782 1001 1865 1055 rio
1878 1002 2038 1054 vitam
2057 1016 2272 1069 quoque
2295 1002 2495 1054 misere
2508 1002 2780 1054 amisisset
2803 1002 2901 1071 (l),
2935 1017 2997 1055 ac
3024 1001 3222 1056 deinde
3242 1020 3367 1072 pau-

1782 1092 1835 1145 lo
1858 1103 1982 1161 post
2012 1092 2300 1159 imperium
2332 1092 2573 1146 delatum
2614 1091 2806 1146 fuisset
2836 1094 2903 1147 ad
2939 1095 3219 1149 Valentem
3260 1095 3363 1164 (τι),

1781 1179 1922 1233 bella
1958 1178 2195 1232 difﬁcilia
2225 1190 2443 1249 propter
2469 1182 2721 1235 acerbam
2761 1184 2874 1236 Arii
2918 1186 3363 1239 communionem

1782 1271 2262 1325 circumsistebant
2303 1274 2451 1325 omni
2495 1290 2559 1326 ex
2608 1282 2762 1342 parte
2802 1272 3104 1339 Ecelesias;
3149 1286 3203 1329 ct
3238 1292 3361 1330 cum

1780 1372 2048 1418 cessasset
2090 1365 2460 1432 paganismus,
2511 1366 2788 1418 arianismi
2824 1367 3023 1419 bellum
3067 1367 3360 1421 admodum

1781 1458 2167 1521 invalescebat,
2202 1471 2397 1526 resque
2421 1457 2674 1511 Ecclesia:
2712 1457 2994 1527 insigniter
3017 1461 3357 1514 laborabant.

1780 1552 1906 1605 Erat
1934 1562 2114 1605 autem
2148 1551 2435 1611 Melitente,
2459 1568 2578 1619 qua:
2599 1561 2682 1605 est
2709 1552 2841 1605 urbs
2866 1554 3130 1608 Armenia:
3154 1555 3219 1608 ad
3256 1554 3363 1607 Eu-

1779 1644 2054 1712 phratem,
2090 1642 2306 1711 quidam
2342 1642 2565 1695 nomine
2596 1642 2813 1704 Paulus.
2846 1643 2931 1697 cui
2974 1644 3100 1697 vita:
3132 1659 3359 1697 consors

1778 1744 1897 1789 erat
1936 1735 2156 1802 conjux,
2198 1743 2381 1788 vocata
2422 1733 2694 1803 Dionysia,
2728 1736 2889 1789 ambo
2919 1736 3051 1789 clari
3092 1746 3199 1789 tam
3244 1737 3356 1789 \‘ir-

1780 1837 1892 1881 tute
1921 1844 2083 1897 quam
2119 1842 2340 1897 genere.
2375 1826 2500 1880 llaec
2532 1842 2660 1880 vero
2705 1842 2828 1881 cum
2858 1840 3005 1882 esset
3045 1829 3267 1891 sterilis,
3305 1840 3361 1883 ct

1770 1929 1978 1975 careret
2005 1921 2212 1983 liberis,
2237 1920 2288 1973 id
2321 1920 2554 1974 ducebat
2594 1936 2703 1973 non
2737 1920 3014 1975 mediocre
3035 1938 3157 1975 esse
3186 1923 3354 1975 infer.

1774 2013 2007 2077 tunium,
2041 2029 2216 2081 neque
2250 2028 2414 2081 parva
2446 2013 2669 2081 dignum
2697 2013 3082 2076 sollicitudine;
3104 2015 3199 2069 sed
3233 2032 3355 2085 gra-

1771 2106 1928 2159 vibus
1953 2106 2100 2159 curis
2130 2106 2315 2159 animo
2344 2105 2670 2175 agitabatur,
2696 2114 2749 2158 et
2774 2106 3119 2159 lacerabatur
3147 2108 3353 2161 dolori-

1770 2201 1893 2265 bus,
1926 2200 2156 2268 ejusque
2184 2214 2279 2253 eor
2313 2208 2367 2253 et
2410 2200 2615 2253 viscera
2659 2200 2803 2268 quod
2845 2200 3046 2253 liberos
3079 2216 3186 2252 non
3227 2212 3353 2269 pro-

1769 2302 2009 2346 creasset
2040 2292 2185 2346 velut
2209 2293 2331 2361 igne
2360 2293 2819 2353 accendebantur,
2856 2303 2913 2345 ut
2951 2309 3071 2361 quae
3114 2293 3351 2345 fructum

1768 2387 1975 2440 ventris
2018 2386 2386 2448 desideraret;
2436 2402 2557 2454 qua:
2598 2402 2685 2441 res
2718 2387 2992 2455 plerisque
3032 2386 3361 2439 mulieribus

1766 2480 2174 2549 exoptatissima
2198 2488 2311 2542 est,
2347 2488 2408 2531 ut
2436 2493 2558 2545 quae
2601 2479 2669 2531 sit
2712 2478 2887 2531 oculis
2925 2477 3346 2546 jucundissima.

1765 2587 1995 2643 qumque
2025 2573 2195 2639 possit
2223 2572 2303 2625 eis
2332 2570 2525 2626 afferre
2553 2573 2778 2642 gloriam
2797 2614 2811 2637 ,
2845 2580 3007 2641 atque
3036 2573 3252 2628 eﬂicere
3293 2585 3350 2627 ut

1765 2683 1875 2720 non
1912 2667 2149 2719 demisse
2179 2679 2234 2719 et
2263 2666 2469 2734 absque
2498 2666 2691 2720 ﬁducia
2748 2682 2843 2719 ora
2902 2668 3227 2721 maritorum
3264 2668 3350 2719 in—

1766 2768 2040 2812 tueantur.
2055 2758 2190 2812 Cum
2219 2758 2296 2812 sic
2321 2774 2449 2827 ergo
2471 2774 2529 2811 se
2555 2758 2798 2819 haberet,
2814 2758 2988 2812 et-tali
3014 2773 3350 2826 premeretur

1764 2850 2090 2910 calamitate,
2110 2850 2175 2902 ad
2206 2850 2568 2918 propinquum
2592 2848 2957 2918 Polyeueti(3)
2991 2850 3161 2904 divini
3198 2866 3346 2903 mar-

1766 2942 2167 3011 tyristemplum
2196 2941 2439 3011 profecta
2470 2958 2593 2996 cum
2627 2944 2861 3013 conjuge
2883 2959 2984 2998 suo
3013 2956 3163 3013 (eum
3199 2945 3345 2999 enim

1762 3034 1971 3101 accepit
1988 3034 2095 3087 voti
2114 3049 2329 3104 quoque
2354 3035 2583 3101 socium,
2599 3050 2760 3104 quem
2782 3036 3090 3090 necessario
3114 3036 3347 3091 habebat

1763 3128 2039 3197 tristitiae),
2080 3128 2134 3182 in
2178 3144 2246 3183 eo
2285 3137 2779 3197 perseveraverunt
2821 3129 3009 3184 multis
3053 3128 3248 3183 diebus
3288 3129 3345 3182 in

1764 3218 2031 3274 oratione.
2070 3220 2338 3277 Petebant
2375 3229 2580 3285 autem,
2612 3221 2812 3277 ut‘sibi
2841 3222 3185 3277 solverentur
3223 3222 3345 3276 vin-

1764 3312 1883 3365 cuia
1916 3312 2239 3375 steriiitatis,
2271 3320 2336 3366 et-
2354 3312 2635 3382 rogabant,
2671 3322 2731 3366 ut
2759 3311 2995 3366 fructum
3034 3326 3102 3366 ex
3131 3326 3191 3367 se
3214 3327 3344 3382 pro-

1767 3412 1988 3471 gnatum
2035 3402 2299 3456 viderent.
2334 3402 2507 3456 Noctu
2541 3411 2722 3455 autem
2760 3403 2841 3457 eis
2871 3402 3161 3470 aliquando
3196 3418 3344 3456 seor-

1764 3510 1883 3548 sum
1929 3496 2232 3558 orantibus,
2282 3495 2465 3549 divina
2510 3496 2756 3563 quaedam
2800 3511 3025 3564 apparet
3064 3496 3218 3558 visio,
3260 3498 3342 3549 di-

1764 3602 1932 3645 cens;
1966 3586 2167 3650 Estule,
2201 3597 2377 3642 estote
2418 3588 2563 3641 bono
2593 3588 2808 3650 animo;
2850 3603 2979 3642 ecce
3009 3588 3158 3641 enim
3198 3587 3341 3642 Deus

1763 3678 1854 3732 dat
1882 3679 2035 3731 vobis
2050 3678 2238 3743 tilium,
2271 3678 2361 3747 qui
2384 3680 2479 3733 ab:
2504 3680 2835 3749 euthymia,»
2874 3681 2976 3733 lioc
3008 3690 3092 3733 est
3121 3680 3265 3734 bono
3288 3692 3343 3734 et

1764 3772 2054 3842 tranquillo
2076 3773 2278 3832 animo,
2312 3788 2509 3825 nomen
2550 3773 2744 3826 merito
2773 3774 3022 3841 accipiet,
3064 3787 3128 3827 ac
3149 3787 3216 3827 eo
3253 3773 3336 3827 di-

1761 3880 1894 3935 gnos
1940 3880 2119 3918 mores
2166 3875 2251 3919 est
2294 3864 2627 3919 habiturus:
2675 3865 2726 3917 in
2781 3865 2926 3919 illius
2978 3874 3162 3919 autem
3214 3881 3337 3919 orm

1760 3959 1922 4011 etiam
1956 3958 2406 4026 tranquillitatem
2443 3966 2499 4010 et
2540 3957 2745 4010 bonum
2778 3957 3021 4009 animum
3063 3957 3155 4010 dat
3198 3956 3337 4012 Deus

1759 4048 1875 4102 suis
1905 4050 2187 4103 Ecclesiis.

1830 4139 1921 4193 ΙΙΙ.
1965 4141 2138 4207 Atque
2167 4140 2238 4192 illi
2271 4141 2491 4209 quidem
2520 4151 2670 4203 tunc,
2706 4151 2948 4212 tempore
2970 4142 3194 4197 visionis
3214 4142 3337 4198 ideo

1757 4232 1990 4299 signato,
2010 4232 2544 4301 quodspectaculum
2572 4244 2719 4289 esset
2746 4234 3084 4293 admirabile.
3112 4236 3333 4289 domum

1755 4327 2064 4387 redierunt,
2101 4327 2321 4395 Deoque
2356 4342 2414 4381 se
2458 4327 2638 4381 adhuc
2673 4328 3017 4382 dedicaturos
3048 4328 3194 4395 quod
3238 4344 3334 4380 na-

1757 4431 1868 4472 tum
1920 4418 2086 4473 fuerit
2126 4421 2360 4487 prol‘essi
2407 4429 2554 4473 sunt.
2601 4421 2765 4473 l’anlo
2810 4430 2929 4487 post
2964 4429 3146 4473 autem
3193 4421 3330 4473 uteri

1752 4525 1969 4580 quoque
2016 4520 2198 4563 tumor
2238 4521 2562 4578 conceptum
2626 4512 2983 4564 conlirmabat
3028 4522 3081 4565 et
3118 4520 3331 4578 partum

1751 4605 2125 4673 promittebat.
2151 4604 2497 4674 etDionysia:
2524 4605 2738 4657 animus
2777 4604 3103 4673 implebatur
3124 4603 3332 4657 laatitia.

1752 4698 1958 4750 Deinde
1991 4712 2114 4749 cum
2150 4698 2230 4750 eis
2256 4705 2415 4749 natus
2434 4708 2578 4750 esset
2612 4696 2846 4765 puer“),
2872 4704 3067 4765 quarto
3088 4696 3331 4751 Gratiani

1749 4789 2056 4851 consulatu,
2102 4804 2224 4841 cum
2255 4788 2473 4857 quidem
2508 4798 2872 4858 congruenter
2921 4790 3113 4843 visioni
3156 4791 3331 4843 nomi-

1750 4892 1882 4937 nant
1923 4883 2294 4952 Euthymium.
2328 4882 2604 4936 Visionem
2649 4898 2779 4936 vero
2812 4884 2977 4937 etiam
3012 4898 3099 4937 res
3130 4898 3327 4937 conse-

1750 4985 1873 5030 cuta
1903 4985 1985 5029 est
2021 4994 2033 5028 :
2065 4986 2120 5029 et
2149 4975 2398 5042 componi
2427 4976 2592 5044 coepit
2621 4976 2823 5030 bellum
2849 4976 3113 5032 adversus
3133 4978 3324 5031 ortho-

1341 5129 1571 5185 V'ARI/E
1624 5131 2031 5189 LECTIONES.

148 5288 164 5314 ³
190 5280 247 5333 al.
277 5284 636 5339 ἀντιδόσεων.

718 5284 743 5321 ³⁵
777 5284 849 5337 al.
884 5285 1215 5353 παραδοτέον
1246 5294 1300 5340 et
1331 5288 1623 5358 ἐνηχητὲον
1654 5300 1711 5345 et
1736 5291 2007 5361 φιλοθέοις
2030 5292 2205 5345 ταῦτα
2223 5292 2536 5363 διηγητέον.

2616 5305 2637 5332 ο
2669 5293 2744 5348 ai.
2775 5295 3039 5368 Μελιτινῇ
3064 5304 3120 5353 et
3144 5293 3309 5351 Infra.

1255 5442 1443 5501 JOAN.
1486 5446 1825 5503 BOLLANDI
1868 5449 2095 5505 ΝΟΤᾸΞ.

149 5598 203 5661 ll)
224 5598 355 5653 Junii
384 5602 477 5665 26,
507 5614 673 5655 anno
698 5599 902 5654 Christi
935 5600 1059 5655 365.

150 5667 350 5733 {inium
394 5682 527 5727 octo
589 5673 713 5725 {ese
754 5674 1032 5724 mensibus
1090 5668 1357 5728 Jovianus
1413 5689 1634 5739 regnas-

124 5747 188 5809 rl;
214 5742 271 5795 ab
295 5744 446 5809 hujus
471 5756 813 5798 successore
846 5742 1221 5795 Valentiniano
1244 5743 1438 5807 Valens
1464 5747 1632 5802 l'rater

132 5806 424 5878 dimperium
456 5822 795 5879 assumptus
820 5822 905 5864 est
930 5811 999 5866 99
1034 5810 1205 5866 Martii
1241 5829 1331 5869 an.
1362 5806 1485 5870 564.

155 5880 210 5949 (5}
237 5884 348 5953 Ejus
378 5888 482 5941 sub
508 5885 693 5940 Decio
724 5892 1000 5952 peractqu
1029 5882 1279 5940 Melitene
1309 5887 1628 5959 martyrium

1742 5610 1991 5688 dabimus
2026 5611 2419 5688 l3_Februarii.
2457 5614 2528 5688 De
2554 5616 2666 5683 ipsa
2715 5616 2965 5670 Melitene
2993 5620 3126 5672 urbe
3158 5621 3311 5688 plora

1742 5682 1978 5757 reperies
2017 5683 2321 5757 tOJannar.
2354 5685 2421 5739 ad
2454 5684 2511 5738 ὃ.
2548 5682 3093 5757 Ιιοιῃίιίπηὶορὶεοοῃί
3119 5682 3311 5743 Vitam.

1812 5751 1898 5829 (ti
1930 5754 2088 5829 Anno
2127 5754 2227 5829 @377
2266 5769 2404 5811 coss.
2438 5765 2591 5809 erant
2636 5751 2930 5813 Gratianus
2970 5751 3103 5829 Aug.
3142 5758 3214 5817 ιγ’
3258 5772 3312 5813 et

1740 5820 1817 5875 Fl.
1854 5822 2223 5880 Merobaudes.
