4104 6486
710 386 818 452 6οῚ

709 502 789 555 eis
829 512 1079 554 secessus
1133 507 1380 568 tempore
1429 516 1442 550 :

712 599 1007 647 torrentem
1085 589 1371 659 quemdam
1441 588 1775 660 praecipitem
1834 606 1896 646 ac
1952 592 2284 662 profundum

710 684 1049 742 art-edentes.
1083 699 1331 754 magnam
1381 681 1693 751 speluncam
1743 683 2024 738 oﬂ‘endunt
2065 685 2130 737 ad
2188 685 2288 738 bo-

710 777 852 830 realc
902 776 1160 828 torrentis
1220 773 1602 843 prareipitium,
1659 775 1805 828 velut
1863 777 2018 828 tracti
2069 791 2098 830 a
2151 791 2286 845 qua-

708 871 830 922 d.un
908 883 1072 921 manu
1139 867 1461 919 deducente.
1526 865 1642 931 Qua
1727 866 1795 919 de
1871 881 2034 921 causa
2119 867 2280 922 laetati

708 961 928 1022 animis,
972 969 1026 1012 et
1057 959 1154 1010 rati
1206 973 1315 1010 non
1371 957 1474 1011 hoc
1521 959 1600 1010 eis
1629 965 1909 1011 ostensum
1945 960 2148 1027 absque
2187 957 2282 1011 Dei

711 1053 978 1111 numine,
1050 1050 1160 1103 illic
1214 1065 1367 1102 suam
1433 1047 1638 1103 faciunt
1699 1048 2113 1104 habitationem.
2180 1048 2282 1115 Qui

708 1142 925 1210 quidem
960 1141 1111 1194 locus
1139 1157 1262 1193 cum
1291 1150 1434 1193 esset
1460 1140 1609 1208 prius
1636 1141 1869 1194 ferarum
1894 1142 2286 1211 refugium,sa-

708 1249 858 1286 crum
907 1234 1169 1301 templum
1225 1241 1409 1299 postea
1463 1233 1633 1286 evasit
1684 1243 1736 1286 et
1780 1233 2094 1303 angelorum
2128 1233 2284 1287 habi-

708 1326 970 1379 taculum.
1005 1326 1171 1392 Igitur
1199 1324 1290 1376 diu
1325 1325 1601 1378 latuerunt
1634 1327 1688 1378 in
1713 1326 1994 1394 spelunca,
2020 1343 2119 1380 nec
2142 1330 2283 1381 ullus

707 1419 770 1470 ad
804 1433 896 1469 eos
940 1417 1253 1476 accedebat.
1302 1418 1384 1470 vel
1434 1419 1630 1486 aliquid
1676 1435 1706 1471 e
1762 1421 1923 1472 rebus
1962 1422 2285 1476 necessariis

709 1508 1140 1575 iuqiertiebatur.
1181 1509 1275 1562 scd
1327 1509 1475 1572 solis,
1511 1524 1630 1576 qua:
1656 1509 1762 1562 illic
1804 1511 2017 1564 aduatac
2047 1511 2281 1574 fuerant,

710 1600 910 1662 herbis,
967 1610 1024 1652 ut
1070 1600 1281 1663 licebat,
1336 1601 1644 1654 alebantur.
1685 1602 1954 1656 (Laterum
1996 1603 2126 1664 Deo,
2165 1620 2283 1658 mea

709 1693 925 1760 quidem
976 1692 1266 1756 sententia,
1339 1708 1447 1744 non
1500 1693 1742 1761 amplius,
1781 1696 2087 1748 sustinente
2120 1696 2282 1749 celari

709 1799 894 1836 eorum
950 1782 1207 1836 virtutem
1268 1781 1561 1851 (quomodo
1610 1784 1795 1836 enim?
1845 1786 2282 1854 quandoquidem

708 1891 810 1931 nec
837 1877 976 1929 horti
1011 1877 1200 1939 clausi,
1233 1891 1331 1928 nec
1364 1876 1530 1928 fontis
1555 1876 1770 1945 signati,
1808 1877 1871 1928 ad
1914 1877 2113 1929 multos
2145 1879 2284 1931 redit

708 1971 967 2031 utilitas),
1012 1969 1106 2022 sed
1152 1969 1367 2022 volente
1410 1970 1590 2037 potius
1639 1982 1733 2021 eos
1763 1968 1884 2020 aliis
1918 1985 2136 2037 quoque
2164 1985 2284 2024 esse

708 2077 926 2116 causam
952 2061 1140 2114 Salutis
1184 2061 1572 2128 copiosumque
1597 2061 1984 2128 etpommunis
2020 2076 2149 2115 usus
2188 2062 2285 2115 bo-

707 2169 862 2213 num,
889 2152 1198 2220 huiusmodi
1248 2166 1334 2204 res
1388 2152 1529 2205 circa
1553 2167 1648 2205 eos
1675 2167 1740 2206 ex
1767 2152 2128 2208 Providentiae
2166 2155 2283 2210 dis-

709 2247 1029 2317 pensatione
1059 2246 1275 2298 accidit.

783 2356 924 2409 Xlll.
956 2355 1186 2421 Quidam
1209 2370 1272 2408 ex
1295 2355 1504 2408 Lazarii
1545 2354 1752 2422 (20-2l)
1787 2355 2093 2423 pastoribus
2115 2356 2290 2411 addu-

709 2456 836 2503 cunt
856 2447 1149 2516 aliquando
1166 2462 1295 2500 oves
1308 2445 1372 2498 ad
1390 2455 1704 2510 torrentem,
1718 2453 1768 2498 et
1788 2447 1977 2499 obtutu
1997 2448 2046 2499 in
2062 2447 2286 2514 spelun-

709 2555 827 2594 cam
861 2542 1124 2600 innnisso.
1159 2539 1458 2593 ridenteos
1486 2539 1834 2592 imminentes
1861 2540 2058 2608 capiti;
2091 2556 2289 2610 repen-

712 2633 826 2685 tino
854 2643 1034 2686 autem
1062 2641 1121 2685 et
1167 2632 1383 2685 insolito
1415 2632 1613 2685 turbati
1638 2633 1968 2699 spectaculo,
1999 2633 2032 2684 ii
2066 2634 2284 2701 quidem

714 2725 960 2789 protinus
1003 2725 1057 2776 in
1114 2725 1290 2793 fugam
1327 2734 1529 2793 quanta
1579 2737 1827 2794 poterant
1858 2727 2053 2794 pedum
2091 2727 2291 2780 celeri-

715 2827 824 2871 tate
852 2832 908 2869 se
937 2816 1239 2876 dederunt;
1266 2815 1339 2867 illi
1369 2831 1498 2869 vero
1527 2817 1775 2869 timorem
1794 2817 2288 2885 cisappositissilne

714 2911 1014 2970 dementes,
1058 2925 1191 2962 voce
1239 2926 1400 2978 quam
1447 2920 1743 2979 potuerunt
1797 2912 2188 2981 benignissima
2233 2922 2289 2966 et

716 2998 1142 3053 lenissimazNe
1191 3000 1456 3064 timeatis,
1515 3016 1546 3051 ο
1598 3000 1824 3063 fratres,
1888 3002 2168 3061 discru-at.
2220 3018 2289 3056 ne

719 3090 970 3142 linteatis.
1001 3089 1132 3142 Nam
1163 3089 1261 3159 ipsi
1287 3105 1503 3157 quoque
1537 3091 1788 3144 homines
1822 3108 2032 3154 sumus,
2072 3095 2285 3148 etiamsi

1915 386 2198 446 MENSIS
2235 387 2691 449 JANUARIUS.

1510 506 1566 552 et
1630 511 1730 567 per
1798 498 2146 555 solitudinem
2217 500 2283 554 ad

2393 502 2476 554 τὸν
2506 500 2815 572 εἰθισμένον
2839 502 2938 572 τῆς
2962 501 3363 574 ἀναχωρήσεως
3390 502 3575 568 αὐτοῖς
3608 507 3798 575 καιρόν
3817 524 3834 538 ο
3871 511 3952 562 καί

3853 391 3950 456 608

2385 609 2505 644 τινα
2531 593 2620 646 διὰ
2651 594 2748 656 τῆς
2777 593 2986 663 ἐρήμου
3043 593 3347 664 χείμαρρον
3394 594 3692 664 κρημνώδη
3741 599 3837 649 καὶ
3872 598 3952 665 βας

2390 682 2540 736 θὺνπι
2575 683 2887 754 παριόντες,
2918 683 3406 754 καταλαμὸἀνουσί
3430 703 3481 738 τι
3511 686 3777 755 σπήλαιον
3813 689 3949 756 μέγα

2389 773 2523 844 πρὸς
2553 773 2630 844 τῷ
2668 773 2896 844 βορεινῷ
2940 774 3032 826 τοῦ
3074 775 3378 846 χειμάρρου
3421 777 3674 846 κρημνῷ,
3707 777 3952 844 καθάπερ

2356 863 2489 954 ’ὑπό
2536 882 2680 928 τινος
2716 867 3018 936 ὁδηγούσης
3061 868 3243 938 χειρὸς
3293 868 3597 938 ἑλκόμενοι.
3672 867 3953 932 Ἡσθέντες

2318 1853 2360 1910 Β

2385 951 2479 1008 οὖν
2508 959 2594 1009 ἐπ’
2626 957 2774 1026 αὑτῷ
2812 958 2911 1022 τὰς
2957 959 3158 1027 ψυχὰς.
3217 959 3314 1013 καὶ
3340 960 3440 1013 οὑκ
3469 960 3618 1012 ἀθεεὶ
3640 960 3798 1013 τοῦτο
3828 962 3955 1013 ὑπο⁹

2386 1049 2671 1118 δειχθῆναι
2717 1051 2899 1114 αὐτοῖς
2934 1053 3279 1121 νομίσαντες,
3342 1053 3519 1104 ἐκεῖσε
3553 1052 3832 1104 ποιοῦνται
3862 1052 3954 1120 τὴν

2387 1141 2876 1211 κατοικίαν.”οπερ
2899 1143 3009 1212 ἄρα
3034 1141 3239 1211 θηρίων
3264 1143 3555 1211 καταφυγὴ
3582 1143 3854 1212 πρότερον
3879 1143 3952 1205 ὂν,

2385 1232 2508 1294 ναὸς
2546 1234 2688 1303 ἱερὸς
2714 1235 2936 1301 γέγονεν
2965 1234 3192 1304 ὕστερον
3222 1235 3317 1287 καὶ
3360 1234 3606 1301 ἀγγέλων
3624 1243 3651 1270 ιι
3695 1253 3955 1304 κατοικη-

2384 1327 2590 1393 τήριον.
2638 1325 2960 1378 Ἐλάνθανον
2993 1324 3093 1394 μὲν
3133 1321 3228 1377 οὖν
3278 1327 3334 1376 ἐν
3367 1325 3445 1393 τῷ
3501 1323 3753 1394 σπηλαίῳ
3797 1326 3956 1392 μέχρι

2388 1417 2606 1478 πολλοῦ,
2639 1419 2734 1470 καὶ
2778 1418 2954 1480 οὐδεὶς
3003 1421 3031 1470 ό
3087 1417 3457 1488 παραϐάλλων
3505 1418 3685 1478 αὐτοῖς
3713 1412 3803 1486 ἦν,
3836 1417 3956 1468 οὔτε

2387 1511 2530 1570 τινὸς
2561 1508 2668 1562 τῶν
2709 1508 2848 1572 πρὸς
2878 1510 3069 1579 χρείαν
3102 1511 3240 1572 ὅλως
3269 1507 3562 1574 κοινωνῶν,
3601 1509 3736 1560 ἀλλὰ
3771 1509 3959 1576 μόναις

2386 1602 2504 1661 ταῖς
2539 1600 3020 1671 παραπεφυκυίαις
3061 1601 3210 1669 αὐτῷ
3252 1600 3534 1670 βοτάναις,
3578 1600 3651 1663 ῶς
3681 1597 3957 1667 ἐγχωροῦν

2386 1689 2473 1760 ἦν,
2504 1693 2814 1761 ἐτρέφοντο.
2864 1690 3219 1762 Κρὺπτεσθαι
3255 1694 3312 1746 δὲ
3357 1695 3456 1762 τὴν
3500 1695 3723 1745 ἐκείνων
3760 1690 3958 1760 ἀρετὴν

2388 1786 2667 1851 ἐπιπλέον,
2693 1781 2867 1855 οἶμαι,
2884 1785 2977 1838 τοῦ
2996 1786 3130 1838 Θεοῦ
3150 1789 3224 1855 μὴ
3246 1788 3620 1857 ἀνασχομένου
3646 1786 3788 1853 (πῶς
3815 1785 3956 1853 γὰρς

2388 1883 2469 1931 ὅτι
2507 1880 2643 1948 μηδὲ
2675 1878 3066 1947 κεκλεισμένον
3097 1879 3301 1948 κήπου,
3334 1879 3468 1948 μηδέ
3502 1879 3681 1946 πηγῆς
3705 1880 3962 1946 ἐσφραγι-

2389 1970 2616 2039 σμένης,
2649 1972 2740 2021 ἐπὶ
2771 1970 2998 2032 πολλοὺς
3044 1973 3076 2040 ἡ
3119 1969 3398 2037 ὠφέλεια),
3442 1968 3576 2021 ἀλλὰ
3630 1968 3960 2037 βουλομένου

2390 2062 2591 2131 μᾶλλον
2623 2063 2718 2114 καὶ
2761 2062 2944 2124 ἄλλοις
3001 2063 3274 2132 σωτηρίας
3306 2063 3503 2124 αὐτοὺς
3532 2061 3787 2128 γενέσθαι
3829 2059 3962 2128 πρό-

2388 2169 2573 2220 φασιν,
2608 2155 2702 2205 καὶ
2734 2154 2967 2221 ἄφθονόν
2991 2173 3044 2206 τι
3073 2155 3164 2206 καὶ
3195 2154 3520 2222 κοινωφελές
3556 2151 3784 2220 ἀγαθὸν,
3813 2153 3963 2203 οἰκο-

2387 2247 2633 2314 νομεῖταί
2661 2263 2712 2298 τι
2738 2247 2976 2300 τοιοῦτον
3006 2248 3132 2318 περὶ
3163 2249 3357 2310 αὐτούς
3379 2263 3394 2278 ⁸

2462 2354 2567 2426 ll",
2593 2357 2935 2426 Προσάγουσί
2968 2373 3110 2418 τινες
3138 2355 3245 2407 τῶν
3265 2355 3358 2408 τοῦ
3379 2355 3650 2424 Λαζαρίου
3679 2351 3961 2418 ποιμένων

2386 2451 2456 2503 τὰ
2493 2450 2740 2519 πρόϐατά
2770 2466 2899 2502 ποτε
2942 2448 3018 2516 τῷ
3051 2449 3370 2518 χειμάρρῳ,
3418 2447 3512 2498 καὶ
3548 2445 3685 2516 πρὸς
3725 2444 3786 2496 τὸ
3822 2443 3965 2509 σπὴο

2387 2543 2538 2596 λαιον
2568 2542 2918 2602 ἐπιϐαλόντες
2966 2540 3028 2593 τδ
3074 2540 3313 2608 βλέμμα,
3351 2539 3550 2606 ὁρῶσιν
3597 2536 3794 2597 αὐτοὺς
3823 2536 3967 2604 ὑπὲρ

2389 2634 2669 2704 κεφαλῆς,
2706 2634 2801 2686 καὶ
2848 2633 2927 2702 τῷ
2973 2632 3153 2700 ἀθρόῳ
3201 2633 3291 2682 καὶ
3331 2631 3590 2699 ἀσυνήθει
3640 2628 3740 2697 τῆς
3789 2627 3969 2695 Mrem;

2389 2727 2866 2798 διαταραχθέντες,
2887 2725 2936 2776 οἱ
2959 2726 3057 2794 μὲν
3147 2723 3322 2776 ποδῶν
3349 2718 3496 2790 εἶχον
3518 2721 3679 2783 εὐθὺς
3707 2721 3970 2788 ἔφευγον,

2391 2818 2586 2869 ἐκεῖνοι
2618 2817 2674 2869 δὲ
2701 2818 2799 2885 τὴν
2825 2815 3028 2867 δειλίαν
3057 2813 3236 2866 αὐτῶν
3263 2812 3639 2882 ἐμμελέστατα
3667 2809 3975 2878 ἀφαιροῦν-

2390 2927 2503 2975 τες,
2535 2911 2797 2978 προσηνεῖ
2828 2908 2902 2970 ῶς
2930 2901 3072 2975 εἶχον
3096 2909 3162 2976 τῇ
3195 2908 3345 2973 φωνῇ
3384 2906 3477 2957 καὶ
3511 2904 3719 2973 ἡμέρῳ,
3751 2904 3847 2972 Μὴ
3879 2920 3976 2970 φο-

2393 3001 2596 3065 6εῑσοε,
2622 3001 2862 3067 ἀδελφοὶ,
2883 2999 3089 3064 ἔλεγον,
3125 2997 3201 3066 μὴ
3233 2995 3834 3063 φοϐεῖσθε.”Ανορωποι
3863 2994 3979 3063 γὰρ

2393 3095 2488 3146 καὶ
2519 3094 2675 3146 αὐτοὶ
2696 3102 2735 3156 °,
2762 3093 2810 3144 εί
2839 3091 2934 3144 καὶ
2961 3091 3046 3143 διὰ
3080 3090 3177 3150 τὰς
3213 3087 3486 3158 ἁμαρτίας
3510 3087 3682 3156 ἡμῶν,
3712 3086 3805 3137 τὸν
3829 3102 3977 3153 παρ-

719 3192 940 3250 propter
965 3191 1183 3251 peccata
1229 3191 1412 3234 nostra
1445 3192 1768 3250 pra-sentem
1823 3185 1998 3236 locum
2050 3185 2289 3240 habitare

2396 3186 2521 3237 όντα
2547 3185 2713 3237 τόπον
2757 3186 2926 3236 οἰκεῖν
2955 3182 3338 3252 προειλόμεθα.
3365 3181 3499 3233 Τότε
3527 3178 3656 3246 γοῦν
3687 3181 3735 3229 oi
3768 3178 3982 3246 ποιμέ-

718 3273 1120 3328 constituimus.
1143 3272 1297 3326 Tune
1326 3288 1454 3343 ergo
1480 3282 1720 3342 pastores
1747 3277 1860 3328 ausi
1892 3277 1956 3330 ad
1986 3291 2079 3329 eos
2101 3293 2291 3332 ascen-

719 3367 868 3427 dere,
895 3376 948 3420 et
982 3366 1208 3435 ingrcssi
1239 3365 1574 3435 speluncam,
1612 3383 1772 3434 quam
1811 3367 1910 3435 ipsi
1953 3369 2286 3434 incolebant,

720 3475 844 3512 eum
904 3459 1037 3512 nihil
1095 3459 1320 3513 omnino
1377 3458 1712 3513 invenissent
1764 3474 1950 3512 eorum
1999 3476 2117 3528 qua:
2165 3469 2294 3515 sunt

724 3552 877 3604 utilia
907 3551 1144 3619 corpori,
1182 3551 1384 3604 reversi
1414 3561 1539 3604 sunt
1569 3551 1723 3604 valde
1755 3551 2107 3614 admirantes,
2138 3554 2294 3606 suis-

721 3659 825 3713 que
850 3643 1056 3713 singula
1102 3650 1514 3696 enarravcrunt.
1551 3642 1753 3696 Deinde
1780 3657 1887 3695 non
1919 3652 2200 3696 cessarunt
2227 3643 2294 3698 de

723 3745 917 3788 extero
955 3734 1142 3788 incolae
1174 3734 1378 3788 Lazarii
1415 3735 1633 3789 eisesse
1656 3749 1837 3787 rerum
1869 3735 2292 3789 necessariarum

728 3825 988 3891 ministri;
1029 3825 1108 3878 sic
1145 3825 1252 3880 Deo
1295 3826 1397 3879 ista
1429 3826 1702 3895 sapienter
1752 3833 1807 3878 et
1857 3827 2155 3880 clementer
2183 3826 2292 3879 dis-

728 3923 1010 3985 pensante,
1048 3924 1106 3968 ut
1139 3926 1190 3968 et
1221 3915 1318 3984 ipsi
1349 3930 1410 3968 ea
1461 3915 1723 3968 haberent
1746 3915 1946 3984 quibus
1973 3916 2289 3985 indigebant

727 4009 793 4062 ad
830 4023 986 4061 usum
1016 4008 1277 4076 corporis,
1327 4018 1381 4062 et
1429 4007 1492 4062 iis
1522 4008 1612 4076 qui
1647 4022 1709 4061 ea
1757 4007 2147 4076 largiebantur,
2185 4023 2294 4060 rem

728 4101 883 4160 latice
931 4091 1367 4168 ’prrestantiorem
1405 4099 1711 4168 praeberent
1735 4124 1766 4162 ,-
1810 4097 2042 4150 salutem
2072 4097 2290 4149 animm.

801 4210 938 4266 XIV.
981 4210 1116 4264 Cum
1139 4219 1319 4262 autem
1347 4209 1413 4262 de
1443 4209 1509 4261 iis
1543 4223 1758 4277 quoque
1787 4208 2126 4277 qumsiisscnt
2159 4206 2295 4258 Pha-

730 4307 945 4365 ranitm,
1008 4313 1064 4356 et
1110 4302 1427 4355 didicissent
1472 4301 1561 4354 ubi
1606 4300 1932 4360 habitarent,
1986 4298 2199 4351 assidue
2231 4296 2297 4350 ad

731 4411 828 4450 eos
852 4395 1214 4448 ventitabant.
1249 4392 1326 4446 Ac
1369 4392 1602 4460 primum
1637 4392 1854 4459 quidem
1887 4391 1994 4444 duo
2025 4406 2087 4443 ex
2122 4390 2300 4443 fratri-

731 4488 835 4541 bus
865 4488 931 4540 ad
962 4501 1055 4540 eos
1084 4484 1329 4554 profecti,
1358 4483 1594 4537 Marinus
1625 4493 1678 4536 et
1712 4482 1905 4545 Lucas,
1938 4497 2044 4536 non
2073 4481 2302 4550 amplius

2395 3293 2484 3336 νες
2512 3277 2610 3344 τὴν
2635 3274 2710 3337 ὡς
2734 3275 2931 3336 αὐτοὺς
2961 3275 3339 3344 θαρρήσαντες
3376 3272 3582 3332 ἄνοδον,
3612 3270 3672 3320 τὸ
3699 3269 3982 3338 σπήλαιόν

2395 3384 2454 3418 τε
2487 3367 2816 3429 εἰσελθόντες
2847 3367 2980 3434 ὅπερ
3014 3365 3189 3434 ᾤκουν
3220 3364 3393 3426 αὐτοὶ,
3449 3364 3542 3415 καὶ
3603 3362 3774 3430 μηδὲν
3842 3361 3988 3428 1.11:5-

2395 3459 2532 3522 όλως
2554 3458 2662 3511 τῶν
2691 3457 2978 3528 χρησίμων
3005 3456 3082 3526 τῷ
3111 3455 3322 3525 σώματι
3353 3455 3664 3525 εὑρηκότες,
3697 3454 3988 3522 ὑπέστρε-

2397 3551 2498 3618 φόν
2522 3567 2579 3601 τε
2621 3549 2825 3617 σφόδρα
2866 3546 3235 3616 θαυμάζοντες
3259 3585 3274 3610 ,
3309 3547 3402 3598 καὶ
3432 3547 3542 3607 τοῖς
3577 3543 3725 3605 ἰδίοις
3760 3543 3991 3596 ἕκαστα

2398 3643 2708 3709 διεσάφουν.
2747 3637 2878 3694 Εἶτα
2904 3640 2964 3692 τὸ
2997 3639 3124 3708 ἑξῆς
3147 3681 3161 3702 ,
3193 3640 3253 3691 οὐ
3299 3638 3538 3690 διέλιπον
3572 3637 3621 3688 οἱ
3649 3635 3743 3688 τοῦ
3784 3637 3991 3698 Λαζα-

2401 3735 2516 3806 ρίου
2576 3733 2811 3786 διάκονοι
2877 3732 2984 3785 τῶν
3032 3732 3348 3799 ἀναγκαίων
3419 3730 3603 3790 αὐτοῖς
3657 3728 3993 3795 γινόμενοι·

2400 3826 2540 3879 οὕτω
2569 3825 2661 3878 τοῦ
2694 3825 2829 3877 Θεοῦ
2855 3825 3025 3876 ταῦτα
3055 3823 3234 3892 σοφῶς
3266 3825 3358 3875 καὶ
3395 3820 3801 3890 φιλανθρώπως
3833 3821 3999 3871 οίκο-

2401 3914 2711 3985 νομοῦντος,
2740 3916 2827 3968 ἵνα
2851 3915 2943 3967 καὶ
2974 3914 3130 3966 αὐτοὶ
3156 3906 3230 3965 ὧν
3256 3912 3467 3964 ἐδέοντο
3500 3913 3630 3980 πρῦς
3660 3911 3862 3977 χρείαν
3890 3911 4001 3962 τοῦ

2403 4007 2678 4077 σώματος,
2709 4006 2894 4076 ἔχωσι,
2947 4006 3039 4058 καὶ
3089 4007 3202 4066 τοῖς
3235 4004 3441 4055 τούτων
3494 4000 3873 4070 μεταδιδοῦσι,
3933 4003 4006 4054 τὸ

2403 4099 2582 4170 πολλῷ
2615 4101 2880 4169 κρεῖττον,
2915 4096 3190 4166 σωτηρίαν
3215 4095 3391 4164 ψυχῆς
3419 4093 3721 4162 παρέχωσι.

2475 4207 2566 4260 1Δ⁹.
2601 4209 2944 4276 Ζητὴσαντες
2973 4204 3029 4256 δέ
3062 4202 3189 4274 περὶ
3227 4200 3406 4254 αὐτῶν
3437 4201 3529 4251 καὶ
3565 4199 3612 4250 οί
3645 4198 3740 4266 τῆς
3770 4199 4010 4265 ψαρᾶν,

2407 4299 2498 4350 καὶ
2534 4297 2791 4366 μαθόντες
2841 4296 2974 4347 ὅπου
3006 4291 3262 4359 διάγοιεν.
3320 4288 3555 4356 συνεχῶς
3609 4285 3739 4354 παρ’
3782 4287 4014 4347 αὐτοὺς

2405 4389 2657 4456 ἐφοίτων.
2689 4388 2799 4441 Καὶ
2828 4385 3016 4456 πρῶτα
3050 4384 3147 4452 μὲν
3178 4382 3270 4433 δύο
3314 4380 3422 4432 τῶν
3472 4377 3715 4444 ἀδελφῶν
3773 4377 4018 4440 αὐτοῖς,

2407 4479 2648 4548 Μαρίνός
2671 4493 2729 4529 τε
2764 4478 2854 4529 καὶ
2884 4475 3096 4536 Λουκᾶς
3123 4511 3136 4534 ,
3180 4469 3589 4540 προσελθόντες.
3626 4466 4024 4534 ὑποστροφῖῖς

733 4578 932 4633 reverti
979 4579 1298 4640 voluerunt;
1340 4574 1436 4628 sed
1489 4589 1519 4627 a
1569 4573 1749 4627 verbis
1799 4587 1987 4626 eorum
2020 4582 2072 4626 et
2101 4572 2289 4625 virtute

2412 4544 2570 4624 πάλιν
2610 4568 2863 4636 οὐδεμιᾶς
2912 4565 3281 4636 ἐμνήσθησαν.
3327 4561 3467 4614 Ἀλλ’
3527 4557 3632 4610 ὑπὸ
3661 4557 3773 4609 τῶν
3811 4558 4028 4625 λόγων

735 4672 899 4740 capti,
935 4680 1193 4738 tanquam
1240 4683 1268 4722 a
1313 4668 1634 4737 quibusdam
1680 4681 1789 4720 non
1823 4665 2106 4718 fallacibus
2149 4665 2299 4718 Sire-

737 4763 931 4825 nibus,
973 4777 1030 4815 se
1066 4763 1200 4830 ipsis
1247 4761 1469 4814 tradunt
1516 4759 1661 4813 velut
1700 4759 1945 4828 patribus
1991 4765 2046 4812 et
2094 4757 2304 4810 anima-

739 4868 855 4905 rum
884 4851 1244 4905 curatoribus.
1276 4851 1424 4913 Quos
1452 4848 1660 4916 supinis
1688 4847 1936 4900 manibus
1959 4860 2187 4916 magnus
2210 4860 2305 4899 ex-

741 4944 948 5010 cipiens
999 4941 1343 5012 Euthymius,
1393 4941 1445 4992 in
1497 4939 1643 4994 omni
1684 4939 1865 4993 erudit
1892 4939 2140 4991 asceticaa
2180 4937 2303 4991 vitae

743 5035 1052 5104 disciplina;
1088 5035 1222 5087 adeo
1246 5033 1520 5102 praeclare,
1559 5041 1616 5085 ut
1645 5031 1810 5085 iidem
1844 5028 2153 5084 consecutis
2183 5035 2304 5098 post

2410 4661 2587 4715 αὐτῶν
2633 4661 2726 4713 καὶ
2759 4659 2859 4727 τῆς
2900 4656 3136 4727 ἀρετῆς,
3168 4655 3355 4722 ὥσπερ
3405 4651 3509 4703 ὑπό
3540 4667 3702 4702 τινων
3731 4648 4029 4714 ὰψευδῶν

2412 4754 2677 4824 σειρήνων
2715 4750 2958 4811 ἁλόντες,
3008 4747 3082 4809 ὼς
3118 4745 3392 4815 πατράσιν
3421 4742 3605 4802 αὐτοῖς
3646 4740 3739 4791 καὶ
3799 4740 4032 4810 ψυχῶν

2410 4845 2792 4915 ἐπιμεληταῖς·
2813 4839 3037 4902 ἑαυτοὺς
3091 4836 3490 4906 ἐγχειρίζουσιν
3511 4849 3524 4862 ·
3553 4830 3646 4893 οὓς
3671 4829 3768 4882 καὶ
3801 4834 4032 4900 χερσὶν

2413 4939 2440 4990 ὁ
2465 4938 2638 5007 μέγας
2664 4933 2934 5003 Εὑθύμιος
2961 4929 3181 4991 ὑπτίαις
3209 4924 3628 4992 ὑποδεξάμενος,
3661 4922 3862 4973 πᾶσαν
3921 4927 4040 4975 ἐκ-

2416 5027 2657 5081 παιδεύει
2703 5025 2975 5079 πολιτείαν
3024 5021 3357 5089 ἀσκητικήν·
3396 5017 3538 5070 οὓτω
3588 5014 3801 5078 καλῶς,
3860 5015 4044 5070 ὥστε

1990 5202 2220 5260 VARUE
2252 5200 2654 5258 LECTIONES.

812 5406 844 5425 "'
881 5397 949 5448 al.
986 5393 1229 5464 κρημνὸν
1265 5393 1358 5445 καὶ
1393 5390 1547 5462 βαθύ.
1621 5397 1650 5425 ¹³
1687 5387 1928 5460 intelligo
1958 5387 2147 5456 ἁγίων.

2226 5396 2245 5414 °
2274 5386 2343 5440 al.
2381 5386 2564 5454 ἡμεῖς.

1954 5568 2144 5625 JOAN.
2184 5565 2522 5623 BOLLANDI
2563 5564 2793 5620 NOTA'J.

822 5737 1024 5806 (20.21)
1059 5731 1310 5806 lleiuiuir
1336 5728 1490 5798 hujus
1516 5727 1723 5782 Lazarii
1777 5725 2041 5782 Palladius
2090 5727 2139 5779 iu
2189 5723 2417 5780 llistoria
2480 5721 2738 5778 [.ausiaca
2770 5736 2885 5790 cap.
2957 5718 3073 5772 l05.
3111 5716 3404 5772 Lazariotm
3437 5711 3623 5767 incolae
3647 5711 3774 5780 ejus
3806 5714 4020 5774 όίςιηι
4049 5753 4074 5762 -

758 5799 838 5861 mi
864 5799 1176 5862 inlra'num.
1217 5799 1336 5852 152.
