4104 6486
117 421 225 486 609

1389 419 1570 479 νιΤΑ
1609 418 1672 479 S.
1713 418 2122 483 EUTHYMII.

3293 431 3398 495 610

114 534 211 585 καὶ
238 532 461 601 χρὸνοις
494 528 723 599 ὕστερον
750 526 801 579 oi.
826 526 983 580 αὐτοὶ
1008 525 1113 580 κάν
1154 528 1268 591 τοῖς
1303 528 1435 599 περὶ
1463 528 1564 599 τὴν
1594 528 1674 582 κώ

1806 537 2232 605 temporibus,in
2249 538 2382 593 locis
2400 554 2521 608 quae
2540 548 2669 594 sunt
2686 541 2829 596 circa
2845 541 3023 596 vicum
3044 544 3251 614 Metopa
3279 552 3393 619 (‘22)

116 643 227 695 μην
288 622 540 677 Matrona
588 620 893 690 διέλαμψαν
930 621 1145 683 τόποις,
1215 621 1312 674 καὶ
1359 622 1703 693 μοναστήρια

112 716 544 786 συνεστήσαντο,
588 715 683 767 καὶ
740 713 1024 765 Θεοδόσιον
1049 715 1257 766 ἐκεῖνον
1288 713 1381 766 τὸν
1414 714 1607 783 μέγαν,
1642 713 1703 777 ὃς

108 809 219 862 τῶν
250 812 399 862 κατὰ
421 807 522 878 τὴν
555 808 763 878 ἔρημον
798 806 1111 876 ἐξηγήσατο
1154 805 1459 870 κοινοὸίων,
1492 809 1570 870 εἰς
1605 824 1701 877 μο⁴

109 901 347 970 ναχικὴν
413 900 734 969 προήγαγον
776 898 1120 967 τελειότητα.
1169 899 1455 968 Πανταιχοῦ
1503 899 1558 952 δὲ
1600 900 1701 971 τῆς

106 994 367 1061 τοιαύτης
413 992 691 1062 Εὑθυμίου
738 993 926 1062 φήμης
970 994 1030 1046 ὲν
1074 991 1242 1061 ὀλίγῳ
1288 992 1694 1064 διαϐαινούσης,

106 1086 296 1137 πολλοὶ
333 1085 475 1155 πρὸς
506 1084 673 1138 αὑτὸν
716 1083 905 1156 ὥσπερ
957 1086 1062 1137 ὑπό
1094 1101 1243 1150 τινος
1289 1086 1465 1156 ὀσμῆς
1520 1086 1695 1156 μύρου

103 1178 469 1247 κεκινημένοι
516 1177 641 1229 καθ’
693 1178 933 1249 ἑκάστην
978 1180 1294 1250 συνέρρεον,
1350 1181 1446 1234 καὶ
1489 1181 1695 1233 τούτων

101 1268 332 1331 ἕκαστος
374 1270 529 1337 αὐτῷ
557 1274 829 1322 συνοικεῖν
863 1270 1057 1333 ἐδεῖτο,
1118 1273 1214 1325 καὶ
1260 1272 1352 1324 ὑπ’
1387 1272 1535 1341 αὐτῷ
1562 1274 1694 1325 καυ-

98 1362 337 1429 ηγεμόνι
385 1361 509 1430 ζῇν,
570 1362 666 1414 καὶ
720 1361 1083 1432 ρυθμίζεσοαι
1130 1367 1228 1435 τὴν
1252 1367 1455 1437 ψυχὴν,
1488 1368 1583 1418 καὶ
1626 1368 1692 1419 τὰ

100 1454 466 1520 πνευματικὰ
498 1452 948 1508 ἐκπαιδεύεσθαι.
997 1455 1139 1508 Ἀλλ’
1188 1458 1397 1521 ἐκεῖνος
1430 1459 1689 1529 ἀκέραιον

96 1560 149 1595 τε
174 1557 271 1596 και
302 1546 552 1613 ἄκρατον
604 1546 666 1599 τὸ
708 1548 806 1617 τῆς
841 1551 1072 1619 ἡσυχίας
1108 1550 1255 1621 ἔχειν
1295 1553 1462 1605 καλὸν
1509 1552 1689 1623 βουλό-

98 1653 283 1704 μενος,
304 1641 493 1691 πᾶσαν
520 1636 599 1708 τῷ
628 1640 911 1710 μακαρίτῃ
934 1642 1240 1713 Θεοκτίστῳ
1256 1643 1356 1712 τὴν
1379 1643 1485 1697 τῶν
1518 1661 1687 1714 προσ-

98 1730 285 1779 ιόντων
346 1729 673 1797 ἐπιμέλειαν
740 1733 1009 1785 ἀνετίθει·
1056 1735 1152 1785 καὶ
1208 1734 1287 1798 ὃς,
1350 1736 1686 1807 παρακούειν

91 1821 307 1871 ἐκείνου
357 1822 631 1891 μηδέποτε
675 1825 859 1891 γνοὺς,
892 1827 1198 1895 ἀναιρεῖται
1231 1829 1327 1895 μὲν
1355 1830 1556 1882 αὐτίκα
1585 1831 1684 1900 τὴν

90 1911 340 1979 ἐντολὴν,
385 1914 566 1966 πάντα
606 1913 663 1966 δὲ
701 1917 841 1968 κατὰ
899 1915 1127 1987 γνώμην
1175 1917 1454 1989 Εὐθυμίου
1504 1921 1680 1973 διατι·
1719 1906 1757 1958 Β

91 2000 201 2064 uel;
230 1999 327 2073 ἦν.

151 2136 263 2188 ιε’.
294 2138 535 2190 Ἔπειτα
570 2140 757 2208 μέντοι
786 2143 882 2196 καὶ
930 2144 1059 2213 περὶ
1091 2142 1182 2195 τὸν
1226 2142 1320 2196 τοῦ
1350 2143 1516 2198 τόπου
1552 2162 1613 2198 συ
1629 2166 1677 2197 ι-

84 2230 345 2297 οικισμὸν
410 2231 781 2299 ἠσχολοῦντο,
829 2234 926 2286 καὶ
984 2234 1359 2303 συστήσασθαι
1420 2240 1567 2307 παρὰ
1602 2238 1678 2308 τῷ

86 2322 350 2390 σπηλαίῳ
383 2322 594 2392 λαύραν
615 2319 758 2377 κατὰ
776 2325 867 2378 τὸν
880 2325 1052 2378 τύπον
1066 2336 1093 2376 ι’
1112 2327 1299 2396 Φαρὰν
1325 2330 1674 2383 ἐσκέπτοντο.

95 2412 241 2464 Ἀλλ’
286 2416 322 2484 ἠ
376 2416 577 2468 ἐνοῦσα
604 2417 685 2486 τῷ
725 2417 875 2487 τόπῳ
906 2420 1207 2489 τραχύτης,
1252 2421 1349 2473 καὶ
1382 2423 1442 2473 τὸ
1477 2424 1674 2492 μικροῦ

85 2507 171 2557 καὶ
184 2506 405 2561 ἇόατον
432 2510 601 2561 αὑτὸν
627 2506 791 2574 εἶναι,
813 2513 1080 2580 συστῆσαι
1116 2513 1216 2581 μέν
1236 2530 1357 2565 τινα
1387 2515 1518 2584 περὶ
1546 2517 1676 2567 αὐτὸ

83 2598 291 2669 λαύραν
350 2602 456 2653 οὐκ
503 2602 621 2653 εἴαο
678 2604 816 2672 πρὸς
872 2605 1006 2675 αὐτῇ
1059 2605 1116 2659 δὲ
1167 2609 1233 2676 τῇ
1288 2606 1382 2659 τοῦ
1425 2608 1672 2677 κρημνοῦ

86 2692 419 2760 προσϐάσει,
462 2696 733 2747 κοινόὃιον
758 2696 1107 2766 οἰκοδομοῦσι
1141 2702 1248 2761 τοῖς
1280 2699 1549 2768 ἀδελφοῖς,
1580 2704 1675 2753 καὶ

80 2782 138 2833 τὸ
164 2783 449 2854 σπήλαιον
484 2786 701 2849 ἑαυτοῖς
742 2789 823 2851 είς
866 2789 1194 2859 Ἐκκλησίαν
1224 2793 1671 2858 μετασκευάζον-

82 2889 163 2925 σιν
182 2884 214 2924 1
233 2891 251 2901 ·
277 2869 324 2940 ᾧ
354 2880 452 2929 καὶ
486 2879 871 2949 προσεδρεύων
919 2881 1005 2949 ἐφ’
1028 2884 1261 2952 ἡσυχίας
1281 2883 1323 2935 ’ὸ
1353 2885 1529 2951 μέγας
1576 2886 1673 2937 Εὐ-

82 2967 294 3035 ιύμιος,
325 2969 524 3037 ψυχῶν
572 2966 643 3041 ἦν
688 2972 1050 3042 ἐπιμελητὴς,
1100 2976 1193 3028 καὶ
1242 2970 1316 3029 ὧν
1341 2978 1549 3030 ἐκεῖναι
1584 2979 1671 3029 δέ-

81 3078 264 3128 χονται
288 3062 527 3131 πληγῶν
549 3065 655 3117 ὑπὸ
677 3050 777 3135 τῆς
808 3067 1028 3133 κακίας,
1057 3072 1151 3120 καὶ
1181 3069 1270 3136 ὑφ’
1301 3064 1375 3122 ῶν
1407 3062 1670 3135 πολλάκις

80 3157 419 3221 τραυμάτων
452 3156 640 3219 κακῶς
680 3160 1001 3229 πάσχουσιν,
1029 3161 1213 3232 ἰατρὸς
1246 3164 1664 3234 ἐμπειρότατος.

1807 627 2124 691 claruerint.
2156 643 2210 685 et
2266 636 2597 689 monasteria
2636 642 3064 705 construxerint,
3111 661 3394 717 maguum-

1805 739 1911 792 que
1935 725 2086 778 il‘lum
2108 724 2477 783 Theodosium
2512 731 2645 799 (Q3),
2674 736 2763 802 qui
2802 735 2902 789 fuit
2927 739 3182 810 princeps
3207 754 3262 798 et
3293 764 3391 800 au-

1804 822 1923 867 ctor
1942 817 2316 871 cmnohiorum
2335 822 2525 886 eremi,
2554 826 2622 877 ad
2653 829 3007 883 monasticam
3033 837 3391 901 perduxerint

1803 908 2221 977 perfectionem.
2293 911 2428 967 Cum
2485 927 2667 972 autem
2735 920 2850 975 lucc
2908 923 3050 981 fama
3112 928 3385 1003 Euthymii

1802 1000 1955 1056 brevi
1993 1013 2237 1072 tempore
2280 1007 2479 1077 ubique
2515 1014 2857 1079 pervaderet,
2888 1020 3040 1072 multi
3089 1026 3152 1075 ad
3182 1000 3382 1093 ipsum,

1803 1096 2057 1158 tanquam
2086 1093 2153 1145 ab
2203 1094 2385 1164 aliquo
2427 1104 2684 1156 comnmti
2723 1111 2983 1177 unguenti
3024 1114 3211 1179 odore,
3244 1136 3381 1186 quo-

1803 1181 1931 1235 tidie
1970 1184 2348 1253 conﬂuebant;
2382 1199 2435 1242 et
2462 1196 2682 1263 rogabat
2726 1204 3101 1273 unusquisque
3143 1181 3381 1279 illorum,

1801 1282 1855 1326 ut
1885 1290 2007 1328 cum
2034 1278 2148 1345 ipso
2166 1278 2409 1335 habitare
2438 1286 2535 1339 sibi
2566 1286 2771 1351 liceret,
2797 1296 2897 1347 sub
2921 1312 2985 1348 co
3013 1298 3149 1355 duce
3183 1304 3379 1373 \iicrc,

1796 1364 1973 1418 anima
2005 1369 2202 1438 elliugi.
2231 1373 2532 1439 spiritualia
2565 1380 2805 1437 edoceri.
2850 1385 2954 1440 Sed
2990 1389 3098 1455 ille,
3128 1396 3378 1453 obtinere

1795 1458 2021 1525 cupiens
2050 1461 2318 1531 integrum
2350 1482 2654 1536 purumque
2680 1477 2878 1540 quietis
2906 1478 3127 1545 bonum,
3160 1500 3377 1540 omnem

1792 1550 2196 1608 advenientium
2253 1574 2439 1612 curam
2502 1562 2659 1617 beato
2685 1570 2956 1625 commisit
3007 1574 3370 1633 Theoctisto:

1794 1640 1881 1695 hic
1930 1660 2080 1711 vero,
2114 1649 2204 1716 qui
2253 1651 2300 1702 ei
2350 1667 2631 1720 nunquam
2679 1663 2965 1716 recusabat
3001 1680 3212 1733 parere,
3249 1688 3375 1739 pro-

1792 1736 1938 1792 tinus
1983 1742 2205 1807 quidem
2264 1749 2576 1801 mandatum
2646 1755 2912 1822 suscipit;
2946 1774 3132 1813 verum
3177 1775 3372 1821 cuncta

1790 1827 2205 1885 administrabat
2232 1848 2293 1886 cx
2326 1838 2596 1892 sententia
2630 1840 2924 1912 Euthymii.

1854 2136 1968 2191 XV.
2013 2138 2216 2195 Deinde
2245 2153 2425 2199 autem
2457 2148 2507 2201 in
2539 2150 2657 2204 loco
2686 2168 2900 2224 quoque
2925 2159 2990 2213 ad
3013 2160 3367 2225 habitandum

1780 2235 2149 2289 construendo
2184 2242 2611 2308 occupabantur,
2654 2245 3035 2323 habebantque
3090 2257 3142 2311 in
3185 2262 3367 2319 animo

1779 2322 1846 2376 ad
1873 2324 2190 2393 speluncam
2224 2333 2561 2388 constituere
2602 2336 2831 2407 lauram,
2889 2349 3190 2403 secundum
3228 2352 3366 2424 {igu-

1780 2430 1894 2468 ram
1925 2417 2137 2472 Pharan
2170 2438 2181 2473 :
2220 2424 2315 2476 sed
2336 2439 2456 2492 quze
2507 2426 2622 2481 loco
2653 2431 2831 2486 inerat
2859 2440 3151 2505 asperitas,
3186 2417 3364 2511 quod-

1777 2522 1883 2574 que
1936 2520 2081 2564 esset
2149 2518 2542 2583 propemodum
2585 2519 2785 2586 invius,
2829 2541 2938 2579 non
2987 2532 3201 2588 sinebat
3256 2537 3364 2594 illic

1778 2600 1981 2654 lauram
2035 2606 2273 2660 condere
2302 2624 2314 2658 :
2345 2616 2397 2662 at
2430 2611 2481 2663 in
2516 2610 2632 2681 ipso
2661 2617 2947 2686 prtecipitii
2990 2624 3139 2678 aditu
3180 2644 3364 2683 coeno-

1778 2691 1924 2744 bium
1993 2695 2265 2751 a‘diﬁcant
2314 2699 2576 2755 fratribus
2610 2746 2623 2767 ,
2681 2715 2735 2759 et
2782 2708 2882 2762 sibi
2940 2715 3257 2781 speluncam
3304 2721 3359 2775 in

1775 2788 2060 2842 ecclesiam
2105 2803 2514 2849 transmutant:
2576 2801 2665 2854 ubi
2705 2803 2758 2855 in
2793 2806 2975 2873 quiete
3016 2826 3078 2863 ac
3139 2814 3358 2869 silentio

1777 2892 2001 2947 magnus
2036 2882 2285 2937 assidens
2322 2885 2669 2958 Euthymius,
2726 2906 2844 2949 erat
2881 2909 3103 2953 curator
3144 2878 3357 2957 anima-

1775 2986 1915 3033 rum,
1959 2988 2170 3029 necnon
2202 2976 2481 3048 plagarum
2515 2998 2648 3050 quas
2675 2985 2776 3040 illa:
2816 3004 2845 3042 a
2879 2990 3021 3044 vitiis
3055 2996 3353 3064 accipiunt,

1772 3078 1800 3115 a
1821 3064 2019 3132 quibus
2060 3068 2374 3125 vulneribus
2407 3089 2549 3142 smpe
2576 3078 2715 3131 male
2735 3078 3062 3148 afﬁciuntur,
3113 3090 3357 3144 medicus

1772 3158 2152 3224 peritissimus.
2206 3162 2459 3227 Quotidie
2495 3168 2639 3221 enim
2695 3172 2763 3224 ad
2797 3188 2921 3227 eum
2967 3179 3356 3234 accedentibus

84 3247 432 3314 Ιιροσιόντων
469 3250 581 3320 γὰρ
609 3251 762 3322 αὐτῷ
800 3253 924 3306 καθ’
955 3255 1197 3324 ἑκάστην
1239 3255 1348 3307 τῶν
1394 3258 1662 3324 ἀδελφῶν,

1778 3247 2046 3322 fratribus,
2095 3267 2202 3308 nec
2249 3260 2567 3314 verentibus
2607 3263 2654 3315 ei
2703 3267 2915 3332 aperire
2973 3271 3349 3339 cogitationes,

81 3338 168 3387 nl
210 3341 348 3402 τοὺς
408 3340 708 3412 λογισμοὺς
752 3345 1016 3415 οὐμενοῦν
1058 3347 1465 3401 ἀνακαλύπτειν
1520 3349 1667 3417 αὐτῷ

79 3428 579 3501 ὂιευλαϐουμένων,
642 3437 703 3487 τὺ
749 3438 1086 3507 κατάλληλον
1138 3440 1355 3508 ἑκάστῳ
1396 3441 1530 3511 πρὸς
1568 3442 1665 3512 τὴν

80 3523 165 3574 τοῦ
185 3526 371 3577 κακοῦ
418 3526 720 3595 Θεραπείαν
759 3531 930 3584 ἐδίδου
978 3532 1293 3601 φάρμακον,
1320 3532 1356 3585 ἃ
1380 3535 1545 3604 πείρᾳ
1574 3538 1665 3588 καὶ

80 3614 291 3667 σνδνὲσει
320 3618 428 3670 καὶ
449 3618 617 3688 πολλῇ
648 3620 937 3691 διακρίσει,
967 3628 1097 3693 παρ’
1117 3623 1296 3693 ἑαυτῷ
1316 3626 1661 3691 συνελέξατοο

77 3707 143 3767 ὡς
176 3710 390 3779 μικροῦ
446 3712 542 3763 καὶ
578 3712 666 3763 ἐπ’
694 3713 844 3784 αὐτῷ
895 3715 1237 3785 πληροῦσθαι
1287 3716 1347 3769 τὸ
1392 3718 1485 3770 τοῦ
1515 3719 1661 3772 Θείου

87 3799 383 3870 Ἱερεμίου,
435 3803 519 3855 ὅτι
561 3808 945 3875 Δοκιμαστὴν
973 3808 1207 3861 δέδωκά
1236 3822 1311 3861 σε
1341 3808 1447 3861 τοῦ
1501 3812 1657 3864 λαοῦ

72 3908 205 3955 μου,
253 3894 363 3946 ia!
404 3894 615 3963 γνώσῃ
659 3898 729 3949 ἐν
756 3898 836 3962 τῷ
882 3898 1218 3966 δοκιμάζειν
1250 3916 1324 3952 σε
1367 3898 1484 3966 the
1520 3901 1662 3956 ὁδὸν

78 3982 297 4036 αὐτῶν.

138 4072 257 4140 n7.
310 4073 535 4143 ’Δμέλει
588 4077 683 4128 καὶ
728 4079 963 4148 παρῄνει
1028 4081 1310 4149 πατρικῶς
1372 4083 1655 4146 πολλάκις,

76 4168 158 4215 καὶ
188 4169 357 4235 χοι-,ᾗ
393 4167 533 4235 πρὸς
561 4169 759 4230 αὐτοὺς
792 4168 1087 4238 διελέγετο,
1135 4172 1209 4233 ὡς
1257 4174 1363 4241 ἄρα
1420 4174 1499 4226 δεῖ
1532 4176 1659 4237 τοὺς

70 4255 557 4322 ἁποτασσομένους
587 4256 687 4326 βίῳ
717 4260 812 4309 καὶ
838 4262 947 4319 τοῖς
980 4258 1109 4327 περὶ
1142 4258 1234 4309 τὸν
1252 4259 1387 4327 βίον,
1410 4262 1655 4329 ὑπακοῆς

73 4347 355 4415 πανταχοῦ
388 4347 701 4418 φροντίζειν
745 4350 842 4401 καὶ
870 4349 1391 4422 ταπεινοφροσύνης,
1442 4353 1535 4404 καὶ
1562 4353 1654 4405 τοῦ

75 4457 141 4507 μη
184 4440 268 4510 τῷ
311 4438 432 4509 Ξδίῳ
486 4444 720 4510 στοιχεῖν
768 4441 1066 4511 θελήματιο
1103 4442 1441 4512 καταθύμιόν
1474 4462 1533 4496 τε
1564 4447 1653 4497 ἀεὶ

76 4533 159 4583 τὸν
191 4533 441 4584 θάνατον
472 4532 615 4603 ἔχειν
640 4548 655 4563 ·
693 4533 789 4585 καὶ
822 4536 922 4605 τὴν
953 4536 1051 4601 μὲν
1084 4536 1305 4587 κόλασιν
1329 4537 1648 4601 δεδοικέναι,

1772 3340 2065 3410 unicuique
2092 3344 2255 3399 dabat
2294 3352 2627 3406 conveniens
2664 3357 2907 3410 sanando
2939 3360 3079 3412 malo
3112 3363 3350 3416 medica-

1770 3444 2013 3487 mentum
2041 3454 2054 3500 ;
2098 3453 2218 3506 quae
2246 3440 2465 3507 quidem
2490 3446 2853 3512 experientia,
2892 3451 3179 3517 prudentia
3208 3454 3347 3506 mul-

1769 3533 1931 3591 toque
1964 3527 2168 3593 iudicio
2220 3532 2363 3597 apud
2420 3548 2477 3586 se
2522 3535 2815 3604 collegerat
2844 3556 2856 3601 ;
2891 3538 3025 3593 adeo
3058 3552 3115 3595 ut
3148 3542 3200 3595 in
3232 3543 3349 3612 ipso

1766 3621 2159 3686 propemodum
2196 3622 2515 3692 impleretur
2538 3628 2669 3682 illud
2702 3630 2867 3683 divini
2892 3630 3142 3688 Ieremia:
3174 3652 3186 3686 :
3215 3635 3347 3689 Pro-

1765 3708 1997 3763 batorcm
2044 3714 2164 3767 dedi
2201 3724 2249 3769 te
2278 3721 2455 3785 populi
2482 3721 2600 3783 mei,
2632 3730 2679 3773 et
2708 3722 2838 3774 scies
2888 3723 2940 3775 in
2976 3723 3244 3792 probando
3300 3737 3348 3781 le

1764 3804 1904 3857 viam
1945 3822 2125 3859 eorum
2163 3808 2201 3861 ‘.

1830 4065 1970 4120 XVI.
2005 4067 2160 4138 Stepe
2190 4071 2371 4140 itaque
2424 4074 2588 4128 etiam
2638 4078 2967 4135 admonebat
3000 4095 3245 4151 paterne,
3288 4097 3342 4142 et

1760 4162 2122 4215 communiter
2161 4164 2230 4217 ad
2289 4165 2408 4218 illos
2451 4168 2754 4224 orationem
2810 4174 3046 4228 habebat
3086 4216 3101 4238 ,
3152 4178 3341 4232 dicens

1758 4268 2009 4325 Oportere
2053 4274 2146 4311 eos
2178 4261 2269 4328 qui
2318 4254 2443 4317 huic
2507 4265 2627 4319 vita:
2685 4264 2958 4337 rebusque
3008 4274 3190 4325 saeculi
3253 4289 3340 4329 rc-

1758 4348 2044 4412 nuniant,
2089 4351 2289 4419 ubique
2329 4368 2513 4407 curam
2548 4372 2734 4426 gerere
2758 4359 3103 4420 ohedicutim.
3128 4371 3182 4415 et
3232 4363 3337 4417 hu-

1756 4437 2019 4503 militatis,
2053 4455 2114 4494 ac
2145 4456 2212 4495 ne
2263 4446 2537 4512 propriam
2589 4459 2887 4516 sequantur
2950 4451 3280 4506 voluntatem
3319 4472 3333 4519 ;

1754 4528 1943 4581 adhuc
1974 4530 2026 4581 in
2060 4531 2199 4583 votis
2236 4547 2452 4601 semper
2495 4534 2695 4588 habere
2736 4548 2967 4591 mortem
2995 4557 3008 4603 ;
3035 4549 3089 4592 et
3123 4542 3335 4610 suppli-

70 4624 159 4689 τῆς
190 4623 486 4691 βασιλείας
532 4624 590 4677 δὲ
618 4625 728 4678 τῶν
770 4626 1016 4695 οὐρανῶν
1061 4628 1343 4692 ὲφίεσθαι’
1392 4631 1567 4682 πάντα
1593 4648 1649 4683 τε

1778 4616 1898 4669 :iunt
1930 4618 2147 4687 quidem
2194 4621 2634 4689 perhorrescere,
2664 4642 2891 4697 regnum
2931 4640 3111 4684 autem
3168 4632 3333 4686 caelo-

72 4716 153 4764 τὴν
194 4717 401 4785 χρόνον
432 4714 618 4778 πόνοις
662 4717 857 4769 ἑαυτὸν
889 4718 1175 4783 ἐκδιδόναι,
1203 4722 1295 4772 καὶ
1330 4722 1528 4790 χειρῶν
1557 4724 1648 4774 τέ-

72 4816 164 4871 χνη
199 4804 300 4853 καὶ
343 4803 585 4871 ἐργασία
606 4820 621 4833 ’
653 4807 749 4857 καὶ
782 4805 1014 4873 μάλιστά
1042 4824 1105 4873 γε
1150 4809 1200 4859 εἰ
1224 4808 1343 4870 νέος
1372 4811 1516 4861 ἐστὶν
1548 4805 1639 4864 οὗ·

68 4904 173 4951 τος,
204 4892 307 4943 καὶ
368 4895 471 4961 τὴν
526 4897 704 4964 ὁρμὴν
736 4896 840 4948 ὑπὸ
870 4898 968 4965 τῆς
1002 4898 1216 4965 ἡλικίας
1263 4902 1642 4971 κεκινημένος.

70 4979 190 5031 ἶῖὲτε
221 4986 340 5052 γὰρ
369 4986 481 5053 χρὴ
512 4986 649 5053 πρὸς
676 4988 745 5055 τῇ
774 4985 907 5056 ἄλλῃ
934 4988 1065 5058 περὶ
1087 4990 1251 5044 αὑτὸν
1283 4992 1519 5064 φυλακῇ.
1545 4996 1640 5047 καὶ

74 5072 225 5141 τιεί-,λῇ
260 5076 327 5124 τὸ
366 5074 531 5144 σῶμα
561 5077 909 5149 ταλαιπωρίᾳ
939 5085 1289 5146 καταπονείν,
1324 5083 1399 5146 ὼς
1441 5086 1507 5139 ἂν
1552 5088 1643 5138 εύ-

136 5233 150 5258 ¹
184 5232 397 5289 Jerem.
421 5249 501 5299 τι,
534 5233 624 5288 9.7.

1758 4737 1877 4775 ι-υηι
1922 4720 2272 4778 desiderare;
2333 4724 2494 4783 atque
2538 4718 2686 4771 omni
2743 4729 2985 4789 tempore
3036 4736 3095 4774 se
3133 4724 3333 4778 dedere

1756 4812 2053 4874 laboribus,
2106 4824 2471 4877 manuumque
2502 4809 2731 4862 artificio
2764 4821 2819 4864 et
2842 4812 3146 4879 operatioui
3178 4831 3193 4878 ;
3249 4814 3331 4866 id.

1753 4919 1858 4974 que
1920 4903 2151 4956 maxime
2198 4903 2240 4955 si
2286 4901 2330 4955 is
2361 4911 2444 4954 est
2473 4900 2690 4969 juvenis
2724 4945 2737 4968 ,
2797 4904 3021 4972 ejusque
3072 4905 3330 4973 appetitio

1753 5012 1851 5051 seu
1883 4998 2118 5065 impetus
2169 5003 2446 5049 moveatur
2476 4994 2544 5049 ab
2574 5003 2754 5048 atate.
2790 4994 2943 5049 Tunc
2967 4996 3112 5049 enim
3162 5012 3327 5064 opor-

1755 5095 1849 5154 tet,
1906 5097 2102 5158 prseter
2148 5088 2307 5142 aliam
2338 5088 2457 5157 eius
2486 5089 2810 5155 custodiam,
2862 5104 3060 5157 corpus
3111 5104 3326 5157 quoque

1368 5332 1597 5390 VARle
1653 5334 1943 5391 LECTION
1951 5336 2054 5392 ES.

100 5472 125 5512 Ρ
144 5465 215 5519 λι.
251 5465 445 5521 τόπον.
530 5476 561 5517 1
588 5468 1194 5533 δικατασκευάζουσιν.

1265 5639 1458 5696 JOAN.
1510 5640 1850 5697 BOLLANDI
1884 5642 2117 5709 NOTE,

136 5788 245 5862 (ἰέ)
275 5791 523 5847 Ortelius
548 5793 770 5860 conjicit
796 5798 939 5852 circa
974 5800 1228 5855 Arabiam
1272 5801 1410 5857 forte
1441 5804 1638 5859 alicubi

73 5870 197 5927 esse,
218 5878 323 5933 quo
362 5865 570 5920 frustra
614 5870 858 5937 coutugit
892 5885 1013 5925 cum
1069 5872 1121 5927 in
1166 5888 1349 5931 eremo
1397 5878 1632 5932 civitatis

1750 5818 1951 5861 sauch
1981 5808 2301 5874 manserint,
2326 5818 2380 5863 et
2407 5808 2698 5865 Jordanem
2742 5824 2849 5868 non
2874 5813 3208 5870 transierint.

1813 5880 1925 5949 (ὶὸ)
1955 5879 2171 5949 Egimus
2199 5879 2268 5938 de
2293 5894 2357 5935 eo
2389 5882 2443 5934 ll
2478 5880 2701 5936 Januar.
