4104 6486
138 392 207 458 ιιι
1364 392 1534 451 νιΤΑ
1580 394 1636 452 ὃ.
1685 392 1933 453 ΕῐΓΙἩὶ
1948 390 2089 450 ΜΙῙ.

3243 389 3349 453 618

138 503 415 565 πιστεύσας,
453 502 696 555 κάτεισιν
737 501 939 564 εὐθέως
975 503 1111 572 πρὸς
1163 502 1288 563 τοὺς
1319 495 1658 573 Βαρϐἀρους,

1777 502 1949 557 statim
1985 501 2270 556 descendit
2304 501 2371 554 ad
2420 501 2706 565 Barbaros,
2769 510 2824 555 et
2892 499 3209 555 ardentibus
3255 516 3352 568 pro

139 596 201 647 xci
221 592 655 662 ὑπρευξάμενος
684 589 901 661 θερμῶς
930 588 1026 643 τοῦ
1066 590 1271 653 παιδὸς,
1298 592 1391 643 καὶ
1423 591 1569 661 αὐτῷ
1588 593 1677 645 τὸν

136 682 199 735 τοῦ
222 680 450 747 σταυροῦ
475 680 645 731 τύπον
662 678 962 745 ἐπιϐαλὼν,
992 678 1054 731 οὺ
1078 678 1265 749 χρόνου
1289 679 1482 749 ἐδεήθη
1506 682 1673 745 τινὸς,

138 774 178 826 οὔ
204 773 431 834 πλείονος
461 771 559 840 τῆς
601 772 737 840 πρὸς
787 772 886 840 τήν
921 772 1084 842 εὐχὴν
1138 772 1512 842 προσεδρείας,
1554 774 1674 826 ἀλλ’

138 865 405 937 ἐῤῥωμένον
440 862 601 917 αὑτὸν
656 864 749 915 καὶ
803 862 936 929 ὑγιᾶ
981 861 1278 928 καθάπαξι
1342 866 1678 935 παραχρῆμα

138 956 409 1028 ἐργάζεται.

188 1045 292 1101 ΚΓ.
345 1046 725 1116 Καταπλήττει
764 1046 891 1109 τοὺς
949 1046 1267 1117 Βαρϐἀρους
1313 1048 1374 1100 τὸ
1428 1048 1671 1115 γεγονὸς,

137 1141 203 1193 καὶ
250 1141 442 1193 θᾶττον
482 1139 513 1207 ἧ
568 1141 597 1192 ὁ
644 1139 867 1208 πάσχων
889 1140 949 1191 τὸ
973 1139 1153 1209 σῶμα,
1184 1141 1279 1193 καὶ
1319 1142 1473 1193 αὐτοὶ
1504 1141 1671 1210 θερα-

140 1234 353 1286 πεύονται
392 1232 491 1295 τὰς
520 1232 731 1301 ψυχάς
784 1232 983 1301 μᾶλλον
1013 1232 1071 1285 δὲ
1107 1234 1301 1296 κοινῶς
1338 1233 1523 1286 ἰῶνται
1576 1233 1676 1303 τὴν

136 1328 206 1395 τῆς
233 1326 403 1394 ψυχῆς
439 1326 606 1389 ἰασιν,
664 1324 759 1376 καὶ
817 1326 1000 1377 πιστοὶ
1065 1326 1381 1395 παραυτίκα
1411 1325 1671 1393 γίνονται.

140 1422 204 1471 Διὸ
226 1418 308 1471 καὶ
342 1421 571 1488 πρηνεῖς
601 1419 688 1469 ἐπ’
713 1418 945 1486 ὲδάςρους
969 1420 1198 1481 ἑαυτοὺς
1229 1419 1504 1488 ῥίψαντες,
1532 1419 1675 1471 δέον-

138 1532 201 1564 ται
230 1512 315 1579 τῆς
340 1511 503 1579 ἁγίας
536 1512 756 1581 ἐκείνης
789 1510 990 1581 ψυχῆς,
1026 1512 1167 1563 ὥστε
1195 1514 1261 1582 τῇ
1310 1512 1403 1564 τοῦ
1435 1510 1673 1581 Χριστοῦ

142 1602 350 1668 σφραγῖδι
385 1600 782 1670 σημειωθῆναι,
819 1602 909 1651 καὶ
941 1600 1035 1652 τοῦ
1059 1601 1169 1654 τῶν
1202 1601 1545 1669 Χριστιανῶν
1576 1602 1673 1669 μέ-

141 1710 233 1760 ρῡυς
254 1692 543 1761 ἀξιωθῆναι
577 1693 670 1746 καὶ
716 1692 809 1745 τοῦ
833 1693 1116 1761 ὀνόματος.

193 1785 294 1834 KA'.
328 1784 555 1845 Πάντως
595 1783 651 1834 δὲ
683 1784 781 1835 οὐκ
822 1779 891 1853 ἦν
926 1784 1116 1853 ἀνδρὸς
1163 1782 1411 1851 φιλοθέου
1445 1782 1504 1835 τὸ
1544 1782 1671 1851 μὲλ-

139 1879 221 1929 ὶειν
242 1878 290 1927 ὲν
316 1879 430 1938 τοῖς
458 1875 740 1938 τοιούτοις.
780 1875 991 1927 Οὐκοῦν
1029 1875 1151 1927 οὐδὲ
1188 1875 1446 1945 Εὐθυμίῳ
1476 1875 1538 1926 τὸ
1567 1891 1670 1926 πα·-
1700 1856 1745 1913 Β

142 1972 282 2035 pinv
306 1968 563 2038 μέλλησις
596 1964 681 2036 ἦν.
725 1967 860 2021 Ἀλλ’
887 1967 1009 2019 ἰδὼν
1033 1967 1228 2029 αὐτοὺς
1253 1966 1448 2036 καρδία
1475 1966 1671 2034 μᾶλλον

138 2061 385 2129 ἧστόματι
413 2060 474 2112 τὸ
502 2060 644 2129 ἱερὸν
705 2060 988 2129 βάπτισμα
1044 2060 1415 2129 αἰτουμένους,
1464 2059 1671 2111 κελεύει

141 2151 321 2219 μακρὰν
355 2158 389 2178 ’⁸
422 2150 479 2201 ἐν
508 2167 614 2202 τινι
645 2150 738 2202 τοῦ
778 2150 1045 2220 σπηλαίου
1084 2150 1253 2219 γωνίᾳ
1288 2149 1672 2219 κολυμϐήθραν

141 2241 480 2310 rigatus-liquat
502 2258 515 2271 ·
547 2241 669 2309 ἥτις
701 2242 795 2293 καὶ
856 2244 934 2304 εἰς
963 2242 1082 2293 τόδε
1111 2241 1305 2311 χρόνου
1342 2242 1491 2311 μένει
1548 2260 1671 2295 συν-

139 2334 390 2402 ισταμένη·
428 2333 521 2401 καὶ
542 2335 641 2395 τὰς
676 2333 928 2401 συνήθεις
958 2333 1123 2401 εὐχᾶς
1160 2333 1420 2398 ἐπειπὼν,
1452 2336 1543 2387 καὶ
1573 2336 1671 2387 ὅσα

138 2424 262 2492 νόμος
286 2426 369 2477 ἐπ’
389 2426 581 2486 αὐτοῖς
600 2425 847 2489 τελέσας,
872 2425 1063 2494 πρῶτα
1094 2426 1193 2495 μὲν
1217 2426 1308 2479 τὸν
1341 2425 1671 2478 Ἀσπέϐετον

138 2515 368 2582 βαπτίζει,
395 2516 607 2586 Πέτρον
636 2518 1034 2586 μετονομάσας,
1061 2517 1187 2586 ἑξῆς
1216 2519 1271 2569 δὲ
1294 2519 1494 2587 Μάριν,
1522 2517 1670 2570 ἀδελ-

140 2609 212 2674 φὸν
236 2609 323 2677 τῆς
352 2609 617 2676 γυναικὸς
658 2608 989 2661 Ἀσπεϐἑτου
1012 2624 1024 2637 ⁸
1075 2610 1365 2675 ἐπιφανεῖς
1419 2610 1585 2679 ἄμφω
1612 2609 1673 2661 τὸ

135 2700 275 2761 γένος,
306 2701 524 2770 πλούτῳ
574 2717 633 2751 τε
668 2700 821 2769 βαθεῖ
856 2700 1169 2770 κομῶντας,
1210 2703 1305 2753 καὶ
1342 2703 1555 2754 συνέσει
1578 2703 1673 2755 καὶ

137 2794 267 2861 ἀρετῇ
294 2794 497 2862 μᾶλλον
526 2793 616 2845 τὸν
652 2792 885 2845 πλοῦτον
914 2792 1280 2862 κοσμοῦντας,
1325 2792 1357 2861 ἣ
1389 2794 1483 2845 καὶ
1512 2793 1674 2845 αὐτὸν

134 2884 201 2933 τὸν
240 2884 464 2937 πλοῦτον
494 2885 752 2937 ὑπόθεσιν
796 2886 993 2954 ἀρετῆς
1031 2886 1386 2955 ποιουμένους
1414 2903 1428 2914 ο
1482 2885 1672 2938 ἔπειτα

133 2974 173 3025 δὲ
197 2975 475 3045 Τερέϐωνα
512 2977 603 3028 καὶ
657 2976 770 3045 μετ’
808 2978 969 3030 αὑτὸν
1004 2978 1129 3039 τοὺς
1162 2976 1379 3039 λοιπούς
1400 2993 1413 3004 ’
1436 2976 1548 3039 οὓς
1574 2978 1671 3048 δή·

133 3081 209 3117 που
244 3069 330 3119 καὶ
356 3070 774 3138 τεσσαράκοντα
820 3073 946 3139 παρ’
989 3072 1171 3141 ἑαυτῷ
1224 3072 1508 3141 κατασχὼν
1536 3072 1672 3141 ήμέ-

1785 610 1954 663 pucro
1994 593 2127 647 fusis
2169 594 2439 660 precibus,
2495 592 2746 661 factaque
2793 607 2955 661 super
2985 592 3134 646 illum
3170 592 3350 645 crucis

1783 687 1967 756 ﬁgura,
2002 702 2107 740 non
2136 686 2313 754 aliquo
2329 701 2466 755 opus
2492 684 2680 738 habuit
2711 693 2971 753 tempore,
3008 698 3113 736 non
3145 684 3351 753 majore

1783 777 1834 830 in
1867 779 2071 832 orando
2103 777 2527 847 perseverantia,
2549 776 2642 830 sed
2679 790 2800 829 eum
2837 776 3104 829 valentem
3139 786 3194 830 et
3232 792 3353 831 om-

1781 871 1910 924 nino
1940 886 2130 924 sanum
2163 870 2346 923 statim
2373 868 2551 924 el‘ﬁcit.

1853 1054 2039 1108 XXIII.
2074 1053 2321 1108 l‘ereellit
2354 1052 2616 1106 Barbaros
2644 1052 2693 1104 id
2724 1049 2866 1119 quod
2906 1047 3107 1102 factum
3151 1044 3344 1106 fuerat.

1778 1157 1832 1201 et
1897 1147 2057 1200 citius
2116 1161 2276 1210 quam
2340 1143 2525 1214 a‘groti
2580 1158 2817 1211 corpus,
2876 1155 3065 1193 eorum
3131 1151 3347 1207 quoque

1778 1248 2037 1293 curantur
2098 1238 2330 1301 animae,
2421 1254 2515 1291 seu
2592 1234 2762 1305 magis
2804 1233 2999 1286 animae
3059 1232 3344 1286 sanitatem

1778 1327 2140 1381 communiter
2196 1326 2495 1394 accipiunt,
2554 1326 2794 1393 ﬁuntque
2876 1322 3057 1377 statim
3139 1320 3344 1375 ﬁdeles.

1776 1418 2038 1485 Quocirca
2104 1417 2256 1487 proni
2300 1416 2351 1469 in
2390 1416 2561 1470 solum
2619 1414 2965 1484 projicienles
3012 1427 3104 1477 se,
3157 1420 3348 1479 rogant

1776 1520 2022 1565 sanctam
2074 1510 2219 1563 illam
2276 1509 2533 1571 animam,
2586 1517 2645 1560 ut
2720 1506 2917 1560 Christi
2990 1505 3347 1575 ohsignentur

1778 1602 2081 1671 signaculo,
2159 1611 2474 1670 partemque
2537 1615 2599 1653 ac
2648 1614 2849 1653 nomen
2907 1596 3342 1653 Christianorum

1777 1700 2203 1758 consequantur.

1849 1780 2035 1834 XXIV.
2076 1782 2187 1835 Non
2220 1792 2337 1837 erat
2364 1792 2546 1836 autem
2586 1780 2812 1834 omnino
2842 1780 2939 1832 viri
2983 1779 3056 1848 pii
3083 1789 3139 1833 et
3172 1779 3342 1832 Deum

1774 1876 2024 1935 amantis,
2066 1875 2311 1929 cunctari
2354 1876 2409 1927 in
2443 1875 2605 1928 rebus
2644 1873 2975 1942 huiusmodi.
3007 1871 3191 1941 Neque
3218 1886 3345 1939 ergo

1778 1964 1874 2018 fuit
1903 1965 2188 2033 Euthymio
2219 1964 2324 2017 ulla
2350 1963 2663 2018 cunctatio:
2696 1964 2790 2016 sed
2821 1962 3013 2016 videns
3040 1976 3136 2015 eos
3177 1960 3343 2014 corde

1776 2057 1941 2126 magis
1973 2071 2131 2124 quam
2164 2071 2256 2109 ore
2293 2070 2503 2109 sacrum
2546 2054 2809 2124 baptisma
2864 2053 3155 2122 postulare,
3187 2053 3345 2121 jubet

1777 2162 1995 2215 parvam
2038 2147 2295 2216 piscinam
2330 2148 2383 2199 in
2419 2150 2652 2214 quodam
2708 2146 2980 2215 spelunca:
3037 2146 3235 2216 angulo
3279 2160 3337 2199 ιε

1776 2246 2019 2306 tempore
2054 2238 2165 2291 ﬁeri
2198 2256 2212 2303 ;
2249 2254 2369 2307 qlia:
2418 2238 2635 2307 quidem
2695 2253 2867 2306 usque
2931 2238 2986 2290 in
3020 2240 3163 2291 hunc
3200 2237 3340 2291 diem

1774 2330 2052 2393 consistit;
2126 2340 2177 2384 ct
2245 2340 2536 2384 consuetas
2611 2332 2886 2384 orationes
2954 2330 3336 2399 pronuntians,

1774 2422 2089 2490 cunctisque
2140 2438 2262 2491 quae
2318 2423 2400 2475 lex
2460 2423 2708 2492 praecipit
2738 2438 2904 2491 super
2934 2424 3053 2476 illos
3084 2423 3337 2493 peractis,

1775 2514 1951 2581 primo
1974 2513 2192 2583 quidem
2224 2513 2552 2581 Aspebctum
2587 2514 2844 2582 baptizat,
2905 2513 3123 2569 Petrum
3163 2524 3339 2567 trans-

1774 2605 2059 2657 nominans
2088 2623 2100 2671 ;
2130 2604 2387 2674 deinceps
2422 2614 2601 2659 autem
2648 2606 2853 2669 Marini,
2887 2606 3106 2660 fratrem
3154 2606 3341 2660 uxoris

1776 2694 2052 2763 Aspcbeti:
2078 2696 2266 2749 ambos
2295 2697 2468 2751 claros
2496 2713 2715 2767 genere,
2747 2708 2801 2752 et
2827 2698 3174 2767 amplissimis
3196 2698 3340 2752 divi-

1778 2788 1865 2841 tiis
1911 2789 2221 2853 instructos,
2256 2805 2351 2844 seu
2398 2792 2577 2860 potius
2605 2793 2694 2861 qui
2730 2792 3012 2862 prudentia
3047 2802 3101 2847 et
3143 2794 3341 2848 virtute

1775 2890 2033 2934 ornarent
2059 2880 2298 2935 divitias.
2329 2892 2422 2936 aut
2452 2883 2615 2937 etiam
2643 2885 2734 2952 qui
2765 2884 2910 2953 ipsas
2938 2900 3069 2954 epes
3101 2886 3342 2940 facerent

1774 2972 2053 3025 materiam
2110 2972 2364 3039 virtutis;
2435 2974 2631 3029 deinde
2692 2991 2821 3030 vero
2886 2978 3341 3041 Terebonem,ae

1777 3073 1897 3130 post
1922 3064 2093 3131 ipsum
2121 3065 2394 3133 reliquos:
2431 3082 2569 3136 quos
2629 3068 2815 3137 utique
2873 3078 2926 3122 et
2983 3071 3336 3142 quadraginta

133 3173 225 3223 ρας,
255 3160 342 3211 καὶ
384 3162 727 3229 παραινέσας
762 3170 810 3224 ο,
844 3162 939 3213 καὶ
991 3162 1090 3231 τήν
1144 3162 1425 3216 εὐσέϐειαν
1485 3164 1669 3225 αὐτοῖς

1777 3154 1891 3207 dies
1921 3154 2059 3224 apud
2088 3170 2145 3209 se
2183 3157 2425 3221 retinuit,
2463 3167 2519 3212 et
2562 3159 2729 3214 multa
2779 3162 3009 3228 monuit,
3081 3165 3340 3233 piumque

132 3246 634 3317 ἐξακμιϐωσάμενος,
669 3250 763 3300 καὶ
788 3251 963 3303 πάντα
992 3253 1192 3319 τρόπον
1237 3250 1305 3315 τὰ
1339 3252 1474 3319 πρὸς
1492 3268 1667 3319 σωτη-

132 3336 225 3402 ρίαν
254 3339 469 3408 ἀσφαλῆ
512 3339 760 3407 θέμενος,
792 3342 1016 3410 ἀφίησιν
1050 3342 1107 3393 ἐν
1149 3342 1337 3411 εἰρήνῃ
1363 3359 1376 3373 ’
1407 3342 1671 3412 οὐμενοῦν

139 3426 462 3496 Ἀ-ίαρηνοὺς,
520 3429 603 3480 ἔτι
649 3428 707 3481 δὲ
758 3429 878 3481 οὐδὲ
913 3429 1258 3499 Ἰσμαηλὶτας
1292 3438 1337 3496 ⁰,
1392 3430 1527 3483 ἀλλά
1571 3434 1671 3499 τῆς

131 3517 305 3584 ἱὰῥρας
336 3521 673 3587 ἀπογόνους,
725 3520 822 3572 καὶ
870 3521 1242 3590 κληρονόμους
1274 3522 1520 3590 ἀψευδεῖς
1573 3524 1671 3591 τῆς

130 3606 450 3673 ἐπαγγελίας,
492 3608 587 3660 διὰ
628 3606 723 3660 τοῦ
755 3608 900 3660 θείου
929 3608 1321 3679 βαπτίσματος.

182 3698 288 3753 KE'.
338 3699 395 3751 '0
429 3701 631 3768 μέντοι
686 3700 888 3769 Μάρις,
919 3702 946 3752 ὁ
981 3702 1073 3754 καὶ
1104 3702 1245 3764 θεῖος
1277 3702 1412 3772 πρὸς
1467 3703 1672 3774 μητρὸς

127 3786 183 3855 τῷ
210 3789 502 3857 Τερὲϐωνι,
538 3791 729 3843 οὐκέτι
760 3792 878 3844 οὐδὲ
934 3792 1151 3862 βλέψειν
1182 3797 1263 3855 εἰς
1290 3795 1359 3847 τὰ
1387 3797 1561 3848 ὀπίσω
1596 3798 1676 3848 εἴ-

128 3895 237 3942 ιιετο,
278 3881 398 3933 οὐδὲ
457 3881 777 3951 ἀποστῆναι
834 3884 934 3952 τῆς
999 3886 1165 3953 μονῆς
1198 3885 1333 3949 ὅλως
1385 3888 1671 3956 ἠνέσχετο⁶

126 3968 231 4021 ἀλλά
256 3974 430 4025 πᾶσαν
459 3974 816 4043 καθιερώσας
850 3976 990 4046 αὐτῇ
1022 3979 1119 4044 τήν
1143 3978 1352 4043 οὐσίαν,
1389 3980 1482 4030 καὶ
1506 3980 1676 4047 μικρά

126 4062 173 4108 :‘1
200 4062 246 4111 Ea
266 4063 336 4131 τῷ
366 4064 575 4132 κόσμῳ
602 4065 781 4117 πάντα
808 4066 1058 4134 νομίσας,
1091 4068 1185 4119 καὶ
1232 4068 1354 4120 οὐδὲ
1382 4068 1531 4133 ἄξιον
1586 4070 1677 4120 τὸν

126 4151 231 4215 πρὸς
256 4154 392 4207 αὑτὰ
425 4155 607 4208 πόθον
636 4155 814 4224 ψυχῆς
843 4158 1095 4223 εὐγενοῦς
1122 4175 1179 4210 τε
1207 4158 1303 4210 καὶ
1333 4160 1677 4229 μεγαλόφροε

124 4256 206 4302 διες,
233 4243 346 4313 Θεῷ
385 4246 812 4313 προσκολλᾶται
851 4247 1017 4317 μόνῳ,
1046 4248 1141 4299 καὶ
1167 4249 1257 4301 ὑπ’
1288 4249 1436 4319 αὐτῷ
1466 4250 1564 4320 ζῇν
1590 4250 1678 4303 διὰ

125 4332 269 4402 πάσης
295 4335 392 4404 τῆς
418 4337 583 4407 ζωῆς
610 4335 841 4399 τίθεται,
872 4337 949 4407 τῷ
983 4339 1203 4409 μεγάλῳ
1224 4338 1507 4410 καθηγητῇ
1534 4338 1677 4410 χρώ-

127 4438 270 4486 μενος.

1776 3246 2047 3316 religionis
2067 3250 2270 3302 cultum
2302 3260 2553 3304 accurate
2585 3252 2788 3318 docuit,
2819 3263 2981 3323 atque
3008 3257 3339 3311 omnimodo

1772 3338 1937 3392 ﬁrmis
1968 3341 2203 3408 tutisque
2232 3342 2457 3397 redditis
2489 3358 2610 3412 quae
2638 3345 2705 3398 ad
2738 3346 2967 3401 salutem
3022 3349 3330 3416 pertinent,

1772 3432 1976 3485 dimisit
2018 3434 2069 3485 in
2131 3450 2301 3503 pace;
2352 3450 2462 3489 non
2523 3448 2702 3492 tamen
2751 3443 2981 3511 amplius
3038 3447 3336 3517 Agarenus.

1775 3538 1875 3576 nec
1911 3525 2233 3590 lsmaclitas,
2264 3526 2356 3580 sed
2394 3528 2543 3582 Saraa
2582 3533 2917 3601 progeniem,
2991 3547 3168 3593 certos
3210 3556 3339 3609 pro-

1774 3620 2046 3674 missionis
2084 3621 2347 3686 haeredes,
2395 3635 2493 3690 per
2519 3622 2762 3678 divinum
2808 3627 3095 3696 baptisma.

1845 3710 2008 3763 XXV.
2073 3712 2142 3765 At
2194 3711 2378 3777 Maris,
2455 3716 2753 3771 Terebonis
2839 3721 3159 3786 avunculus,
3234 3740 3339 3778 non

1776 3802 2005 3869 amplius
2076 3803 2246 3857 voluit
2327 3815 2472 3859 retro
2535 3807 2800 3876 aspicere,
2884 3826 3060 3879 neque
3119 3817 3343 3869 omnino

1776 3888 2032 3942 sustinuit
2060 3888 2339 3944 discedere
2365 3909 2393 3944 a
2424 3894 2786 3959 monasterio;
2827 3897 2921 3950 sed
2952 3901 2999 3952 ei
3049 3915 3340 3955 conseCi-a-

1778 3973 1843 4026 tis
1869 3974 2119 4027 omnibus
2150 3975 2519 4041 facultatibus,
2569 3993 2873 4049 cunctaque
2932 3984 3095 4051 hujus
3152 3992 3335 4042 mundi

1776 4074 1923 4116 ratus
1954 4080 2073 4117 esse
2106 4081 2287 4132 parva,
2312 4083 2654 4136 quorumque
2691 4069 3025 4125 desiderium
3053 4075 3341 4130 dedecoret

1776 4156 2013 4209 animum
2040 4172 2358 4226 generosum
2380 4169 2433 4212 et
2456 4160 2821 4229 magniﬁcum,
2846 4163 2943 4216 soli
2970 4163 3081 4218 Deo
3103 4166 3343 4223 adhaeret

1777 4261 1830 4303 et
1859 4266 1953 4320 per
1989 4262 2152 4306 totam
2197 4263 2408 4307 aetatem
2444 4255 2544 4309 sub
2568 4270 2633 4309 eo
2670 4256 2852 4310 vivere
2908 4258 3115 4323 statuit,
3148 4276 3342 4331 magno

1779 4353 1935 4395 utens
1970 4344 2212 4398 duetore.

179 4513 301 4579 KG’.
336 4515 447 4568 Τοῦ
491 4515 785 4582 θαύματος
812 4517 867 4568 δὲ
894 4517 1160 4587 πολλαχοῦ
1202 4520 1297 4588 τῆς
1329 4522 1423 4589 ὲρὴ
1435 4537 1535 4589 μου
1558 4521 1674 4575 δια-

1852 4521 2036 4575 XXVI.
2080 4522 2391 4579 Ubi'autein
2454 4527 2772 4583 miraculum
2805 4531 3108 4601 dispersum
3140 4544 3222 4589 est
3247 4550 3342 4605 per

123 4600 343 4670 δεθέντος,
378 4607 583 4659 πολλοὶ
609 4608 747 4677 πρὸς
786 4609 876 4660 τὸν
900 4608 1042 4661 Θεῖον
1067 4609 1339 4679 Εὑθύμιον
1365 4612 1558 4665 πάθεσι
1587 4615 1681 4665 καὶ

124 4694 263 4757 ’σίτοις
312 4699 790 4769 κατειλημμένοι,
826 4699 1160 4767 πολλαχόθεν
1217 4703 1507 4771 συνέρρεον
1534 4720 1547 4732 ·
1586 4705 1679 4756 καὶ

123 4780 257 4844 circa;
292 4788 532 4856 ἄμισθον
558 4804 627 4838 τε
663 4787 756 4838 καὶ
781 4789 982 4857 εὐχερῆ
1014 4788 1313 4857 θεραπείαν
1342 4792 1674 4859 τρυγῶντες,

124 4878 356 4943 χιὶῳντες
385 4878 721 4948 ἐπανῄεσαν
742 4895 755 4907 °
787 4878 925 4930 ὥστε
960 4879 1130 4942 οὕτως
1165 4883 1221 4933 ἐν
1246 4880 1439 4950 βραχεί
1458 4883 1525 4935 δι’
1551 4885 1677 4954 ὅλης

125 4965 345 5038 ἐξέλαμψε
385 4971 490 5039 τῆς
558 4970 808 5039 ἐρήμου,
858 4970 930 5031 ὡς
985 4972 1119 5039 μηδὲ
1182 4973 1329 5039 πάςῃ
1384 4972 1572 5026 τούτου
1617 4976 1677 5027 τὸ

124 5056 252 5124 ὁμιμα
293 5065 353 5131 τῇ
392 5060 757 5129 Παλαιστίνῃ
814 5063 1056 5131 χωρητὸν
1091 5058 1251 5127 εἶναι,
1308 5065 1444 5117 ἀλλὰ
1472 5065 1535 5136 δὴ
1583 5070 1676 5119 καὶ

128 5149 226 5213 πρὸς
257 5152 347 5214 τὰς
406 5153 614 5221 κύκλῳ
669 5151 969 5203 διαϐαίνειν
1022 5154 1317 5222 ἐπαρχίας,
1383 5156 1476 5208 καὶ
1540 5159 1675 5211 πολὺ

126 5238 243 5291 trito
274 5244 359 5295 καὶ
393 5247 452 5296 ἐν
496 5245 711 5305 αὑταῖς
741 5243 990 5313 ᾄδεσθαιι
1024 5246 1161 5315 ὅπερ
1210 5247 1352 5316 ἄλλῳ
1384 5249 1501 5317 μὲν,
1551 5252 1679 5313 ἴσως

130 5335 193 5382 12‘:
218 5339 335 5404 πρὸς
358 5340 561 5408 ἡδονῆς
585 5335 667 5407 ἦν
688 5351 701 5364 ·
730 5336 984 5407 Εὐθυμίῳ
1010 5338 1087 5401 δὲ,
1117 5341 1445 5408 ἀγανακτεῖν
1469 5344 1681 5395 ὲπιίειρ

132 5426 286 5493 τέὖδρα
312 5432 401 5483 καὶ
440 5430 852 5501 δυσχεραίνειν
878 5446 891 5460 ’
932 5430 992 5481 οὑ
1057 5431 1219 5499 μόνον
1265 5433 1341 5498 τῷ
1372 5434 1468 5500 τὴν
1527 5435 1682 5500 δόξαν

132 5515 460 5592 ἀτεπρᾶςρθαι
480 5527 595 5595 τὴν
628 5521 1006 5592 ἀνθρωπίνην,
1030 5522 1166 5575 ἀλλὰ
1201 5524 1391 5593 καὶτῷ
1422 5526 1517 5593 τῆς
1555 5529 1683 5597 ἠσυ-

134 5608 218 5673 Χίις
239 5613 765 5689 ἀναμιμνήσκεσθαι
801 5615 896 5682 τῆς
927 5616 1220 5684 προτέρας,
1250 5618 1343 5669 καὶ
1372 5619 1517 5681 ὅπως
1549 5622 1682 5670 ἀπε..

1784 4614 1981 4667 multas
2023 4624 2203 4683 partes
2235 4616 2562 4681 solitudinis,
2600 4620 2752 4674 multi
2786 4623 2986 4676 morbis
3036 4634 3091 4679 et
3123 4627 3343 4695 κατηυ-

1782 4704 1997 4759 dinibus
2017 4707 2247 4775 correpti
2282 4707 2347 4760 ad
2377 4708 2617 4763 divinum
2674 4712 3025 4782 Euthymium
3055 4718 3337 4786 undequa-

1779 4810 1885 4863 que
1915 4798 2260 4849 continebant
2291 4816 2303 4849 :
2336 4799 2521 4867 sicque
2561 4803 2898 4857 curationem
2932 4806 3048 4859 sine
3091 4811 3342 4864 mercede

1778 4903 1840 4940 ac
1892 4887 2099 4940 facilem
2156 4888 2489 4959 colligentes,
2555 4895 2968 4950 revertebantur
3002 4898 3147 4963 lmti;
3205 4901 3341 4955 adeo

1778 4989 1835 5032 ut
1861 4979 2005 5034 brevi
2037 4980 2113 5035 sic
2154 4996 2249 5048 per
2279 4991 2443 5037 totam
2473 4984 2650 5039 clarus
2699 4989 2931 5041 evaserit
2973 4990 3336 5056 solitudinem,

1775 5081 1833 5123 ut
1857 5085 1957 5123 nec
1988 5073 2106 5139 ejus
2134 5089 2328 5127 nomen
2362 5083 2470 5128 tota
2495 5088 2713 5143 caperet
2772 5077 3079 5146 Palzestina,
3132 5084 3225 5137 sed
3273 5086 3339 5139 ad

1777 5164 2083 5232 provincias
2167 5167 2326 5219 etiam
2382 5169 2640 5223 transiret
2698 5171 3047 5228 circumcirca
3115 5177 3337 5244 positas,

1780 5256 1959 5324 ibique
1979 5258 2131 5312 valde
2158 5257 2548 5315 celebraretur.
2577 5260 2731 5327 Quod
2759 5264 2846 5317 alii
2871 5266 3086 5333 quidem
3113 5268 3341 5323 fortasse

1782 5348 1975 5402 fuisset
1994 5350 2286 5418 voluptati;
2311 5351 2602 5422 Euthymio
2626 5364 2804 5408 autem
2829 5371 3075 5425 magnam
3100 5360 3345 5428 pariebat

1786 5440 2208 5509 indignationem
2266 5452 2320 5497 et
2380 5443 2725 5509 molestiam;
2776 5462 2882 5500 non
2953 5449 3129 5503 solum
3198 5454 3343 5520 quod

1788 5529 2079 5583 humanam
2136 5542 2477 5587 aversaretur
2525 5534 2770 5603 gloriam,
2827 5537 2922 5591 sed
2987 5540 3151 5595 etiam
3200 5545 3343 5611 quod

1787 5621 1984 5688 prioris
2015 5622 2355 5677 meminisset
2398 5624 2620 5692 quietis,
2661 5628 3113 5694 quemadmodum
3181 5632 3234 5685 in
3282 5650 3347 5688 ea

1368 5708 1596 5765 VARIAS
1640 5710 2037 5766 LECTIONES.

191 5790 204 5830 ¹
236 5797 370 5856 abest
391 5801 461 5855 ah
496 5799 575 5854 al.
665 5805 712 5832 π’
748 5795 814 5847 al.
851 5798 1072 5866 μικράν.
1150 5810 1173 5835 η
1200 5801 1268 5853 al.
1314 5800 1415 5855 ins.
1456 5804 1645 5856 πολλὰ.

400 5903 697 5960 ΡΑτιιοι.
755 5898 869 5953 (in.
920 5897 1128 5958 CXIV.

1727 5822 1747 5841 ο
1775 5806 1927 5860 abest
1962 5806 2029 5859 ab
2059 5807 2128 5858 al.

2234 5818 2257 5855 t-
2287 5807 2357 5861 ιιι.
2394 5810 2570 5878 ἐπῄει.

2954 5906 3027 5967 20
