4104 6486
737 444 807 506 63
817 441 838 506 1

1977 443 2259 504 M’ENSIS
2308 442 2764 504 JANUARIUS.
3888 437 3971 497 63-2

737 571 909 618 mero,
967 556 1031 609 ad
1061 556 1353 611 Jordanetn
1385 572 1413 609 a
1460 566 1645 611 sancta
1691 557 1907 612 civitate
1950 554 2312 616 descendens,

2421 553 2587 623 δὰνην
2611 555 2720 608 ἀπὸ
2742 552 2839 621 τῆς
2867 552 3029 619 ἁγίας
3067 552 3271 627 πόλεως
3308 549 3625 613 κατιοῦσαν,
3650 550 3894 603 ὲκκλῖναί
3923 568 3971 602 τε

738 649 959 701 dextera
990 648 1056 701 de
1092 647 1287 702 itinere
1318 648 1638 712 declinaret,
1672 647 1893 717 perinde
1917 662 1981 700 ac
2019 645 2201 715 aliquo
2232 644 2313 698 eis

736 742 876 792 viam
908 750 1205 808 prircnntc,
1234 729 1288 792 et
1309 740 1372 793 ad
1402 740 1610 793 iauram
1641 741 1784 792 illam
1831 739 2118 793 accederet
2144 754 2156 801 ;
2211 737 2314 790 hoc

738 832 925 893 etiam.
957 841 1016 886 ut
1041 832 1298 894 arbitror,
1348 833 1630 901 sapienter
1661 831 1986 901 disponente
2015 829 2312 883 Providen-

741 924 835 987 tia,
865 938 976 991 quo
1010 937 1200 991 magna
1226 921 1395 992 patris
1417 923 1593 976 virtus
1620 922 1799 975 adhuc
1821 922 2018 977 clarior
2037 921 2310 974 evaderet.

736 1023 885 1085 Quos
914 1018 1101 1072 videns
1139 1032 1367 1088 magnus
1401 1017 1492 1069 ille
1517 1030 1582 1069 eo
1622 1016 1724 1068 luci
1769 1014 2074 1075 divertisse.
2106 1022 2163 1066 ut
2196 1027 2257 1066 se
2283 1027 2314 1066 a

737 1114 921 1171 labore
957 1111 1169 1166 itineris
1211 1109 1606 1180 aliquantisper
1632 1117 1982 1171 recrearcnt,
2027 1116 2187 1161 vocat
2211 1106 2313 1159 Do-

739 1204 1046 1268 mitianum,
1086 1203 1172 1257 cui
1207 1203 1559 1257 commiserat
1590 1202 1756 1256 laurae
1794 1216 1977 1257 rerum
2022 1200 2311 1269 dispensa-

737 1300 963 1357 tionem,
1013 1306 1174 1364 atque
1197 1295 1355 1365 jubet
1383 1304 1441 1349 ut
1471 1295 1549 1350 eis
1587 1310 1828 1349 mensam
1858 1304 2114 1364 apponat.
2175 1293 2311 1348 Cum

736 1388 782 1437 is
814 1395 996 1439 autem
1029 1386 1298 1453 obiiceret
1328 1394 1640 1456 egestatem.
1668 1394 1724 1439 et
1757 1385 2133 1454 respondisset
2159 1397 2219 1437 se
2247 1397 2315 1437 ne

739 1479 898 1532 unius
929 1478 1152 1546 quidem
1185 1477 1291 1532 diei
1322 1479 1545 1531 fratrum
1581 1477 1784 1531 habere
1827 1477 2144 1530 alimentum
2171 1519 2185 1540 ,
2225 1474 2315 1530 ille

732 1586 797 1624 eo
821 1569 994 1624 fretus
1026 1570 1116 1640 qui
1161 1571 1331 1623 viduae
1362 1570 1645 1637 ecpiosum
1691 1569 1884 1623 effudit
1909 1568 2309 1621 nutrimentum

735 1671 953 1732 propter
974 1661 1360 1716 abundamiam
1388 1661 1542 1715 bona:
1565 1661 1683 1729 ejus
1706 1659 2001 1713 voluntatis
2019 1660 2040 1690 ³
2068 1658 2315 1728 prmcipit

742 1750 1046 1805 Domitiano
1074 1751 1153 1805 ire
1184 1751 1251 1803 ad
1286 1752 1588 1819 panar'um.
1634 1748 1900 1816 lntelliges
1921 1746 2092 1809 enim,
2114 1744 2310 1815 inquit.

740 1844 871 1912 quid
906 1842 1007 1897 sibi
1038 1842 1256 1911 quidem
1289 1842 1457 1895 velint
1487 1842 1739 1894 humanze
1772 1839 2153 1909 cogitationes,
2184 1836 2312 1907 quid

742 1952 870 1988 vero
896 1934 1080 1989 divina
1113 1933 1287 2003 possit
1314 1932 1481 2000 gratia
1516 1939 1712 2001 ῐπλέῑθτ
1746 1929 2061 1999 ⁰Ρ²ηίο¹¹⁰¹η
2096 1928 2315 1998 disl’m'

738 2043 857 2082 sare
896 2042 959 2082 ac
990 2027 1297 2098 providere.

809 2116 992 2174 XLIV.
1039 2117 1102 2171 Et
1143 2117 1230 2171 ille
1279 2117 1479 2171 cedens
1524 2117 1727 2178 statim,
1790 2123 1844 2169 et
1904 2114 2192 2179 accedens,
2228 2113 2247 2182 (
2278 2127 2312 2167 0

740 2208 1120 2263 inenarrabilia
1143 2215 1256 2270 tua,
1280 2207 1522 2269 Christe,
1553 2205 1870 2273 miracula!)
1894 2204 2104 2268 invenit
2132 2203 2313 2257 divina

739 2301 969 2369 quadam
994 2308 1049 2355 et
1068 2299 1315 2369 sapiente
1333 2297 1692 2367 providentia,
1716 2296 1888 2351 tndem
1917 2296 2149 2366 panibus
2177 2294 2314 2349 adeo

741 2397 981 2462 plenam.
1015 2375 1071 2447 ιιί
1106 2408 1177 2446 ne
1228 2391 1384 2446 facile
1429 2390 1648 2460 quidem
1693 2398 1840 2444 esset
1881 2403 2073 2459 parum
2101 2387 2314 2458 aperire

739 2486 965 2550 ostium,
999 2484 1334 2553 prohibitum
1365 2498 1561 2549 nempe
1599 2481 1947 2535 multitudine
1982 2480 2127 2534 intus
2171 2479 2315 2549 posi-

742 2585 943 2629 torum.
974 2572 1192 2628 ‘Vocatis
1221 2586 1351 2640 ergo
1377 2569 1501 2624 aliis
1534 2569 1810 2633 fratribus,
1844 2577 1900 2622 et
1934 2582 2124 2622 eorum
2149 2581 2315 2636 opera

738 2679 931 2719 everso
955 2662 1119 2728 ostio,
1142 2661 1295 2715 videt
1332 2675 1395 2715 ea
1442 2674 1564 2729 qua:
1591 2666 1747 2713 erant
1782 2660 1951 2721 intus,
1999 2660 2315 2712 innumera-

740 2757 902 2811 bilem
934 2769 1135 2826 panum
1168 2752 1608 2816 multitudinem;
1652 2751 1719 2804 ad
1748 2750 1865 2805 htec
1894 2750 2027 2814 vini,
2069 2750 2311 2820 inquam,

738 2860 795 2903 et
819 2848 924 2903 olei
969 2847 1244 2916 ingentem
1279 2844 1513 2915 copiam,
1547 2852 1709 2912 atque
1739 2842 1962 2896 omnino
1987 2841 2316 2896 convenien-

740 2950 848 2995 tem
880 2938 1158 3010 Eulhymii
1192 2938 1248 2991 in
1279 2937 1459 2991 dando
1488 2935 1925 3006 magnificentiae.

807 3029 969 3085 XLV.
1011 3028 1137 3084 Haec
1168 3040 1227 3084 ut
1288 3028 1421 3084 vidit
1473 3027 1834 3090 Domitianus,
1879 3028 2076 3083 divina:
2127 3028 2315 3099 gratiae

739 3122 1114 3193 operationem
1140 3121 1472 3192 intelligens,
1504 3121 1755 3189 procedit
1790 3120 1854 3175 ad
1902 3121 2066 3190 pedes
2108 3121 2312 3190 magni,

744 3212 960 3267 veniam
986 3212 1160 3282 petiit,
1185 3220 1240 3265 et
1260 3210 1539 3279 parcitatis
1562 3211 1752 3264 sordes
1772 3210 2085 3264 vehementi
2116 3225 2315 3279 repen-

740 3305 824 3360 dit
857 3304 1197 3374 pmnitentia.
1234 3303 1327 3357 Ille
1356 3317 1490 3356 vero
1517 3318 1639 3356 cum
1680 3302 1987 3357 Domitiano
2025 3303 2314 3373 benignam

739 3405 794 3451 et
852 3405 1091 3450 mentem
1126 3405 1182 3449 et
1214 3411 1434 3448 manum
1489 3394 1839 3464 poi-rexisset,
1891 3393 2179 3464 ipsumque
2206 3393 2315 3449 ele-

742 3495 946 3552 vasset,
982 3501 1014 3541 o
1045 3485 1143 3550 fili,
1175 3487 1373 3555 inquit,
1403 3488 1494 3555 qui
1515 3487 1741 3540 seminat
1776 3486 1830 3538 in
1856 3485 2314 3551 benedictionibus,

739 3581 796 3634 in
831 3579 1277 3634 benedictionibus
1306 3589 1353 3632 et
1386 3589 1539 3632 meth
1567 3578 1609 3633 ’⁸.
1642 3578 1742 3643 Qui
1775 3593 1903 3648 ergo
1932 3577 2319 3634 accedentibus

741 3686 1036 3726 commune
1080 3681 1280 3725 tectum
1317 3670 1562 3740 pra-bent
1599 3678 1654 3724 et
1702 3670 1801 3734 sal,
1856 3669 2167 3724 nescientes
2214 3669 2316 3724 sibi

744 3763 924 3835 potius
976 3772 1294 3832 comparant
1337 3762 1615 3831 cepiosam
1661 3761 2176 3831 suppeditationem,
2216 3777 2319 3817 nec

742 3866 954 3913 tantum
1004 3855 1137 3909 dant
1183 3863 1450 3924 quantum
1503 3855 1800 3924 accipiunt.
1837 3854 1993 3922 Quod
2038 3854 2259 3924 quidem
2289 3871 2317 3909 a

744 3949 901 4005 vobis
933 3963 1154 4018 quoque
1188 3947 1516 4002 servandum
1546 3958 1648 4009 est.
1683 3947 1911 4011 fratres,
1943 3947 1988 4002 si
2034 3947 2148 4002 Deo
2183 3947 2320 4001 estis

743 4040 1118 4112 gratificaturi,
1159 4048 1215 4093 et
1246 4039 1480 4109 plurima
1509 4054 1690 4093 rerum
1734 4039 2164 4094 necessariarum
2188 4054 2319 4108 sup-

745 4132 1081 4202 peditatione
1102 4146 1321 4201 semper
1340 4132 1691 4187 abundaturi.
1714 4131 1853 4187 llinc
1875 4133 2141 4187 bonorum
2166 4146 2316 4187 acer-

745 4240 866 4293 vus,
898 4234 957 4279 ut
997 4224 1172 4288 aiunt,
1216 4225 1479 4290 constitit,
1511 4240 1709 4294 resque
1738 4226 1901 4279 laura:
1926 4234 2211 4293 creperum
2239 4224 2322 4278 vi-

744 4333 871 4387 gere
888 4332 951 4371 ac
977 4316 1308 4371 exuberare:
1329 4316 1549 4384 quando
1568 4316 1788 4386 quidem
1808 4315 2038 4370 fratrum
2058 4330 2321 4369 numerus

742 4410 810 4463 ad
839 4407 1229 4478 quinquaginta
1255 4409 1525 4477 pervenit,
1564 4417 1619 4462 et
1644 4408 1947 4478 unicuique
1970 4422 2163 4462 eorum
2187 4407 2321 4462 cella

745 4498 848 4553 fuit
883 4497 1179 4562 aedificata;
1208 4506 1371 4566 atque
1402 4512 1556 4552 sacra
1586 4497 1839 4567 mysteria
1883 4497 2131 4567 quotidie
2198 4512 2321 4567 per-

743 4593 1062 4662 agebantur.

816 4668 999 4739 XLVI.
1044 4684 1213 4738 Porro
1262 4683 1307 4737 is
1352 4681 1440 4736 cui
1486 4681 1693 4736 credita
1743 4681 1919 4737 fuerat
1962 4681 2316 4751 dispensatio.

745 4778 874 4832 dum
903 4777 1124 4847 cogitat,
1151 4776 1217 4831 ad
1252 4784 1458 4829 tantam
1488 4774 1719 4829 fratrum
1753 4775 2154 4829 multitudinem
2173 4776 2321 4829 'mul-

748 4880 801 4923 to
834 4868 998 4922 etiam
1031 4867 1132 4920 sibi
1165 4882 1304 4936 opus
1343 4866 1461 4920 fore
1507 4865 1832 4930 ministerio,
1876 4866 2057 4920 mulos
2104 4881 2320 4936 quoque

749 4961 963 5028 paravit
990 4959 1175 5012 laur.e.
1220 4959 1344 5012 lirat
1397 4965 1576 5011 autem
1612 4956 1831 5026 quidam
1877 4957 1930 5009 in
1980 4972 2042 5010 ea
2087 4957 2318 5012 Asianus

745 5065 961 5121 genere,
994 5050 1209 5104 nomine
1230 5047 1553 5111 Auxentius,
1578 5047 1669 5116 qui
1695 5056 1810 5101 erat
1833 5055 1991 5116 aptus
2030 5048 2096 5101 ad
2142 5048 2319 5103 mulo-

751 5157 868 5196 rum
894 5140 1276 5196 ministerium.
1306 5140 1355 5195 Is
1380 5154 1511 5210 ergo
1540 5139 1608 5192 ab
1642 5139 1745 5193 hoc
1765 5154 2051 5193 meonomo
2079 5150 2315 5210 rogatus,

748 5241 805 5284 ut
838 5231 979 5283 illam
1013 5230 1198 5284 subire
1228 5229 1755 5285 administrationem
1795 5229 2100 5297 dill‘erebat,
2128 5240 2182 5285 et
2208 5246 2315 5284 non

747 5324 1054 5379 obediebat.
1092 5323 1198 5378 Sed
1229 5340 1350 5377 cum
1383 5341 1468 5379 res
1501 5334 1649 5380 esset
1681 5325 1747 5378 ad
1788 5340 1943 5378 usum
1988 5326 2314 5380 necessaria.

748 5414 1012 5469 ιιοιιιιιιιιιιι
1043 5424 1097 5469 et
1124 5413 1410 5485 Cyrioncm
1438 5418 1786 5487 presbyteros
1817 5432 2003 5471 secum
2043 5417 2317 5487 accipiens

747 5521 1085 5570 mconomus,
1130 5506 1326 5561 iterum
1377 5522 1499 5561 cum
1562 5508 1626 5561 iis
1682 5509 1907 5579 rogabat
1962 5509 2313 5563 Auxentium.

818 5625 838 5653 ³
866 5622 930 5679 ΙΙΙ
961 5623 1089 5694 Reg.
1128 5642 1254 5685 xm,
1295 5626 1346 5680 3.
1425 5626 1445 5656 ⁸
1476 5624 1519 5679 ιι
1558 5624 1681 5681 Cor.
1717 5628 1860 5693 tx,6.

2420 648 2518 716 τῆς
2549 645 2669 699 ὁδοῦ
2726 645 2895 717 δεξιᾷ,
2933 645 3184 715 καθάπερ
3228 645 3374 707 τινὸς
3431 644 3615 706 αὐτοῖς
3644 643 3743 711 τῆς
3772 644 3979 711 πορείας

2422 739 2864 808 προηγουμένου,
2901 738 2997 790 καὶ
3025 740 3105 802 είς
3139 739 3238 808 τὴν
3267 738 3476 808 λαύραν
3507 738 3725 806 ἐκείνην
3757 752 3977 804 παραγε-

2416 830 2603 883 νέσθαι
2625 832 2772 901 ’·τῆς
2800 830 3061 901 Προνοίας
3086 829 3364 900 οἶμαικαὶ
3386 830 3544 882 τοῦτο
3573 828 3755 898 σοφῶς
3783 830 3975 881 nixo-Jo-

2422 922 2650 993 μούσης,
2712 922 2853 977 ὥστε
2909 923 3009 991 τὴν
3042 922 3288 993 μεγάλην
3333 922 3429 975 τοῦ
3498 921 3714 989 [ἰατρὸς
3772 919 3972 990 ἀρετὴν,

2416 1014 2805 1085 λαμπροτέραν
2836 1014 2915 1066 ἔτι
2947 1013 3309 1082 καταστῆναι.
3329 1013 3436 1075 Οὓς
3473 1012 3597 1066 ίδὼν
3621 1014 3649 1064 ὁ
3684 1012 3859 1082 μέγας
3878 1011 3978 1063 ἐκεῖ

2418 1106 2851 1171 καταλύσαντας,
2883 1106 3021 1159 ὥστε
3049 1107 3141 1159 τὸν
3169 1108 3232 1159 ὲκ
3263 1106 3363 1173 τῆς
3388 1105 3510 1159 ὀδοῦ
3542 1104 3710 1157 κόπον
3745 1102 3912 1173 βραχύ
3932 1119 3975 1154 τι

2416 1199 2801 1264 διαναπαῦσαι,
2850 1199 3005 1251 καλεῖ
3036 1200 3382 1268 Δομετιανὸν,
3434 1197 3739 1264 οἰκονομεῖν
3788 1194 3857 1248 τὰ
3893 1193 3977 1261 τῆς

2418 1292 2623 1363 λαύρας
2659 1291 2750 1345 ὑπ’
2779 1284 2944 1345 αὑτοῦ
2973 1288 3514 1361 προκεχειρισμένον,
3548 1288 3642 1342 καὶ
3669 1284 3978 1357 παραθεῖναι

2418 1383 2627 1447 τούτοις
2661 1383 2940 1452 τράπεζαν
2965 1382 3312 1450 ἐπαγγέλλει.
3340 1382 3445 1435 Τοῦ
3464 1381 3521 1434 δὲ
3544 1378 3972 1450 προϐαλλομένου

2417 1475 2516 1547 τὴν
2565 1474 2793 1538 ἔνδειαν,
2830 1472 2924 1526 καὶ
2965 1474 3040 1537 ὼς
3087 1471 3210 1526 οὐδὲ
3252 1471 3349 1542 τὴν
3399 1472 3677 1540 ἐφήμερον
3732 1468 3847 1538 ἔχοι
3880 1466 3976 1518 τῶν

2418 1567 2661 1636 ἀδελφῶν
2694 1565 2900 1637 τροφὴν
2926 1564 3392 1635 ἀποκριναμένου,
3429 1560 3648 1631 Θαρῤῶν
3680 1560 3882 1621 ἐκεῖνος
3908 1556 3975 1625 τῷ

2419 1662 2513 1715 καὶ
2541 1661 2685 1731 χήρα
2734 1658 2939 1729 τροφὴν
2975 1657 3241 1709 πλουσίαν
3269 1656 3338 1710 δι’
3372 1653 3638 1723 ἀφθονίαν
3682 1652 3976 1720 πηγάσαντι

2419 1751 2816 1821 προαιρέσεως,
2850 1748 3188 1819 πορευθῆναι
3220 1746 3370 1819 παρά
3400 1747 3460 1799 τὸ
3488 1743 3914 1815 ἀρτοφυλακεῖον
3938 1748 3973 1770 ¹¹

2418 1844 2719 1897 ἐντέλλεται
2745 1840 3077 1911 Δομετιανῷ.
3100 1839 3235 1911 Εἴσῃ
3267 1839 3375 1908 γὰρ
3405 1837 3530 1905 ἔφη,
3561 1837 3613 1890 τί
3662 1836 3758 1905 μὲν
3783 1832 3978 1902 ἀνθρώ-

2418 1951 2564 1987 πινοι
2617 1933 2900 2002 βούλονται
2929 1932 3207 2001 λογισμοὶ,
3244 1930 3299 1984 τί
3327 1930 3383 1983 δὲ
3410 1928 3533 1983 Θεία
3562 1926 3790 1981 δύναται
3836 1925 3977 1994 χάρις

2418 2024 2743 2093 παραδόξως
2775 2024 3104 2094 οἰκονομεῖν.

2487 2115 2616 2170 ΜΔ’.
2645 2118 2755 2170 Καὶ
2791 2118 2849 2180 ὃς
2873 2117 3021 2183 εἴξας
3054 2116 3216 2177 εὒθῦς
3249 2115 3343 2167 καὶ
3373 2113 3815 2184 παραγενόμενος
3838 2125 3853 2138 ·
3882 2109 3979 2161 τῶν

2417 2208 2823 2279 ἀνεκδιηγήτων
2849 2226 2966 2271 σου,
2986 2207 3210 2278 Χριστὲ,
3234 2205 3580 2276 Θαυμασίων,
3603 2205 3847 2273 εὑρίσκει
3870 2202 3981 2271 θεία

2416 2303 2523 2354 τινὶ
2558 2301 2652 2356 καὶ
2699 2303 2835 2370 σοφῇ
2870 2301 3101 2371 προνοίᾳ
3119 2300 3218 2371 τὴν
3251 2300 3427 2352 οἰκίαν
3464 2297 3637 2359 οὕτως
3681 2296 3861 2366 ἀρτων
3891 2311 3981 2362 με·

2419 2395 2574 2466 στὴν.
2605 2395 2682 2458 ὡς
2721 2393 2977 2464 μηδὲςτὴν
3009 2393 3179 2462 Θύραν
3216 2391 3410 2461 μικρόν
3439 2408 3492 2443 τι
3521 2387 3843 2459 παρανοὶξαι
3897 2385 3984 2455 ρᾁ

2395 2486 2530 2547 ,διον
2557 2483 2640 2548 ὃν,
2688 2483 2768 2553 τῷ
2800 2484 2997 2554 πλήθει
3035 2484 3143 2536 τῶν
3176 2483 3322 2535 ἔνδον
3360 2481 3780 2551 ἁνειργομένην.
3817 2477 3988 2530 Καλέ-

2420 2596 2515 2639 σας
2547 2576 2724 2630 τοίνυν
2747 2579 2841 2630 καὶ
2868 2576 3063 2638 ἄλλους
3099 2574 3209 2628 τῶν
3242 2573 3510 2643 ἀδελφῶν,
3550 2572 3646 2625 καὶ
3672 2572 3774 2638 τὴν
3818 2570 3986 2638 Θυραν

2420 2669 2516 2722 σὺν
2576 2667 2763 2728 αὐτοῖς
2815 2664 3148 2736 ἀνατρέψας,
3181 2665 3283 2734 δρᾷ
3314 2663 3383 2717 τά
3430 2662 3596 2726 ἔνδον,
3634 2661 3909 2731 ἀμύθητόν
3941 2675 3991 2710 τι

2418 2757 2621 2827 πλῆθος
2652 2756 2866 2826 ἄρτων
2895 2756 3040 2808 οἴνου
3085 2771 3165 2817 τε,
3197 2753 3360 2823 φημὶ,
3419 2751 3515 2804 καὶ
3569 2749 3752 2804 ἐλαίου
3796 2748 3990 2816 πολλὴν

2418 2850 2702 2920 ἀφθονίαν,
2744 2849 2839 2901 καὶ
2869 2848 3134 2916 ἀνάλογον
3164 2849 3231 2917 τῇ
3282 2844 3413 2916 περὶ
3440 2844 3500 2898 τὸ
3539 2843 3743 2896 διδόναι
3778 2843 3993 2902 παντως

2418 2942 2692 3013 ΕὑΘυμίου
2724 2940 3027 3010 φιλοτιμίᾳ.

2487 3037 2621 3089 ΜΕ¹.
2652 3034 2840 3089 Ταῦτα
2868 3031 3197 3102 Δομετιανὸς
3228 3029 3371 3095 ἰδὼν,
3396 3029 3489 3084 καὶ
3518 3032 3617 3099 τῆς
3656 3029 3805 3092 Θείας
3835 3027 3992 3096 χαρι-

2418 3147 2508 3190 τος
2537 3127 2829 3198 συμϐαλὼν
2851 3126 2950 3195 τὴν
2974 3126 3279 3194 ἐνέργειαν,
3321 3124 3510 3176 πίπτει
3547 3123 3686 3194 πρὸς
3735 3123 3843 3183 τοῖς
3874 3119 3996 3172 ποσὶ

2417 3221 2511 3275 τοῦ
2548 3219 2809 3290 μεγάλου,
2868 3218 3205 3285 συγγνώμην
3262 3215 3452 3277 αἰτῶν,
3487 3214 3584 3267 καὶ
3639 3213 3997 3282 μικρολογίας

2420 3313 2720 3375 ἀντιδιδοὺς
2779 3311 3066 3382 μετανοίας
3128 3309 3461 3379 θερμότητα.
3489 3308 3761 3368 Κάκεῖνος
3793 3304 3999 3374 εὐμενῆ

2419 3424 2479 3461 τε
2518 3405 2831 3477 Δομετιανῷ
2864 3405 2958 3457 καὶ
3002 3404 3228 3472 γνώμην
3262 3402 3358 3454 καὶ
3415 3402 3573 3470 χεῖρα
3627 3399 3847 3469 ὀρέξας,
3907 3398 4000 3448 καὶ

2421 3500 2585 3553 αὐτὸν
2612 3499 2948 3567 ἀναστήσας,
2973 3491 3047 3547 Ὠ
3098 3495 3314 3555 τέκνον,
3350 3492 3454 3560 ἔφη
3479 3532 3493 3552 ,
3521 3494 3552 3543 ό
3585 3492 3856 3564 σπείρων
3913 3487 4003 3541 ἐπ’

2420 3592 2742 3661 εὐλογίαις,
2763 3589 2856 3642 ἐπ’
2877 3588 3179 3657 εὐλογίαις
3192 3586 3287 3640 καί
3307 3586 3550 3653 θερίσει.
3575 3584 3639 3637 Οἱ
3660 3582 3789 3650 γοῦν
3815 3580 4006 3648 κοινὴν

2418 3688 2533 3749 τοῖς
2559 3683 2820 3753 παριοῦσι
2853 3681 2955 3752 τὴν
2985 3681 3188 3750 στέγην
3219 3680 3460 3741 καὶτοὺς
3494 3677 3629 3739 ἅλας
3659 3675 4004 3742 ποιούμενοι,

2420 3774 2743 3827 λανθάνουσι
2765 3770 2963 3840 δαψιλῆ
3000 3770 3201 3837 μᾶλλον
3228 3769 3441 3831 ἑαυτοῖς
3465 3764 3887 3838 περιποιοῦντες
3910 3763 4006 3832 τὴν

2423 3865 2706 3936 χορηγίαν.
2739 3866 2834 3916 καὶ
2867 3862 2942 3932 μὴ
2977 3861 3233 3913 τοσοῦτον
3261 3860 3494 3922 διδόντες
3528 3859 3652 3913 ὅσον
3676 3857 4002 3925 λαμϐάνον-

2424 3973 2526 4010 σιν.
2554 3957 2734 4027 Ὅπερ
2758 3953 2977 4020 ἀδελφοὶ
3005 3953 3101 4005 καὶ
3135 3952 3268 4020 ὑμῖν
3293 3950 3615 4019 φυλακτέον,
3666 3950 3717 4002 εί
3752 3948 4006 4016 μέλλοιτε

2423 4051 2516 4101 καὶ
2553 4046 2672 4116 Θεῷ
2701 4044 3043 4116 χαρίζεσθαι,
3075 4045 3170 4098 καὶ
3195 4043 3364 4113 πολλῇ
3390 4044 3616 4096 πάντοτε
3644 4050 3673 4077 υ
3699 4043 3885 4111 κομᾷν
3902 4042 4010 4091 τῶν

2423 4138 2737 4207 ἀναγκαίων
2770 4140 2835 4207 τῇ
2883 4136 3141 4207 χορηγίᾳ.
3187 4134 3467 4188 Ἐντεῦθεν
3520 4133 3742 4203 ἀγαθῶν
3805 4132 4009 4203 σωρὸς.

2422 4231 2484 4282 τὸ
2508 4229 2603 4283 τοῦ
2632 4229 2815 4297 λόγου,
2860 4229 3113 4299 συνέστη,
3148 4229 3243 4281 καὶ
3269 4228 3338 4280 τὰ
3361 4227 3462 4296 τῆς
3490 4225 3700 4293 λαύρας
3749 4224 4015 4292 εὐθηνεῖν

2425 4323 2626 4392 ἤρχετο
2649 4322 2744 4374 καὶ
2779 4322 2857 4383 εἰς
2879 4321 3084 4389 πλῆθος
3114 4318 3409 4372 ἐπιδιδόναι
3434 4335 3446 4347 ·
3480 4320 3570 4371 ὅτε
3612 4316 3723 4369 τῶν
3758 4315 4016 4383 ἀδελιξῶν

2425 4413 2674 4483 ἀριθμὸς,
2710 4415 2787 4476 είς
2825 4414 3165 4482 πεντήκοντα
3224 4412 3510 4480 περιέστη,
3546 4409 3765 4479 ἑκάστῳ
3800 4427 3866 4461 τε
3915 4409 4017 4460 αὺ-

2423 4503 2533 4556 τῶν
2560 4503 2772 4556 κελλίον
2797 4500 3123 4572 ᾠκοδομήθη
3149 4518 3164 4533 ⁸
3213 4503 3310 4553 καὶ
3332 4501 3400 4552 τὰ
3438 4500 3537 4569 τῆς
3578 4502 3731 4569 ἱερᾶς
3757 4499 4021 4552 καθεκά-

2355 4582 2396 4635 θ
2430 4614 2562 4664 στην
2593 4595 2827 4648 ἐτελεῖτο
2871 4594 3283 4665 μυσταγωγίας.

2497 4690 2649 4754 Μαι.
2694 4686 2923 4740 Ἐννοῶν
2974 4686 3031 4739 δὲ
3077 4690 3104 4739 ὁ
3130 4687 3228 4757 τὴν
3261 4687 3578 4755 οἰκονομίαν
3609 4683 4020 4755 ἐγχειρισθεὶς,

2424 4783 2506 4834 ὅτι
2537 4780 2674 4851 πρὸς
2719 4779 2862 4832 οὕτω
2896 4778 3032 4833 πολὺ
3073 4778 3183 4831 τῶν
3234 4777 3483 4846 ἀδελφῶν
3531 4776 3762 4847 πλῆθος,
3807 4776 4023 4845 πολλῆς

2426 4872 2575 4942 αὐτῷ
2596 4872 2688 4923 καὶ
2715 4869 3019 4939 ὑπηρεσίας
3039 4868 3241 4938 δεήσει,
3265 4869 3679 4937 προσεκτήσατο
3711 4869 3779 4935 τῇ
3806 4864 4022 4936 λαύρα,

2425 4964 2517 5017 καὶ
2547 4961 2823 5031 ἡμιόνους.
2853 4956 2960 5014 Ἦν
2988 4961 3045 5014 δέ
3090 4979 3175 5025 τις
3196 4961 3253 5013 ὲν
3282 4961 3419 5028 αὐτῇ
3451 4960 3510 5012 τὸ
3539 4959 3694 5026 γένος
3732 4958 4024 5020 Ἀσιανὸς,

2429 5055 2527 5122 τὴν
2564 5052 2756 5122 κλῆσιν
2786 5052 3095 5117 Αὐξέντιος,
3154 5050 3481 5120 ἐπιτηδείως
3546 5049 3687 5120 ἔχων
3740 5050 3896 5117 πρὸς
3924 5050 4030 5119 τὴν

2427 5142 2533 5195 τῶν
2590 5142 2828 5211 ἡμιόνων
2881 5140 3178 5193 διακονίαν.
3213 5133 3381 5201 Οὗτος
3426 5134 3519 5190 οὖν
3573 5140 3678 5189 ὑπο
3715 5138 3890 5191 τοῦδε
3930 5138 4029 5190 τοῦ

2425 5236 2711 5302 οἰκονόμου
2739 5232 3259 5304 παρακαλούμενος,
3315 5231 3454 5283 ὥστε
3509 5230 3610 5300 τὴν
3654 5230 4033 5301 λειτουργίαν

2427 5328 2678 5380 ὑπελθεῖν
2712 5324 2938 5393 ταύτην,
2999 5322 3326 5376 ἀνεϐάλλετο
3380 5322 3472 5373 καὶ
3531 5321 3630 5389 οὐχ
3692 5322 4029 5390 ὑπήκουεν.

2436 5420 2759 5486 ’Λναγκαίου
2787 5418 2844 5471 δὲ
2896 5416 2985 5469 καὶ
3009 5415 3284 5486 χρησίμου
3315 5411 3409 5465 τοῦ
3466 5413 3807 5481 πράγματος
3844 5414 4036 5475 avsa;

2424 5508 2757 5582 παραλαϐὼν
2788 5510 2878 5563 καί
2926 5506 3180 5577 Ἰωάννην
3213 5504 3334 5575 μεθ’
3367 5506 3558 5558 ἑαυτοῦ
3615 5505 3712 5558 καὶ
3744 5507 3842 5559 Eu
3856 5507 4041 5578 ρὶωη.

2004 5748 2238 5806 VARIJE
2274 5748 2672 5805 LECTIONES.

821 5876 856 5901 τη
887 5863 931 5917 :d
988 5860 1382 5931 ἀρτοφυλὰκιυν
1478 5873 1530 5944 ’τι
1568 5865 1634 5917 al.
1678 5864 1960 5938 πάντοθεν.
