4104 6486
150 463 221 521 τοι
1374 457 1421 516 ν
1434 456 1551 514 [ΤΑ
1592 457 1652 515 S.

1791 457 2101 517 FTHYMII.

3244 458 3350 522 631

148 573 237 630 τοὺς
272 567 678 639 πρεσϐυτέρους
716 567 745 618 ὁ
774 565 1077 634 οἰκονόμος,
1103 565 1257 634 ἠξίου
1294 567 1387 616 καὶ
1411 560 1565 626 αὖθις
1589 565 1685 616 σὺν

1791 562 1922 629 Quia
1953 580 2081 618 vero
2109 566 2185 619 sic
2219 581 2436 635 quoque
2470 568 2837 641 inobsequens
2860 576 2997 632 eral,
3026 576 3081 622 et
3110 567 3221 637 jam
3252 571 3352 624 ad-

149 661 216 715 καὶ
238 661 411 720 αὐτοῖς
435 658 523 711 τὸν
551 657 858 722 Αὑξέντιον.
893 657 1045 709 Ἐπεὶ
1069 657 1124 708 δὲ
1151 658 1244 709 καὶ⁵
1267 655 1435 716 οὑτως
1454 657 1683 724 ἀνήκοος

150 744 309 818 ἧς),τοῦ
333 748 614 800 Σαϐϐάτου
638 748 740 816 ἤδη
765 747 1156 813 διαγεγονότος,
1184 746 1343 814 ἡνίκα
1362 745 1439 814 τῷ
1464 747 1683 815 μεγάλῳ

150 840 243 908 ἐξῆν
270 839 536 906 ἐντυχεῖν,
567 838 824 907 ἀναφέρει
857 838 923 889 τά
949 837 1088 889 κατά
1118 837 1207 888 τὸν
1231 837 1513 899 Ᾱὺξέντιον
1536 836 1683 904 αὑτῷ

151 933 288 984 πάντα
310 932 337 981 δ
361 930 662 997 οἰκονόμος.
694 929 956 988 Κάκεῖνος
998 927 1416 996 μεταστέλλεται
1455 927 1555 996 μὲν
1590 929 1681 979 εὑ-

152 1025 254 1087 θὲως
275 1023 369 1075 τὸν
391 1022 617 1089 ἀδελφὸν
644 1029 690 1084 °,
739 1020 1034 1073 ὑπακούειν
1065 1020 1121 1072 δὲ
1167 1021 1444 1089 παραινεῖ,
1485 1021 1577 1070 καὶ
1611 1019 1684 1088 μὴ

151 1118 281 1177 οὕτως
327 1115 604 1169 ἀνένδοτον
655 1109 793 1166 εἶναι
824 1114 918 1165 καὶ
979 1112 1204 1180 ἀπειθῆ,
1265 1110 1343 1179 τῷ
1392 1110 1503 1179 ἰδίῳ
1536 1110 1682 1178 μόνῳ

157 1205 437 1276 ποιχοῦντα
464 1205 748 1273 θελήματι,
779 1203 874 1255 καὶ
920 1203 1019 1272 τὴν
1057 1202 1242 1271 κοινὴν
1269 1203 1380 1262 τοῖς
1436 1199 1682 1266 ἀδελφοῖς

154 1297 550 1368 χρησιμεύουσαν
578 1295 850 1349 διακονίαν
871 1293 1320 1361 ἀποποιοὺμενον.
1356 1293 1399 1344 Τ
1402 1291 1462 1343 οὗ
1495 1291 1552 1343 δὲ
1579 1307 1683 1359 μη-

154 1390 195 1442 δὲ
220 1390 570 1458 παράκλησιν,
603 1386 736 1456 μηδὲ
789 1387 956 1455 μόνην
991 1385 1111 1454 ὄψιν
1135 1384 1471 1444 αίδεσθέντος
1503 1382 1680 1435 τοιαύ-

154 1497 246 1549 την,
281 1479 416 1531 ἀλλά
442 1481 535 1532 καί
571 1477 740 1538 οὕτως
773 1477 1135 1545 ἀναδυομένου
1169 1475 1376 1545 σαφῶς,
1407 1476 1498 1528 καὶ
1527 1476 1684 1529 ποίαν

155 1570 246 1638 οὐχὶ
275 1568 547 1630 κινοῦντος
573 1567 863 1634 πρόφασιν,
895 1567 980 1617 ἵνα
1025 1568 1184 1632 μόνον
1220 1565 1427 1633 θέλημα
1459 1565 1519 1617 τὸ
1558 1566 1683 1616 ἐαυ-

153 1660 223 1713 τοῦ
244 1660 424 1728 κύριον
443 1658 590 1727 δείξῃ
612 1676 623 1686 ·
654 1659 745 1710 καὶ
768 1657 863 1710 νῦν
895 1658 993 1726 μὲν
1017 1657 1075 1708 τὸ
1104 1655 1396 1708 ἀλλοδαπὸν
1424 1651 1564 1708 εἶναι
1593 1657 1684 1706 καὶ

153 1750 229 1816 τῆς
254 1750 541 1818 ἐπιχωρίου
582 1750 766 1816 φωνῆς
807 1749 1134 1817 ἀνομίλητον
1193 1749 1540 1808 αἰτιωμένου,
1589 1747 1682 1799 νῦν

151 1840 296 1902 om;
325 1839 423 1908 τῆς
467 1840 670 1908 σαρκὸς
713 1838 1002 1900 ἐπιϐουλὰς
1036 1839 1257 1898 καὶτὰς
1297 1839 1543 1901 ποικίλας
1588 1838 1680 1890 τοῦ

1785 667 2009 708 verterat
2039 654 2356 722 Sabbatum,
2409 674 2518 727 quo
2565 669 2807 728 tempore
2859 659 3054 713 licebat
3097 675 3348 728 magnum

1786 747 2094 809 convenire,
2129 750 2307 800 omnia
2339 750 2404 803 de
2438 751 2701 804 Auxentio
2730 751 2777 803 ci
2812 749 2979 804 refert
3011 765 3348 804 mconomus.

1786 836 1849 890 Et
1881 838 1966 890 ille
1992 838 2210 901 quidem
2242 839 2462 892 fratrem
2513 841 2692 894 statim
2737 841 2996 906 arcessit;
3032 842 3223 895 suadet
3253 857 3350 894 au—

1787 941 1890 980 tem
1923 940 1981 983 ut
2009 931 2246 994 obediat,
2279 947 2413 984 neve
2455 934 2524 985 sit
2569 934 2706 986 adeo
2738 941 3028 985 contumax
3068 942 3121 986 et
3159 933 3350 986 iuohe-

1784 1020 1958 1081 diens,
2013 1026 2281 1090 propriam
2326 1023 2588 1078 duntaxat
2639 1025 2918 1094 sequendo
2978 1023 3346 1091 voluntatem,

1786 1122 1840 1165 et
1892 1113 2249 1166 ministerium
2301 1114 2559 1169 fratribus
2607 1118 2971 1171 communiter
3013 1117 3144 1171 utile
3199 1132 3354 1170 recu-

1785 1204 1976 1258 sando.
2021 1205 2068 1258 Is
2119 1222 2246 1260 vero
2289 1223 2391 1262 nec
2434 1208 2890 1274 adhortationem,
2941 1226 3040 1265 nec
3077 1211 3163 1264 vel
3195 1210 3353 1262 talem

1787 1297 1960 1348 solum
1995 1296 2310 1365 adSpectum
2358 1301 2647 1364 reveritus,
2677 1302 2770 1355 sed
2819 1303 2982 1355 etiam
3040 1303 3120 1356 sic
3169 1313 3356 1371 aperte

1787 1387 2142 1451 detrectabat,
2175 1397 2229 1442 et
2259 1406 2418 1458 quem
2465 1408 2574 1444 non
2619 1399 2940 1461 prmtextum
2981 1392 3262 1455 afferebat,
3301 1400 3362 1446 υι

1787 1478 1958 1530 solam
2004 1478 2337 1532 voluntatem
2390 1495 2541 1534 suam
2583 1482 2860 1536 dominam
2909 1481 3256 1547 osmnderct;
3305 1492 3358 1534 et

1785 1583 1932 1622 nunc
1959 1570 2177 1637 quidem
2210 1572 2541 1625 causabatur
2586 1587 2644 1626 se
2688 1587 2808 1627 esse
2842 1572 3226 1643 alienigenam;
3259 1587 3360 1626 nec

1787 1660 2020 1730 peritum
2053 1662 2317 1715 sermonis
2364 1663 2598 1734 regionis
2632 1663 2806 1726 iiIius;
2850 1679 2996 1718 nunc
3023 1679 3151 1717 vero
3179 1661 3360 1717 carnis

1790 1751 2015 1805 insidias
2043 1754 2329 1822 variasque
2363 1755 2580 1824 maligni
2617 1765 2804 1809 artes:
2845 1754 2923 1808 Ne
2963 1756 3123 1823 forte,
3158 1755 3355 1823 inquit,

1786 1858 1872 1895 me
1897 1854 2048 1896 extra
2071 1846 2255 1898 oculos
2280 1855 2489 1899 vestros
2516 1846 2794 1900 inventum
2815 1847 3146 1915 supplantet,
3169 1860 3230 1930 ac
3248 1860 3360 1900 sua:

156 1929 346 2000 πονηροῦ
366 1941 396 1980 1³
416 1931 627 2000 τέχνας’
653 1931 878 1999 Μήποτέ
904 1948 992 1998 με,
1015 1931 1198 1997 φησὶν,
1224 1930 1327 1992 ἔξω
1357 1930 1464 1980 τῶν
1491 1929 1684 1998 ὑμετέ-

1791 1937 2011 1990 malitiae.
2037 1953 2175 2006 opus
2209 1940 2495 2005 exhibeat;
2527 1941 2593 1994 ad
2625 1940 2741 1994 haec
2763 1957 2832 1995 ne
2854 1939 3192 1995 assuefactus
3212 1940 3359 1994 curis

156 2041 240 2089 ρων
261 2021 552 2090 ὀφθαλμῶν
582 2020 825 2090 ὲφευρὼν
856 2021 1207 2091 ὑποσκελίσῃ,
1244 2021 1338 2074 καὶ
1363 2021 1560 2084 κακίας
1581 2021 1679 2090 τῆς

156 2115 313 2166 ἑαυτοῦ
344 2113 506 2183 ἔργον
532 2113 678 2182 δείξῃ
699 2130 710 2143 ·
749 2113 883 2183 πρὸς
917 2113 994 2175 δὲ,
1024 2115 1113 2165 καὶ
1145 2114 1291 2173 ὅπως
1333 2113 1405 2181 μὴ
1437 2114 1683 2188 φροντίσι

1789 2036 1842 2081 et
1877 2029 2220 2093 tumultibus,
2258 2031 2324 2084 de
2355 2042 2552 2084 caetero
2583 2047 2932 2101 pcrmaneam
2963 2032 3277 2101 discrepans
3305 2040 3360 2085 et

1791 2118 2046 2175 dissonus
2074 2122 2138 2175 ad
2173 2122 2338 2176 animi
2369 2125 2607 2194 quietem
2633 2131 2687 2177 et
2716 2121 3182 2191 tranquillitatem.

153 2209 225 2258 καὶ
263 2205 508 2277 θορύϐοις
547 2205 900 2272 συνεθισθεὶς,
948 2207 1169 2275 ἀπᾴδων
1229 2207 1325 2257 τοῦ
1394 2206 1584 2259 λοιποῦ
1629 2209 1722 2260 καὶ
1761 2212 2090 2282 ἀσύμφωνος
2137 2215 2270 2284 πρδς
2305 2216 2536 2286 ἡσυχίαν
2572 2216 2666 2268 καὶ
2720 2214 2963 2283 γαλήνην
3023 2212 3203 2283 ψυχῆς
3254 2214 3360 2266 δια.

154 2318 308 2369 μεενω.

204 2401 317 2452 MZ'.
342 2399 579 2452 Τοιαῦτα
605 2399 871 2467 λέγοντος,
907 2399 999 2452 καὶ
1021 2400 1116 2469 τὴν
1147 2401 1243 2471 τῆς
1273 2401 1450 2472 ψυχῆς
1481 2402 1684 2475 βλάϐην

149 2493 208 2554 ὡς
226 2492 537 2561 δυσωπῆσαι
574 2493 765 2562 ἱκανὴν
790 2489 954 2546 οὖσαν
975 2493 1435 2564 προϐαλλομένου,
1462 2499 1488 2549 ὁ
1514 2496 1685 2566 μέγας

150 2586 280 2637 πάλιν
307 2585 601 2654 Εὑθύμιος,
635 2585 796 2637 Ἀλλά
849 2585 1176 2654 δεησόμεθα,
1209 2580 1253 2638 ὧ
1280 2587 1488 2652 τέκνον,
1527 2591 1682 2658 φησὶ,

148 2680 222 2731 τοῦ
245 2679 392 2742 Θεοῦ,
458 2680 597 2731 ὥστε
650 2680 839 2748 μηδενὶ
885 2680 992 2730 τῶν
1042 2679 1408 2748 βλαπτόντων,
1467 2680 1553 2732 διὰ
1589 2682 1685 2749 τὴν

151 2771 359 2838 ὑπακοὴν
414 2769 693 2838 ἁλώσιμον
745 2769 975 2838 ὀφθῆναί
1041 2786 1120 2821 σε.
1177 2769 1350 2822 Λὺτοῧ
1400 2771 1508 2837 γάρ
1541 2773 1686 2823 ἐστιν

146 2863 324 2930 figuravi}
348 2880 360 2890 ·
391 2864 515 2914 ε’ὺκ
550 2857 741 2930 ἦλθον
756 2860 1206 2927 διακονηθῆναι,
1233 2861 1390 2914 ἀλλὰ
1419 2859 1695 2926 διακονῆ-

149 2966 246 3001 σαι.
270 2951 402 3002 Καί·
437 2952 520 3004 Οὐ
556 2949 704 3002 ποιῶ
743 2949 809 3000 τὸ
841 2949 1071 3016 θέλημα
1106 2949 1173 3001 τὸ
1232 2947 1396 3016 ἐμὸν,
1431 2949 1592 3000 ἀλλὰ
1620 2946 1688 3000 τὸ

147 3043 343 3109 (tarum
376 3040 486 3094 τοῦ
532 3040 886 3108 πέμψαντός
929 3056 1004 3106 με
1054 3040 1300 3106 Πατρός.
1339 3041 1482 3108 Πρὸς
1518 3038 1690 3089 ταῦτα

145 3134 207 3184 ἔτι
226 3135 417 3202 μᾶλλον
447 3132 852 3202 τραχυνομένου
873 3129 965 3182 τοῦ
992 3131 1276 3193 Αὑξεντίου
1309 3133 1400 3182 καὶ
1425 3130 1690 3198 μηδαμῶς

1861 2405 2069 2460 XLVII.
2112 2407 2246 2461 Cum
2277 2407 2392 2462 lucc
2425 2407 2654 2467 diceret.
2680 2414 2735 2460 et
2762 2407 2956 2462 anima:
2978 2422 3176 2460 noxam
3207 2416 3265 2461 ut
3292 2407 3358 2460 ad

1792 2499 2114 2552 movendum
2143 2499 2412 2564 idoneam,
2439 2497 2724 2567 proferret,
2770 2513 2999 2566 magnus
3026 2497 3220 2550 iterum
3250 2497 3361 2550 Eu-

1769 2589 2070 2658 thymius:
2107 2589 2210 2642 Sed
2245 2589 2434 2652 Deum,
2488 2587 2682 2657 inquit,
2732 2574 3047 2653 orabimu5,-
3082 2604 3116 2642 ο
3159 2587 3253 2652 fili,
3303 2597 3362 2640 ut

1805 2689 2027 2748 propter
2065 2678 2450 2742 obedientiam,
2485 2695 2510 2730 a
2544 2680 2693 2732 nullo
2741 2696 2807 2733 ex
2853 2680 2919 2734 iis
2972 2695 3092 2749 qua:
3138 2679 3359 2746 laedunt,

1793 2783 1980 2840 captus
2015 2772 2265 2825 videaris.
2290 2773 2420 2839 Ejus
2446 2773 2592 2825 enim
2621 2788 2722 2827 vox
2755 2781 2838 2825 est
2871 2790 2883 2824 :
2915 2771 3032 2825 Non
3059 2772 3174 2824 veni
3205 2771 3362 2824 mini-

1789 2865 1972 2927 strari,
2009 2864 2097 2916 seu'
2128 2865 2430 2916 ministrare
2460 2865 2500 2916 ⁵.
2537 2863 2599 2916 Et.
2655 2883 2667 2917 :
2723 2864 2837 2916 Non
2871 2865 3009 2934 {acia
3040 2862 3361 2916 voluntatem

1795 2971 1987 3018 meam,
2021 2955 2108 3007 sed
2131 2955 2446 3008 voluntatem
2479 2955 2592 3024 ejus
2621 2956 2708 3024 qui
2739 2956 2880 3008 misit
2907 2971 2987 3008 me
3012 2955 3191 3009 Patris
3217 2955 3236 2986 ‘
3284 2953 3364 3008 Ad

1793 3046 1893 3099 ista
1915 3046 2094 3099 adhuc
2121 3048 2286 3113 magis
2311 3046 2931 3114 cxaspcratoAuxentio,
2954 3055 3008 3100 et
3024 3061 3365 3116 nequaquam

1791 3135 2036 3192 cedente.
2073 3136 2286 3204 gravius
2320 3137 2372 3188 in
2430 3152 2552 3189 cum
2591 3137 2856 3190 invehens
2909 3131 3363 3206 divinus'Euthy-

145 3229 374 3288 :izcnog,
407 3226 714 3294 βαρύτερον
755 3223 904 3294 αὑτῷ
951 3223 1340 3294 προσενεχθεὶς
1361 3225 1389 3272 ὁ
1421 3221 1560 3284 θεῖος
1592 3223 1690 3273 Εὑ-

1795 3226 1971 3278 mins:
2004 3226 2110 3278 Nos
2139 3225 2376 3293 quidem,
2401 3240 2433 3278 ο
2463 3225 2558 3286 fili,
2584 3225 2774 3293 inquit.
2794 3224 2953 3292 ‘quod
2979 3224 3074 3278 tibi
3099 3223 3200 3294 ipsi
3226 3240 3365 3293 quo-

144 3316 323 3386 νέμιος,
341 3317 535 3384 Ἡμεῖς
561 3315 681 3384 μὲν,
703 3309 962 3378 ὦτέκνον,
992 3311 1162 3379 εἶπεν,
1191 3314 1326 3383 ὅπερ
1347 3314 1408 3383 δὴ
1433 3315 1526 3364 καὶ
1547 3311 1690 3381 αὑτῷ

145 3423 206 3458 σοι
239 3408 529 3458 λυσιτελεῖν
559 3407 759 3471 ἐδόκει,
785 3406 1286 3473 συνεϐουλεύσαμεν
1305 3420 1316 3432 ·
1344 3405 1406 3456 σὺ
1429 3405 1483 3455 δὲ
1516 3405 1690 3472 μένων

140 3499 212 3548 ἐπὶ
227 3500 316 3567 τῆς
347 3500 524 3568 αὐτῆς
552 3499 858 3560 ἀπειθείας,
892 3500 1012 3550 ὅσον
1053 3497 1208 3549 οὔπω
1237 3496 1321 3558 τίς
1350 3497 1378 3548 ὁ
1407 3497 1505 3564 τῆς
1534 3497 1691 3547 ἀπειισ

537 3590 681 3660 εἴσῃ.
721 3589 886 3642 Οὑπω
912 3591 1080 3658 ,τέλος
1111 3587 1222 3659 εἶχε
1261 3588 1339 3658 τῷ
1371 3588 1590 3657 μεγάλῳ
1624 3588 1690 3639 τὰ

140 3685 234 3750 είρη
245 3684 402 3749 μένα,
441 3683 545 3735 καὶ
568 3683 758 3734 κλόνον
803 3683 902 3734 οὐκ
930 3678 1024 3734 οἷδ’
1055 3681 1176 3734 ὅθεν
1206 3683 1233 3733 ὁ
1285 3679 1571 3742 Λὺξέντιος
1597 3680 1690 3732 τοῦ

140 3774 360 3842 σώματος
390 3775 670 3836 ὑποστὰς,
723 3773 905 3834 ἄθλιος
935 3773 1028 3825 ἐπὶ
1056 3773 1154 3839 τὴν
1187 3774 1290 3841 γῆν
1332 3771 1686 3834 καταπίπτει,

137 3866 360 3936 δακρύων
393 3868 489 3920 διὰ
532 3867 635 3935 τὴν
686 3865 971 3935 συμφορὰν
1007 3865 1166 3933 μόνον
1188 3875 1214 3913 ‘I
1245 3863 1412 3928 ἄξιος.
1447 3865 1510 3916 Ol
1563 3863 1692 3931 γοῦν

139 3961 372 4026 παρόντες
412 3959 534 4012 τῶν
590 3957 857 4023 ἀδελφῶν,
918 3955 1337 4018 ἐπικλασθέντες
1387 3955 1536 4025 αὑτῷ
1595 3955 1691 4009 τὰς

133 4051 280 4116 ﬁnxi;
297 4050 474 4112 οὑτως
510 4047 765 4109 ἐλεεινῶς
796 4047 988 4116 ἔχοντι,
1021 4045 1553 4115 ὲδέοντοἘὺθυμίου,
1584 4046 1691 4097 ἱκέ-

137 4157 280 4204 tensa,
310 4141 680 4212 ήντηϐόλουν,
717 4138 978 4208 βοηθῆσαι
1001 4136 1257 4206 κειμένῳ,
1291 4139 1386 4190 καὶ
1410 4137 1690 4207 παρακοῆς

135 4233 402 4285 ὑποστάντι
424 4233 689 4301 πονηρὰν
711 4229 935 4282 ἔκτισιν.
957 4229 1014 4281 '0
1043 4229 1122 4292 δὲ,
1140 4229 1276 4296 πρὸς
1295 4227 1469 4288 οὕτως
1491 4228 1689 4296 ἀπειθῆ

135 4320 203 4368 καὶ
229 4320 490 4386 ἀνήκοον,
537 4318 762 4384 ἕτοιμος
794 4312 860 4384 ἦν
887 4317 1206 4369 ὑπακούειν.
1254 4317 1364 4368 Καὶ
1392 4315 1688 4385 λαϐόμενος

133 4408 267 4460 cii-.06
289 4411 398 4463 τῶν
427 4407 672 4478 χειρῶν,
709 4408 960 4476 ἀνίστησι
997 4406 1089 4459 τὸν
1122 4405 1429 4470 Αὑξέντιον,
1464 4405 1693 4474 ὑπότρο-

133 4517 212 4567 μον
257 4502 358 4566 ἔτι,
405 4503 510 4555 καί
540 4501 639 4553 διὰ
691 4500 908 4552 πάντων
959 4497 1156 4568 μικροῦ
1203 4497 1307 4550 τῶν
1364 4497 1538 4566 μελῶν
1593 4497 1693 4566 τὴν

142 3590 262 3652 θείας
285 3592 501 3661 καρπὸς

1796 3331 1901 3384 que
1939 3330 2060 3368 esse
2107 3314 2446 3369 conducibile
2496 3315 2800 3378 videbatur,
2838 3313 3216 3368 consuluimus
3253 3331 3265 3366 :
3307 3323 3364 3368 tu

1797 3416 1978 3460 autem
2021 3407 2074 3475 in
2103 3407 2291 3459 eadem
2336 3421 2565 3458 manens
2615 3397 3003 3468 inohedientia,
3041 3418 3164 3457 mox
3204 3403 3363 3469 scies,

1796 3495 2043 3564 quisnam
2069 3495 2141 3547 sit
2159 3494 2535 3548 inobedientiae
2555 3494 2779 3548 fructus.
2794 3493 3041 3547 Nondum
3062 3493 3252 3546 horum
3281 3492 3366 3546 di-

1798 3596 2008 3640 ctorum
2043 3601 2268 3654 magnus
2315 3585 2476 3638 tinem
2510 3584 2731 3649 fecerat,
2778 3592 2833 3638 ct
2881 3597 3206 3637 concussum
3244 3598 3367 3636 cor-

1799 3677 1948 3746 poris
1975 3677 2162 3730 nescio
2184 3676 2327 3729 unde
2349 3690 2539 3744 passus
2562 3675 2884 3739 Auxentius,
2905 3675 3067 3728 miser
3088 3673 3138 3726 in
3167 3683 3362 3728 terram

1799 3768 2020 3832 decidit,
2047 3768 2218 3821 solum
2243 3767 2438 3836 dignus
2460 3766 2708 3838 Iacrymis
2738 3774 2958 3836 propter
2981 3765 3362 3820 calamitatem.

1799 3861 1900 3925 Qui
1931 3876 2060 3929 ergo
2090 3859 2311 3913 aderant
2344 3875 2409 3913 ex
2444 3858 2729 3920 fratribus,
2775 3857 2927 3911 fracti
2972 3856 3167 3910 animis
3200 3871 3366 3926 super

1799 3967 1865 4005 eo
1897 3963 2002 4005 tam
2048 3951 2247 4005 misere
2292 3950 2510 4016 affecto,
2543 3950 2803 4020 rogabant
2831 3948 3201 4019 Euthymium,
3235 3963 3368 4018 sup:-

1800 4043 2094 4112 plicabant,
2123 4041 2504 4105 obsecrabant,
2533 4048 2592 4092 ut
2620 4053 2779 4109 opem
2804 4037 2971 4091 ferret
2998 4037 3224 4106 jacenti,
3246 4051 3366 4106 gra-

1801 4149 2029 4204 vemque
2055 4148 2314 4203 perpesso
2351 4130 2739 4186 inobedientias
2768 4143 3010 4198 poenam.
3043 4130 3095 4182 Is
3120 4143 3249 4182 vero
3280 4143 3366 4182 er-

1801 4245 1862 4298 ga
1905 4228 2044 4280 adeo
2063 4236 2439 4280 contumacem
2469 4233 2523 4277 et
2551 4222 2980 4284 inobedientcm,
3007 4231 3228 4291 paratus
3253 4229 3369 4274 erat

1799 4319 2055 4382 obedire;
2083 4333 2146 4371 ac
2191 4317 2311 4386 ejus
2341 4315 2595 4370 manibus
2623 4313 2928 4384 prehensis,
2960 4312 3120 4383 erigit
3144 4311 3366 4365 Auxen-

1802 4411 1954 4474 tium,
1983 4407 2398 4464 tremebundum
2424 4407 2625 4471 adhuc,
2649 4414 2704 4460 et
2731 4421 2827 4475 per
2851 4404 3033 4459 omnia
3054 4403 3166 4458 fere
3191 4417 3364 4456 mem-

1801 4500 1894 4554 bra
1923 4513 2111 4568 pinnas
2146 4497 2493 4566 pendentem.
2527 4497 2737 4550 Deinde
2766 4509 2890 4550 cum
2928 4494 3138 4564 signum
3164 4493 3362 4557 crucis,

128 4598 364 4666 τιμωρίαν
399 4599 718 4666 ὑπέχοντα.
754 4591 883 4647 Εἶτα
913 4595 1004 4647 καὶ
1037 4592 1287 4660 καθάπερ
1320 4608 1373 4643 τι
1402 4591 1690 4661 φάρμακον

1799 4589 1970 4643 instar
1998 4585 2280 4656 cujusdam
2313 4582 2728 4646 medicamenti,
2759 4583 2809 4637 ei
2839 4581 3173 4641 immisisset.
3207 4579 3366 4635 solvit

129 4687 247 4755 αὐτῷ
304 4691 366 4757 το
416 4687 522 4741 τοῦ
592 4685 830 4754 σταυροῦ
882 4686 1106 4750 σημεῖον
1147 4681 1439 4745 ἐπιϐαλὼν,
1476 4680 1591 4732 λύει
1616 4679 1693 4748 τῷ

126 4777 362 4851 ἀνθρώπῳ
396 4783 461 4834 τὸ
491 4780 704 4842 πάθος,
761 4778 855 4830 καὶ
897 4777 1026 4844 ὑγιᾶ
1087 4775 1425 4845 παραχρῆμα
1474 4771 1690 4825 δείκνυ-

127 4885 209 4923 ειν.

178 4967 299 5021 IIH'.
328 4967 689 5034 ’Λνενεγκὼν
708 4965 800 5017 οὖν
816 4964 844 5014 ὁ
867 4962 1170 5026 Αὑξέντιος,
1194 4963 1287 5014 καὶ
1313 4961 1412 5030 τῆς
1438 4961 1534 5030 μὲν
1553 4977 1626 5012 πα
1637 4975 1696 5028 ρ-

124 5060 259 5128 ακοῆς
310 5065 390 5126 εἰς
428 5061 545 5130 μνή
558 5076 680 5128 μην
706 5056 898 5120 ἐλθὼν,
935 5056 1108 5118 συνεὶς
1141 5054 1196 5106 δὲ
1224 5057 1315 5107 καὶ
1333 5054 1393 5106 τὸ
1418 5052 1692 5118 κατασκῆ-

124 5149 299 5217 $1st;
325 5153 496 5207 αὑτὸν
555 5150 759 5214 πάθος,
784 5149 877 5200 καὶ
931 5149 1012 5201 ὅτι
1071 5147 1236 5216 μόνης
1282 5144 1347 5216 ἦν
1406 5143 1686 5202 ἀπειθείας

127 5241 254 5307 ἔργον
319 5246 394 5315 μὴ
453 5245 775 5310 ἀγνοήσας,
827 5241 905 5291 ἔτι
953 5239 1174 5308 μείζονα
1237 5235 1393 5303 δίκην
1433 5234 1536 5286 ὑπὸ
1594 5232 1686 5285 τοῦ

127 5337 388 5400 συλσειδὲτος
416 5336 776 5407 ἐπράττετο,
832 5331 924 5382 καὶ
1000 5327 1333 5398 μεταμέλειά
1387 5343 1467 5387 τις
1533 5326 1692 5376 αὑτὸν

127 5424 260 5493 εἱςῄει
291 5429 460 5498 δεινιξ.
537 5424 759 5494 Αμέλει
794 5424 886 5474 καὶ
925 5419 1253 5488 προσπίπτει
1294 5415 1372 5483 τῷ
1409 5414 1686 5484 Εὑθυμίῳ·

127 5515 250 5568 τοίτο
287 5520 383 5588 μὲν
417 5516 778 5586 συγγνώμην
803 5513 906 5564 τῶν
931 5512 1030 5595 ήδη
1074 5507 1460 5578 γεγενημένων
1500 5505 1688 5568 αἰτῶν,

181 5653 197 5680 ⁸
233 5654 413 5710 Ilatth.
459 5653 669 5718 κληῗδ-
751 5649 943 5703 ⁶ιιοιιιι.
980 5667 1027 5714 v,
1064 5649 1151 5702 30.

1798 4680 2073 4735 hominem
2097 4679 2164 4733 ab
2189 4693 2253 4732 ea
2295 4676 2603 4740 affectione,
2631 4673 2925 4743 statimque
2944 4689 3135 4730 sanum
3164 4671 3360 4727 reddit.

1867 4952 2093 5007 XLVIII.
2141 4951 2434 5004 Recreatus
2478 4949 2660 5015 itaque
2711 4944 3036 5007 Auxentius,
3083 4952 3138 4998 et
3176 4942 3364 4997 inobe-

1796 5046 2011 5100 dientiae
2039 5043 2252 5113 quidem
2276 5041 2613 5098 recordatus.
2642 5038 2945 5107 intelligens
2989 5053 3117 5092 vero
3141 5037 3363 5090 calami-

1798 5147 1960 5191 tatem
1991 5150 2108 5203 qua:
2152 5132 2201 5186 ci
2261 5131 2604 5194 incubuerat,
2641 5143 2738 5182 nec
2770 5127 2974 5180 inscius
3017 5141 3152 5194 opus
3195 5123 3363 5180 fuisse

1769 5231 1962 5285 'solius
1999 5227 2374 5288 contumacia,
2417 5224 2648 5294 majores
2679 5222 2860 5276 adhuc
2883 5222 3066 5275 luebat
3088 5236 3276 5290 poenas
3330 5235 3358 5274 ο

1790 5319 2140 5385 conscientia,
2162 5318 2448 5387 gravisque
2465 5330 2584 5368 cum
2611 5313 2778 5368 subiit
2820 5312 3159 5383 pmnitcntia.
3182 5310 3361 5376 Quare

1790 5413 1857 5465 ad
1887 5412 2048 5481 pedes
2081 5409 2313 5479 procidit
2334 5405 2607 5477 Euthymii
2645 5423 2660 5472 ;
2701 5405 2897 5476 partim
2921 5413 3110 5474 petens
3149 5401 3360 5460 veniam

1789 5505 1898 5572 jam
1932 5511 2196 5568 actorum,
2232 5501 2426 5572 partim
2479 5499 2533 5554 in
2558 5498 2802 5554 futurum
2835 5495 3199 5551 securitatem.
3223 5492 3363 5547 Cum

1425 5742 1649 5799 \‘Alllxli
1687 5739 2060 5796 LEG'I'IONES

187 5843 428 5898 ‘al.add.
519 5855 543 5891 ρ
578 5843 658 5897 al.
701 5839 915 5908 ἐχθροῦ.
986 5849 1012 5889 ιι
1047 5840 1113 5897 al.
1155 5842 1354 5906 μόνων.
