4104 6486
743 418 813 481 35
1267 381 1269 383 ’
1972 417 2260 480 uanas
2297 417 2758 479 nummus.

3867 424 3989 487 636

705 530 754 584 is
801 542 932 584 vero
993 529 1044 583 ei
1100 530 1281 583 statim
1342 529 1641 599 ignovisset
1691 531 1914 602 (anima
1966 537 2114 588 enim
2169 547 2292 603 qua:

2410 530 2550 584 ςοῠτο
2576 530 2633 585 δὲ
2667 532 2760 584 καὶ
2788 531 2922 600 πρὸς
2967 530 3026 583 τδ
3055 529 3249 601 μέλλον
3280 531 3605 600 ἀσφάλειαν.
3632 534 3738 586 Τοῦ
3776 534 3837 586 δὲ
3884 541 3988 590 καὶ

708 621 796 675 vix
827 621 1040 675 tandem
1076 621 1141 675 ad
1175 620 1311 675 iram
1342 638 1604 678 conversa
1630 623 1842 687 fuerat,
1875 626 2148 695 quomodo
2177 641 2288 678 non

708 715 902 767 fuisset
949 724 1196 782 prompte
1246 730 1474 769 cursura
1510 716 1578 771 ad
1640 716 2171 772 commiserationem
2218 718 2287 787 ?),

708 813 765 857 et
818 804 1059 857 futurum
1120 814 1333 876 tempus
1364 824 1459 878 per
1487 808 1790 862 oralionem
1851 809 2287 872 communiisset,

709 898 799 953 ille
826 912 948 950 cum
985 898 1261 967 voluptate
1287 909 1341 954 et
1387 900 1556 952 animi
1591 899 1871 954 alacritate
1910 898 2140 968 suscipit
2173 914 2294 952 mu-

710 993 884 1042 lorum
912 989 1297 1044 ministerium.
1330 989 1421 1044 Sic
1441 991 1727 1060 disciplina
1758 991 1969 1045 Domini
2001 992 2044 1055 ',
2078 1000 2138 1046 ut
2167 1006 2291 1046 cum

712 1084 893 1138 divina
937 1084 1217 1154 Scriptura
1249 1086 1438 1155 loquar
1472 1127 1486 1151 ,
1519 1096 1573 1141 et
1605 1102 1762 1140 aures
1795 1088 2007 1155 aperit;
2036 1099 2093 1141 et
2132 1088 2294 1156 plane

715 1178 901 1246 adjicit
950 1176 1384 1246 intelligentiam.
1437 1178 1504 1232 Et
1554 1179 1647 1248 qui
1681 1188 1974 1249 antequam
2022 1179 2293 1248 deprime-

717 1280 868 1321 retur
892 1266 1222 1337 humilisque
1264 1268 1603 1333 redderetur,
1635 1271 1995 1325 contumacia:
2014 1279 2293 1340 peccatum

717 1358 1030 1421 admiserat,
1073 1368 1197 1428 post
1234 1359 1647 1428 depressionem
1704 1362 2176 1431 humilitatemque
2231 1377 2296 1415 ex

717 1450 999 1520 disciplina
1051 1460 1228 1506 ortam
1273 1491 1288 1514 ,
1351 1452 1605 1522 cognitus
1649 1453 1754 1508 fuit
1798 1454 1871 1509 ad
1929 1454 2297 1509 obedientiam

720 1552 1025 1612 promptus.
1043 1543 1171 1600 Haec
1186 1545 1319 1599 mihi
1335 1545 1664 1601 anachoreta
1684 1545 1945 1617 Cyrincus
1960 1547 2071 1619 (57)
2094 1548 2183 1602 ille
2207 1549 2298 1618 qui

721 1633 792 1685 ab
845 1634 1066 1687 ineunte
1096 1635 1314 1704 quidem
1343 1644 1504 1691 aetate
1535 1647 1724 1692 tonsus
1764 1638 1941 1693 fuerat
1967 1639 2023 1693 in
2049 1640 2301 1694 emnobio

723 1724 1143 1795 Euthmiilb’S),
1164 1736 1449 1798 postquam
1469 1738 1650 1784 autem
1666 1745 1789 1784 cum
1815 1730 1932 1799 ejus
1955 1729 2065 1803 (59)
2084 1746 2303 1786 succes-

723 1817 941 1871 soribus
960 1818 1093 1873 satis
1125 1819 1286 1891 longo
1313 1829 1556 1892 tempore
1581 1830 1730 1877 esset
1758 1831 2030 1885 versatus,
2058 1838 2305 1877 onmem-

2392 625 2719 694 συγγνόντας
2746 624 2945 687 εὐθέως
2973 624 3123 695 αὐτῷ
3154 623 3227 696 (ἡ
3291 626 3401 694 γὰρ
3428 627 3564 697 πρὸς
3618 627 3790 698 ὀργὴν
3840 645 3987 698 τρα-

2391 718 2554 768 πεϊσα
2582 714 2733 786 μόλις
2758 714 2925 784 ψυχὴ,
2969 714 3087 777 πῶς
3130 716 3229 768 οὐκ
3279 716 3498 784 ἔμελλεν
3549 718 3782 787 ἑτοίμως
3844 721 3989 788 δρα-

2396 806 2515 876 μεῖν
2576 808 2656 868 ei;
2708 805 3144 874 συμπάθειανς),
3178 809 3275 858 καὶ
3320 806 3384 858 τὸ
3443 806 3638 875 μέλλον
3677 808 3746 860 δι’
3807 809 3985 877 εὐχῆς

2393 897 2860 964 ἀσφαλισαμένου,
2895 898 3013 966 μεθ’
3062 897 3257 967 ἡδονῆς
3289 898 3498 962 ἐκεῖνος
3538 900 3632 951 καὶ
3661 898 3986 969 προθυμίας

2392 989 2490 1059 τὴν
2535 989 2643 1042 τῶν
2698 990 2941 1061 ἡμιόνων
2996 992 3304 1059 ἀναιρεῖται
3369 992 3665 1045 διακονίαν.
3705 992 3900 1055 Οὕτως
3948 996 3984 1060 ή

2394 1080 2635 1135 παιδεία
2688 1084 2932 1150 Κυρίου,
3002 1083 3147 1136 κατά
3188 1084 3288 1151 τὴν
3336 1083 3484 1137 θείαν
3529 1084 3694 1151 φάναι
3725 1086 3983 1154 Γραφὶςν,

2394 1172 2598 1242 ἀνάγει
2630 1190 2693 1227 τε
2739 1175 2811 1228 τὰ
2850 1170 2990 1241 ὦτα,
3042 1176 3138 1228 καὶ
3164 1174 3301 1238 ενοῦν
3327 1175 3572 1247 ἀκριϐῶς
3619 1179 3983 1246 προστίθησι.

2399 1266 2507 1319 Καὶ
2543 1270 2570 1319 ό
2594 1267 2699 1337 πρὸ
2727 1267 2821 1319 τοῦ
2842 1267 3245 1335 ταπεινωθῆναι
3296 1270 3395 1339 τὴν
3455 1268 3742 1321 ἀπείθειαν
3794 1270 3986 1338 πλημ-

2401 1358 2659 1428 μελήσας,
2692 1357 2831 1427 μετά
2854 1358 2952 1429 τὴν
2980 1359 3043 1410 ὲκ
3070 1357 3315 1420 παιδείας
3349 1358 3705 1418 ταπείνωσιν,
3756 1358 3987 1426 ἕτοιμος

2399 1449 2534 1520 πρὸς
2582 1451 2826 1521 ὑπακοὴν
2870 1450 3217 1519 ὲγνωρίζετο.
3264 1449 3451 1503 Ταῦτά
3501 1451 3642 1519 μοιό
3690 1453 3987 1519 ἀναχωρηο

2399 1544 2499 1611 τὴς
2548 1542 2824 1611 Κυριακὺς
2873 1543 3173 1613 διηγήσατο
3197 1580 3212 1605 ,
3252 1543 3528 1612 κυριακὸς
3557 1544 3783 1605 ἐκεῖνος,
3815 1542 3877 1604 ὃς
3920 1545 3987 1592 ἐκ

2400 1635 2522 1689 νέου
2585 1635 2681 1705 μὲν
2724 1635 2803 1705 τῷ
2824 1635 2917 1689 τοῦ
2956 1636 3193 1706 μεγάλου
3240 1636 3519 1703 Εὐθυμίου
3580 1632 3986 1702 ἐναπεκειρατο

2401 1728 2673 1798 κοινοϐίῳ,
2705 1730 2817 1790 τοῖς
2860 1728 3068 1781 ἐκείνου
3116 1728 3173 1781 δὲ
3219 1727 3481 1798 διαδόχοις
3524 1727 3715 1798 χρόνον
3793 1728 3988 1779 ἱκανὸν

2408 1820 2826 1890 συγγενόμενος,
2857 1820 2950 1872 καὶ
2979 1822 3163 1873 πᾶσαν
3216 1819 3360 1890 παρ’
3408 1820 3587 1872 αὐτῶν
3642 1821 3735 1871 τοῦ
3785 1817 3989 1885 avem;

723 1923 831 1977 que
854 1909 923 1962 ab
946 1908 1025 1963 eis
1049 1910 1149 1964 viri
1181 1920 1234 1966 et
1274 1912 1747 1979 exercitationem,
1787 1923 1842 1969 et
1865 1915 1988 1970 vitae
2036 1916 2299 1970 rationem

2410 1908 2636 1980 ἄσκησίν
2678 1927 2738 1962 τε
2762 1911 2854 1963 καὶ
2886 1910 3161 1963 πολιτείαν
3188 1910 3324 1980 πρὸς
3359 1910 3646 1979 ἀκρίϐειαν
3698 1907 3987 1978 ἐκμαθὼν,

725 2007 977 2054 accurate
998 1999 1294 2066 didicisset,
1321 2012 1510 2071 postea
1540 2003 1595 2057 in
1622 2003 1773 2057 laura
1790 2006 1994 2059 veteris
2014 2003 2168 2058 Sura:
2186 2002 2298 2075 (60)

727 2090 1067 2160 septuaginta
1085 2091 1195 2161 (Gl)
1216 2092 1329 2149 fere
1343 2094 1468 2148 totis
1483 2094 1646 2149 annis
1664 2110 1722 2148 se
1741 2096 2005 2160 exercuit,
2025 2095 2174 2149 omni
2194 2096 2302 2150 vir-

728 2190 846 2233 tute
874 2194 937 2233 ac
969 2179 1212 2237 honestae
1243 2182 1363 2237 vitae
1387 2184 1663 2252 praiclaris
1682 2184 1838 2240 factis
1858 2184 2149 2240 admodum
2180 2185 2305 2239 illu-

727 2275 874 2330 stris.

801 2368 986 2420 XLIX.
1029 2369 1093 2421 Et
1114 2368 1243 2422 illud
1265 2376 1447 2424 autem
1478 2371 1596 2441 ipse
1620 2373 1751 2426 mihi
1784 2374 1988 2439 retulit,
2025 2374 2167 2443 quod
2193 2374 2304 2429 duo

730 2474 793 2512 ex
826 2458 1104 2523 fratribus,
1130 2461 1279 2515 Maro
1308 2472 1365 2516 et
1393 2464 1710 2526 Clematius,
1742 2467 1807 2520 ad
1827 2467 2197 2522 austeritatem
2222 2469 2303 2522 vi-

732 2558 799 2603 ta:
838 2566 901 2605 ac
960 2552 1257 2623 disciplinae
1301 2556 1354 2610 in
1415 2557 1564 2611 laura
1604 2559 1902 2615 observata:
1970 2560 2303 2626 fatiscentes,

734 2638 875 2693 inter
901 2657 960 2697 se
1010 2658 1409 2713 convenerunt,
1438 2658 1498 2703 ut
1556 2650 1705 2705 illinc
1744 2651 2051 2707 clanculum
2100 2652 2303 2723 elfugc-

734 2739 878 2799 rent,
908 2743 962 2788 et
1011 2752 1071 2790 se
1098 2747 1260 2792 noctu
1288 2739 1472 2794 furtim
1501 2741 1868 2812 subriperent.
1892 2745 2019 2799 litec
2075 2747 2152 2800 illi
2182 2748 2306 2816 qui-

736 2822 859 2877 dem
910 2829 1182 2883 communi
1229 2846 1500 2887 consensu
1540 2833 1903 2903 loquebantur
1944 2847 1999 2893 et
2054 2839 2195 2908 apud
2249 2852 2309 2892 se

740 2915 1079 2985 cogitabant:
1113 2920 1207 2974 sed
1258 2922 1347 2990 qui
1377 2932 1586 2978 secreta
1614 2926 1807 2995 aperit,
1836 2936 1890 2980 et
1939 2926 2004 2982 iis
2040 2929 2133 2998 qui
2179 2936 2310 2983 sunt

738 3006 991 3076 dedicati,
1032 3010 1165 3066 dicit
1199 3027 1295 3081 per
1349 3012 1539 3069 Isaiam
1567 3034 1595 3084 ι,
1622 3015 1746 3071 Non
1778 3020 1875 3071 erit
1932 3020 2026 3073 tibi
2080 3020 2310 3090 amplius

738 3099 817 3152 sol
845 3101 900 3153 in
945 3100 1112 3155 lucem
1145 3104 1269 3166 diei,
1299 3120 1460 3168 neque
1492 3115 1638 3161 ortus
1671 3107 1807 3162 (una:
1838 3109 2160 3164 illuminabit
2217 3113 2312 3167 tibi

740 3200 982 3255 noctem;
1022 3193 1112 3245 sed
1162 3194 1262 3246 erit
1297 3194 1391 3246 tibi
1441 3194 1695 3250 Dominus
1736 3198 1829 3250 lux
1881 3200 2197 3266 sentpilerna
2228 3202 2249 3233 ⁸
2293 3219 2306 3256 :

741 3280 859 3350 ipse
887 3282 988 3334 hoc
1017 3298 1234 3352 quoque
1276 3284 1631 3340 manifestum
1669 3286 1800 3342 facit
1828 3289 2030 3343 famulo
2055 3306 2172 3345 suo.
2209 3289 2313 3345 Fa-

742 3371 818 3424 cit
864 3382 1044 3427 autem
1085 3373 1191 3429 hoc
1237 3386 1419 3445 pacto.
1452 3376 1511 3430 ln
1558 3378 1742 3447 quiete
1767 3380 1912 3433 enim
1963 3381 2179 3451 degenti
2225 3380 2319 3437 ali-

742 3462 962 3529 quando
1011 3463 1137 3519 huic
1171 3480 1367 3537 magno
1396 3477 1450 3521 et
1480 3468 1786 3523 admirabili
1836 3470 2127 3541 Euthymio
2168 3472 2318 3527 visus

743 3560 829 3605 est
878 3553 1145 3624 malignus
1204 3556 1411 3613 Maroni
1470 3568 1524 3615 et
1576 3560 1838 3616 Clematio
1872 3602 1887 3624 ,
1950 3572 2203 3633 tauquam
2248 3565 2318 3619 ob

746 3645 932 3701 oculos
964 3657 1151 3703 sancto
1179 3652 1581 3717 assistentibus,
1626 3654 1840 3708 frenum
1876 3656 2102 3726 injicere
2128 3698 2143 3721 ,
2194 3672 2318 3712 eos-

744 3749 851 3803 que
878 3735 1212 3805 inlaquenm
1246 3741 1458 3797 trahere
1488 3745 1886 3814 gravissimum.

823 3913 883 3970 L.
926 3916 976 3973 Is
998 3934 1129 3974 vero
1147 3922 1327 3976 statim
1368 3923 1663 3979 intellectis
1692 3926 1925 3991 insidiis,
1957 3928 2185 3982 arcessit
2215 3929 2323 3982 fra-

750 4015 861 4061 tres
896 4006 1168 4063 Maronem
1204 4021 1258 4065 et
1303 4012 1649 4078 Clematium,
1680 4031 1883 4084 eosque
1932 4018 2203 4084 hortatur,
2227 4020 2325 4074 ad-

753 4109 957 4164 monet,
987 4111 1156 4171 rogat,
1182 4103 1358 4166 docet,
1396 4105 1707 4175 alloquitur,
1744 4116 1799 4161 et
1834 4108 2097 4178 prolixam
2121 4110 2323 4165 oratio-

752 4207 877 4246 nem
901 4195 1064 4249 habet
1089 4197 1154 4250 de
1205 4199 1510 4265 tolerantia,
1564 4200 1820 4270 quodque
1848 4217 1987 4271 opus
2018 4203 2091 4257 sit
2122 4203 2327 4272 ubique

753 4287 983 4354 plurima
1021 4292 1265 4345 custodia
1291 4306 1345 4346 et
1395 4295 1669 4349 cautione.
1701 4294 1906 4349 Deinde
1934 4296 1986 4348 in
2018 4296 2325 4365 exemplum
2364 4338 2368 4345 .

756 4379 835 4433 eis
872 4382 1092 4436 adducit
1129 4384 1394 4439 Adamum
1431 4396 1483 4440 et
1515 4384 1754 4454 Jobnm;
1808 4387 1961 4441 illum
1997 4389 2216 4458 quidem
2271 4389 2327 4443 in
2366 4371 2377 4377 ”

756 4474 1009 4540 paradiso
1041 4476 1275 4530 mandati
1315 4478 1653 4545 violatorem,
1696 4480 1846 4535 hunc
1867 4496 1996 4536 vero
2021 4479 2326 4551 omnigenie
2370 4517 2373 4520 ‹

2409 1999 2634 2069 ὕστερον
2696 2001 2833 2069 πρὸς
2901 2002 2966 2068 τῇ
3051 1998 3230 2068 λαύρα
3305 1997 3399 2050 τοῦ
3484 1995 3718 2050 παλαιοῦ
3798 1996 3989 2048 Σουκᾶ

2409 2094 2538 2161 παρ’
2570 2093 2725 2154 ὅλους
2754 2091 3126 2160 ἑϐδομήκοντα
3153 2090 3335 2161 σχεδὸν
3398 2091 3678 2151 ἐνιαυτοὺς
3711 2089 3986 2158 ἤσκησεν,

2408 2186 2576 2255 ἀρετῇ
2630 2184 2777 2256 πάσῃ
2841 2186 2933 2237 καὶ
2985 2183 3100 2254 βίου
3125 2182 3323 2253 σεμνοῦ
3374 2180 3792 2254 κατορθώμασιν
3862 2184 3991 2235 ὲπι-

2412 2275 2597 2346 φανῶς
2632 2275 2962 2343 διαλάμψας.

2480 2368 2612 2423 ΜΘ’.
2640 2370 2874 2421 Κάκεῖνο
2897 2367 2954 2419 δέ
2992 2384 3082 2436 μοι
3108 2368 3136 2421 ό
3178 2366 3339 2429 αὐτὸς
3365 2365 3690 2434 διηγήσατο,
3747 2365 3832 2416 ὅτι
3893 2363 3991 2417 δύο

2410 2460 2554 2523 τινὲς
2581 2459 2691 2512 τῶν
2723 2458 2990 2527 ἀδελφῶν,
3022 2458 3230 2529 Μάρων
3268 2475 3325 2511 τε
3354 2459 3449 2510 καὶ
3474 2455 3811 2525 κλημάτιος,
3849 2455 3993 2524 πρὸς

2411 2552 2473 2604 τὴ
2501 2552 2672 2621 τραχὺ
2703 2550 2805 2618 τῆς
2838 2549 2978 2602 κατὰ
3002 2549 3100 2619 τὴν
3136 2547 3345 2618 λαύραν
3374 2547 3597 2615 ἀγωγῆς
3635 2545 3729 2598 καὶ
3773 2545 3993 2613 διαίτης

2413 2642 2909 2714 ἀπαγορεύσαντες,
2929 2641 3200 2711 συνθήκας
3225 2639 3406 2692 ἔθεντο
3429 2638 3563 2707 πρὸς
3583 2636 3870 2706 ἀλλήλους,
3890 2638 3992 2689 λα-

2415 2735 2614 2806 θραίως
2642 2736 2848 2787 ἐκεῖθεν
2885 2736 3165 2802 ἐκφυγεῖν,
3208 2734 3301 2787 καὶ¹
3330 2732 3435 2787 ὑπὸ
3464 2731 3635 2784 νύκτα
3663 2730 3863 2799 κλέψαι
3894 2730 3995 2798 τὴν

2414 2829 2777 2899 ἀναχώρησιν.
2813 2827 2999 2881 Ταῦτα
3041 2829 3092 2880 οἱ
3120 2827 3219 2897 μὲν
3241 2822 3688 2893 ἑκοινολογοῦντο
3715 2825 3813 2876 καὶ
3864 2824 3994 2876 καθ’

2408 2920 2640 2983 ’ἑαυτοὺς
2680 2920 3055 2973 διεσκέπτοντο
3080 2933 3094 2949 °
3127 2919 3240 2972 ἀλλ’
3276 2920 3305 2971 ὁ
3334 2916 3735 2971 ἀνακαλύπτων
3793 2914 3995 2985 βαθέα,

2416 3012 2512 3064 καὶ
2561 3014 2673 3074 τοῖς
2701 3010 3075 3079 ἀνακειμένοις
3112 3009 3261 3079 αὑτῷ
3295 3008 3383 3061 διὰ
3438 3007 3661 3061 Ἡσαΐου
3723 3006 3985 3071 φάσκων,

2417 3105 2499 3158 ὅτι
2534 3106 2658 3159 Οὐκ
2712 3105 2885 3158 ἔσται
2918 3120 3019 3158 σοι
3065 3104 3154 3156 ἔτι
3181 3106 3213 3157 ό
3241 3102 3418 3171 ἥλιος
3456 3103 3545 3166 εἰς
3588 3100 3715 3169 φῶς
3740 3097 3997 3167 ἡμέρας,

2417 3196 2557 3251 οὐδὲ
2637 3196 2903 3264 ἀνατολὴ
2942 3194 3215 3260 σελήνης
3279 3192 3484 3262 φωτιεῖ
3540 3208 3639 3245 σοι
3715 3190 3835 3255 τὴν
3886 3190 3995 3242 γύ-

2417 3303 2549 3348 κτα,
2617 3286 2757 3340 ἀλλ’
2826 3285 3000 3338 ἔσται
3053 3300 3153 3337 σοι
3224 3283 3440 3351 Κύριος
3530 3279 3654 3348 φῶς
3709 3276 3959 3330 αἰώνιον

2417 3377 2578 3438 αὐτὸς
2600 3375 2822 3444 ἔκδηλον
2845 3373 3112 3428 καὶτοῦτο
3132 3375 3277 3425 ποιεῖ
3305 3372 3384 3442 τῷ
3445 3369 3629 3439 οἰκείῳ
3676 3368 3989 3438 θεράποντι.

2418 3471 2571 3523 Ποιεί
2591 3469 2647 3522 δὲ
2694 3466 2820 3522 ὦδε.
2882 3467 3243 3537 Ἠσυχάζοντι
3275 3465 3384 3534 γάρ
3440 3479 3570 3516 ποτε
3626 3460 3710 3529 τῷ
3763 3459 3992 3528 μεγάλῳ

2415 3561 2592 3629 τούτῳ
2622 3560 2717 3612 καὶ
2745 3557 3044 3629 θαυμαστῷ
3087 3554 3370 3625 Εὑθυμίῳ,
3426 3552 3587 3625 ἐῴκει
3647 3550 3882 3622 Μάρωνί
3942 3567 4003 3603 τε

2420 3653 2514 3706 καὶ
2545 3651 2847 3720 Κληματίῳ
2880 3649 3095 3720 χαλινὸν
3125 3647 3384 3718 ὲμϐαλεϊν
3408 3646 3437 3699 ὁ
3463 3644 3723 3715 πονηρῦς,
3742 3643 4003 3711 καθάπερ

2426 3747 2517 3800 ὑπ’
2552 3744 2866 3814 ὀφθαλμοὺς
2900 3742 2976 3806 τῷ
3028 3741 3169 3810 ἁγίῳ
3219 3737 3651 3809 παρισταμένοις
3685 3744 3728 3799 τ,
3773 3735 3875 3787 καὶ
3924 3736 4004 3795 εἰς

2425 3839 2625 3905 παγίδα
2676 3837 2897 3898 τούτους
2920 3834 3100 3887 ἕλκειν
3126 3832 3538 3903 χαλεπωτάτην.

2503 3928 2584 3983 Ν.
2644 3929 2701 3982 Ὀ
2743 3927 2819 3988 δὲ,
2862 3922 3154 3993 συμϐαλὼν
3180 3923 3339 3985 εὐθὺς
3368 3921 3468 3991 τὴν
3491 3917 3802 3987 ἐπιϐουλὴν,
3840 3932 4008 3986 μετα-

2424 4024 2670 4078 καλεῖται
2690 4021 2817 4083 τοὺς
2848 4016 3131 4086 ἀδελφοὺς.
3153 4017 3395 4084 Μάρωνα
3411 4013 3505 4067 καὶ
3523 4011 4009 4080 Κλημάτιον,παρ-

2425 4117 2589 4172 αινῶν
2640 4112 3156 4180 αύτοίς,νουθετῶν,
3186 4108 3546 4180 παρακαλῶν,
3564 4104 3857 4165 διδάσκων,
3886 4102 3976 4153 δια
4000 4132 4007 4139 -

2427 4208 2740 4276 λεγόμενος,
2760 4205 3001 4276 μακροὺς
3024 4203 3150 4273 περὶ
3172 4200 3446 4269 ὑπομονῆς
3461 4198 3761 4251 ἀποτείνων
3788 4192 4007 4259 λόγους,

2432 4300 2526 4354 καὶ
2554 4300 2637 4353 ὅτι
2669 4298 2871 4367 πολλῆς
2912 4295 3188 4366 πανταχοῦ
3220 4292 3467 4360 ςυλακῆς
3508 4288 3664 4359 χρεία
3688 4287 3783 4339 καὶ
3827 4287 4010 4352 ﬁnga—

2430 4391 2597 4454 λείαςο
2628 4386 2746 4443 εἶτα
2768 4393 2864 4441 καὶ
2888 4388 2981 4441 τὸν
3002 4386 3175 4454 Ἀδὰμ
3188 4386 3369 4446 αὐτοῖς
3390 4383 3694 4449 ὑπόδειγμα
3718 4379 4005 4448 παράγων,

2436 4485 2531 4539 καὶ
2557 4484 2646 4537 τὸν
2682 4482 2826 4545 Ἰὼϐ,
2846 4482 2937 4535 τὸν
2973 4480 3070 4550 μὲν
3098 4482 3156 4532 ὲν
3189 4477 3497 4548 παραδείσῳ
3524 4475 3620 4545 τὴν
3641 4474 3867 4542 ἐντολὴν
3883 4472 4010 4525 ἀθε-

756 4564 971 4620 virtutis
1002 4608 1016 4631 ,
1080 4568 1132 4621 in
1186 4571 1527 4639 sterquilinio
1573 4571 2084 4628 demonstratorem.
2143 4573 2310 4642 Neque

2434 4577 2694 4644 τήσαντα,
2722 4573 2812 4626 τὸν
2838 4573 2893 4625 δὲ
2928 4572 3025 4626 καὶ
3057 4573 3166 4623 πᾶν
3190 4569 3390 4639 ἀρετῆς
3424 4563 3562 4623 εἶδος
3621 4567 3715 4619 ἐπὶ
3774 4564 4013 4634 κοπρῐας

760 4659 878 4717 haec
897 4665 1335 4732 prretermittens,
1359 4669 1502 4737 quod
1532 4676 1750 4738 oportet
1774 4669 2102 4724 monachum
2124 4685 2328 4740 nequa-

761 4772 766 4777 ’
830 4779 851 4808 ⁷
873 4777 978 4831 lsa.
1009 4795 1060 4840 1.,
1093 4780 1144 4833 5.
1260 4780 1282 4811 ⁸
1316 4780 1399 4834 Isa
1430 4798 1516 4847 ωε,
1543 4780 1632 4836 19.

2434 4667 2854 4737 ἀποδειξάμενον
2883 4677 2951 4717 ιτ
3003 4663 3123 4718 οὐδὲ
3158 4662 3298 4717 αὐτὰ
3360 4660 3736 4731 παραλείπων,
3800 4659 3886 4711 ὅτι
3938 4657 4016 4709 δεῖ

2052 4851 2291 4906 VARUE
2328 4849 2623 4907 LECTION
2628 4850 2731 4905 ES.

822 4946 843 4975 ι’
873 4938 942 4992 al.
988 4945 1451 5011 παρισταμένους.
1552 4951 1574 4980 ³
1605 4943 1676 4998 al.
1710 4944 2145 5015 ἐπιδειξάμενον.

1964 5036 2160 5093 JOAN.
2199 5036 2537 5091 BOLLANDI
2573 5034 2807 5091 ΝΟΤᾹΕ.

841 5147 952 5215 (57)
997 5150 1068 5201 lle
1095 5147 1150 5201 S.
1187 5149 1434 5220 Cyriaco,
1471 5153 1585 5206 sive
1626 5152 1902 5219 Qniriaco,
1931 5164 2109 5207 aetum
2153 5164 2236 5207 est
2279 5155 2332 5207 in

809 5220 1167 5293 relegonr._n.
1220 5224 1272 5293 9.
1326 5222 1400 5275 De
1431 5227 1546 5289 ejus
1579 5235 1736 5278 aetate
1777 5240 1925 5277 num.
1966 5223 2034 5277 12
2085 5234 2140 5278 et
2179 5240 2333 5293 seqq.

809 5236 1066 5286 relegem.
1114 5236 1167 5273 n.
1220 5236 1272 5274 ιι.
1326 5236 1400 5275 ue
1431 5237 1546 5289 ejus
1579 5242 1623 5278 il:

766 5236 945 5361 Quam
979 5289 1223 5361 dabimus
1244 5292 1312 5347 29
1351 5293 1624 5361 Septemb.

842 5359 956 5429 (58)
998 5360 1080 5433 Ali
1115 5361 1229 5427 ipso
1261 5362 1317 5415 S.
1357 5359 1681 5433 Enthymio;
1711 5382 1731 5414 ι
1764 5364 1915 5433 cujus
1944 5364 2113 5418 beata:
2144 5379 2338 5419 manus

772 5447 1004 5503 sacrum
1035 5430 1152 5503 ejus
1190 5446 1345 5498 caput
1388 5430 1709 5500 tetigerunt,
1756 5430 1917 5488 simul
1957 5435 2173 5503 quidem
2213 5450 2335 5488 eum

772 5501 1076 5555 monastico
1134 5501 1415 5555 induentes
1462 5503 1668 5566 habitu,
1712 5515 1767 5557 et
1815 5506 1866 5558 in
1915 5501 2038 5558 eum
2076 5512 2340 5559 vocantes

771 5571 1075 5624 uberiorem
1113 5570 1748 5645 §niritnsoperationem.
1786 5593 1804 5625 ι
1834 5576 1965 5627 Acta
2000 5575 2136 5645 ejus.
2168 5576 2227 5628 ld
2262 5574 2341 5627 fa-
2380 5574 2387 5580 ’

771 5650 927 5693 ctum
950 5654 1089 5693 anno
1112 5641 1210 5697 Ch.
1243 5641 1366 5697 465.

843 5709 1040 5783 (59)Αρ
1070 5709 1133 5783 S._
1160 5712 1460 5783 l‘luthymio,
1492 5714 1634 5781 quod
1665 5713 1920 5767 imberbis
1952 5722 2115 5778 esset,
2143 5713 2341 5767 missus

777 5783 827 5831 l'n
857 5792 875 5832 t
920 5781 983 5852 ad
1096 5779 1434 5836 Gerasintuut
1463 5799 1477 5835 :
1514 5779 1543 5835 ιι
1577 5783 1729 5852 cujus
1755 5786 1901 5838 obitu
1939 5786 2095 5838 rediit
2128 5785 2193 5835 ad
2226 5783 2341 5836 lau-

781 5866 891 5903 t‘nttt
928 5849 984 5902 b'.
1016 5850 1289 5922 Euthymii
1328 5868 1471 5910 anno
1528 5849 1657 5922 475,
1699 5856 2006 5924 mansitque
2037 5855 2158 5909 istic
2190 5856 2342 5907 anuis

2433 5152 2688 5227 ltlntirr
2703 5153 2821 5220 ejus
2852 5149 3000 5203 Actis
3030 5148 3259 5227 legitur.“
3296 5216 3307 5227 .
3479 5216 3489 5227 _

2500 5222 2617 5292 (60)
2660 5216 2819 5277 De'ea
2844 5234 3021 5273 aetqu
3056 5216 3205 5271 mnu.
3228 5218 3263 5271 2
3296 5216 3348 5269 in
3375 5216 3579 5292 prnleg.
3611 5216 3838 5271 additur
3868 5227 4019 5269 rele-

2435 5289 2520 5347 ris‘
2544 5289 2612 5346 ob
2646 5294 2874 5346 Lauram
2902 5306 3113 5347 novam,
3137 5304 3241 5341 non
3274 5290 3459 5354 procul
3497 5289 3619 5339 inde
3641 5296 4017 5340 exstructam.

2505 5362 2620 5432 (6|)
2665 5364 2724 5415 lli
2767 5362 3104 5432 septuaginta
3138 5358 3261 5432 anni
3308 5368 3598 5432 censentur
3634 5372 3664 5432 ιι
3700 5356 4022 5432 ᾀιςεεδριιὶ

2437 5424 2771 5488 tuonaSIcrio
2816 5424 2876 5485 Ξ.
2914 5424 3243 5498 Enthymii:
3286 5444 3314 5478 e
3355 5429 3551 5493 quibus
3592 5425 3935 5498 ministravit
3957 5424 4022 5478 59

2438 5520 2608 5558 annos
2652 5504 2702 5554 in
2737 5503 2885 5555 lanra
2923 5496 3109 5562 Sacae;
3147 5496 3212 5549 10
3245 5502 3505 5562 transegit
3543 5498 3593 5548 in
3624 5497 4023 5549 solitudinibus

2439 5574 2631 5638 partim
2660 5571 2927 5639 Natupha,
2950 5570 3141 5639 partim
3173 5567 3323 5620 [iuba
3347 5581 3361 5625 ;
3386 5566 3415 5617 ’ῖ
3450 5566 4021 5639 n.ansit_in§n5aetm;

2437 5635 2470 5698 5
2489 5646 2538 5697 in
2563 5635 2817 5714 spelunca
2844 5640 2903 5693 S.
2940 5638 3289 5714 _Charitnuis_;
3316 5646 3368 5714 et
3392 5640 3630 5714 rursus§
3654 5635 4021 5714 inhSusacim;

2438 5728 2500 5767 ac
2529 5704 2739 5766 tandem
2768 5710 2803 5763 2
2826 5711 2983 5764 anuis
3014 5706 3298 5763 transactis
3324 5706 3377 5759 in
3405 5719 3561 5761 antro
3588 5708 3647 5761 δ.
3678 5704 4021 5769 Charitonis,

2442 5784 2595 5839 obiit.
2641 5783 2713 5835 Ila
2748 5784 2863 5851 eius
2894 5783 3051 5835 Acta.
