4104 6486
752 437 864 504 639

1995 437 2280 500 MENSIS
2310 438 2766 501 JANUARIUS.

3907 434 4000 496 640

746 552 977 606 miseros
1022 555 1205 604 autem
1249 561 1344 603 eos
1375 546 1468 617 qui
1501 544 1701 613 rident,
1752 546 1966 617 sibique
2003 561 2112 601 non
2156 556 2331 602 atten-

2443 548 2561 611 τοὺς
2603 547 2875 617 γελῶντας
2919 546 3015 601 καὶ
3040 546 3255 611 ἑαυτοῖς
3296 546 3372 618 μὴ
3404 548 3787 618 προσέχονταςο
3839 545 4000 610 ἄλλως

746 642 903 696 dunt.
935 637 1283 707 Carleroquin
1337 645 1523 707 aperta
1555 636 1770 692 inscitia
1802 646 1886 692 est
1940 646 1996 692 et
2029 637 2332 709 disciplina:

747 732 987 794 violatio,
1013 730 1345 784 monachum
1396 728 1536 782 ultra
1571 728 2004 783 mediocritatem
2045 727 2211 797 loqui,
2238 735 2333 781 aut

745 823 809 875 ad
856 822 1133 891 quodlibet
1185 820 1416 885 moveri,
1451 820 1536 873 vel
1570 821 1735 876 etiam
1777 819 2031 875 ﬁduciam
2086 835 2328 874 sumere.

745 915 933 968 Patres
964 914 1107 967 enim
1140 912 1394 967 fiduciam
1455 913 1731 983 appellant
1787 914 1852 979 υ,
1889 913 2134 968 omnium
2171 913 2331 983 plane

746 1006 1002 1059 vitiorum
1030 1012 1286 1058 matrem.

818 1115 947 1169 Llll.
975 1114 1070 1170 His
1108 1115 1323 1185 quidem
1353 1117 1531 1170 verbis
1565 1117 1655 1171 ille
1678 1133 1799 1171 cum
1842 1118 2178 1188 increpasset
2206 1118 2329 1173 Cle-

746 1208 995 1271 matium,
1030 1207 1305 1275 ingressus
1338 1217 1419 1262 est
1470 1208 1524 1261 in
1565 1209 1755 1263 cellam
1797 1209 2137 1264 interiorem.
2194 1210 2328 1264 Eum

749 1314 878 1352 vero
906 1314 937 1352 e
990 1298 1216 1369 vestigio
1265 1309 1549 1369 persecuta
1576 1310 1661 1354 est
1692 1301 1826 1355 ultio
1857 1320 1872 1368 ;
1909 1317 2222 1372 pronusque
2273 1302 2329 1355 in

751 1397 947 1441 terram
981 1389 1207 1454 cadens,
1242 1391 1546 1461 agitabatur
1576 1400 1812 1446 tremore
1844 1403 1899 1447 et
1924 1394 2149 1447 horrore
2177 1402 2329 1449 tene-

748 1477 926 1532 batur.
965 1477 1152 1549 Itaque
1193 1480 1534 1536 Domitianus
1563 1483 1643 1536 sic
1679 1484 1955 1551 jacentcm
1984 1486 2178 1540 videns
2207 1485 2329 1540 Cle-

748 1569 999 1634 matium,
1025 1580 1079 1624 et
1101 1571 1262 1625 simul
1284 1573 1505 1641 quidem
1543 1573 1813 1646 Euthymii
1855 1578 2326 1631 mansuetudinem

748 1670 803 1713 et
834 1662 1210 1717 austeritatem
1267 1664 1583 1731 admiratus,
1618 1681 1727 1735 quo
1764 1666 1926 1722 ruodo
1949 1669 2151 1738 optime
2183 1670 2234 1722 in
2263 1686 2329 1725 eo

748 1763 932 1807 essent
960 1764 1353 1825 eontemperat.
1397 1767 1450 1811 et
1479 1758 1642 1812 simul
1671 1759 1833 1812 etiam
1884 1759 2106 1815 fratrem
2134 1763 2205 1817 ob
2234 1778 2329 1817 ca-

751 1845 1050 1901 lamitatem
1089 1848 1399 1912 miseratUs,
1440 1860 1734 1921 congregat
1788 1851 1999 1921 aliquos
2052 1870 2115 1907 ex
2152 1854 2330 1909 Patri—

752 1937 869 1997 hus.
898 1952 998 2006 pro
1032 1937 1122 1991 illo
1148 1940 1567 2003 intercessuros,
1593 1958 1794 2012 eosque
1826 1958 1931 1997 una
1962 1959 2086 1998 cum
2114 1945 2333 2003 Marone

752 2029 1049 2084 introducit
1077 2031 1141 2084 ad
1190 2031 1559 2101 Eutliymium.
1599 2033 1691 2086 llle
1738 2045 1944 2103 autem,
1981 2052 2104 2091 cum
2136 2050 2331 2110 suopte

752 2119 971 2183 ingenio
1038 2121 1316 2189 placabilis
1370 2160 1387 2184 ,
1439 2134 1553 2177 tum
1607 2124 1822 2181 illorum
1883 2127 2330 2185 intercessionem

753 2214 976 2268 minime
1026 2216 1356 2285 despiciens,
1402 2234 1526 2273 cum
1567 2222 1647 2274 eis
1694 2224 1903 2277 accedit
1941 2225 2005 2278 ad
2056 2226 2330 2295 jacentcm

751 2306 1101 2372 Clematium,
1158 2311 1317 2379 eique
1353 2311 1635 2367 horrorem
1669 2316 1964 2386 exstinguit
2014 2318 2168 2389 signo
2208 2335 2335 2374 cru-

753 2398 851 2461 cis,
903 2408 959 2453 ct
1010 2399 1192 2453 statim
1253 2401 1399 2456 sistit
1448 2411 1762 2472 tremorem,
1821 2418 1982 2476 atque
2037 2410 2333 2479 perfectam

754 2492 959 2559 pnebet
1013 2508 1044 2547 a
1087 2494 1277 2548 morbo
1334 2494 1744 2553 liberationem:
1808 2499 2038 2555 dicens:
2101 2503 2335 2559 Attende

755 2585 850 2638 tibi
908 2585 1008 2654 ipsi
1062 2587 1126 2640 de
1181 2596 1421 2654 caetero,
1477 2600 1531 2645 et
1561 2591 1671 2646 noli
1723 2602 2074 2649 contemnere
2119 2594 2335 2651 Patrum

754 2672 1031 2729 doctrinas
1066 2686 1121 2730 et
1151 2678 1572 2734 admonitiones.
1630 2679 1736 2736 Sed
1768 2682 1981 2738 elIicere
2015 2693 2159 2739 totus
2200 2701 2337 2741 ocu-

755 2763 861 2829 lus,
891 2764 1113 2820 sicutde
1128 2765 1460 2824 Cherubinis
1490 2773 1804 2842 accepimus
1831 2768 1894 2841 "',
1921 2776 2156 2845 tcipsum
2187 2779 2335 2832 omni

756 2875 819 2910 ex
858 2869 1010 2927 parte
1053 2860 1531 2932 circumspiciens,
1585 2876 1645 2920 ut
1700 2867 1793 2937 qui
1822 2883 2039 2938 semper
2086 2879 2336 2926 transeas

758 2951 1017 3007 iumedio
1095 2953 1434 3024 laqueorum.
1511 2955 1638 3011 Ilaec
1700 2958 1789 3013 ubi
1852 2959 2115 3015 suasisset
2175 2970 2339 3030 atque

757 3046 1120 3117 suggessisset
1149 3046 1434 3113 Clematio,
1484 3050 1715 3120 ejusque
1750 3052 1999 3122 exemplo
2023 3052 2158 3107 alios
2180 3052 2339 3108 fecis-

759 3149 841 3191 set
872 3138 1171 3204 cautiores,
1205 3138 1385 3193 virum
1417 3139 1646 3195 dimittit
1679 3141 1734 3195 in
1766 3157 1921 3211 pace.
1952 3142 2059 3197 Sed
2098 3143 2203 3200 hoc
2220 3142 2341 3214 qui-

2437 659 2497 694 τε
2532 641 2590 695 δέ
2623 642 2718 696 καὶ
2751 639 3079 695 ἀπαιδευσία
3119 639 3318 709 σαφὴς,
3367 640 3428 692 τὸ
3463 639 3555 692 τὸν
3590 638 3826 709 μοναχὸν
3871 639 4001 707 πέρα

2435 732 2528 786 τοῦ
2563 733 2785 804 μετρίου
2829 732 3033 797 λαλεῖν,
3073 732 3266 802 ἦπρὸς
3314 730 3490 784 ὁτιοῦν
3535 730 3825 789 κινεῖσθαι.
3878 731 3988 801 ἦτε

2438 826 2545 894 μὴν
2580 825 2676 878 καὶ
2719 822 3217 896 παρρησιάζεσθαι.
3251 822 3481 894 Μητέρα
3534 821 3644 892 γὰρ
3676 822 3727 873 οί
3760 822 3995 890 Πατέρες

2433 917 2533 986 τὴν
2573 916 2888 988 παρρησίαν
2916 915 3132 970 πάντων
3158 914 3400 985 ἀτεχνῶς
3438 915 3545 967 τῶν
3575 913 3763 967 παθῶν
3812 913 3998 982 ὀνομά-

2436 1011 2606 1078 ζουσι.

2504 1119 2629 1174 NI".
2672 1121 2855 1174 Ταῦτα
2909 1122 2937 1174 ὁ
2996 1119 3095 1190 μέν
3155 1120 3492 1189 ἐπιτιμήσας
3555 1119 3632 1186 τῷ
3683 1118 3994 1188 Κληματίῳ,

2435 1214 2514 1276 είς
2558 1213 2619 1265 τὸ
2667 1214 2941 1285 ἐνδότερον
3000 1212 3215 1283 εἰσῆλθε
3270 1212 3500 1266 κελλίον.
3572 1212 3674 1264 Τὸν
3729 1211 3785 1263 δὲ
3817 1212 3851 1281 ἡ
3883 1211 3997 1277 δίκη

2436 1306 2754 1373 παραπὸδας
2809 1304 3028 1375 μητῄει,
3084 1305 3177 1358 καὶ
3238 1305 3452 1375 πρηνὴς
3493 1306 3584 1355 ἐπὶ
3646 1303 3750 1372 γῆς
3804 1301 3995 1364 πεσὼν,

2436 1397 2606 1466 κλόνῳ
2644 1413 2702 1449 τε
2732 1396 2978 1463 ἐδονεῖτο,
3029 1396 3120 1449 καὶ
3174 1396 3344 1467 φρίκῃ
3391 1397 3683 1465 συνείχετο.
3743 1399 3998 1463 Δομετια-

2434 1490 2521 1552 νὸς
2579 1488 2671 1542 οὖν
2716 1488 2964 1558 κείμενον
3006 1488 3179 1553 οὕτως
3235 1488 3357 1542 ἰδὼν
3385 1488 3477 1541 τὸν
3526 1489 3863 1557 Κλημάτιον,
3909 1488 3997 1540 καὶ

2435 1580 2550 1648 ἅμα
2580 1580 2677 1649 μέν
2726 1578 2787 1632 τὸ
2816 1580 3014 1650 πρᾶον,
3058 1581 3175 1649 ἅμα
3229 1579 3286 1632 δὲ
3322 1581 3415 1634 καὶ
3457 1581 3518 1633 τὸ
3579 1580 3848 1651 αὐστηρὸν
3904 1580 3998 1632 εὐ-

2434 1670 2630 1739 ουμίου
2684 1671 2994 1740 θαυμάσας,
3054 1671 3199 1735 ὅπως
3248 1671 3446 1742 ἄριστα
3493 1672 3811 1744 κεκραμένα
3873 1673 3995 1739 παρ’

2434 1761 2583 1832 αὐτῷ
2638 1758 2730 1835 ἦν,
2781 1763 2897 1833 ἅμα
2952 1761 3008 1816 δὲ
3080 1763 3174 1817 καὶ
3232 1763 3323 1817 τὸν
3376 1763 3603 1832 ἀδελφὸν
3652 1764 3746 1816 τοῦ
3801 1763 3995 1825 πάθους

2432 1854 2726 1923 οἰκτείρας,
2763 1854 2984 1923 συνάγει
3012 1855 3163 1918 τινας
3196 1855 3307 1908 τῶν
3349 1855 3608 1924 Πατέρων
3646 1854 3787 1924 ὑπὲρ
3837 1852 3995 1907 αύτοῦ

2436 1945 2731 2016 πρεσϐείαν
2754 1946 3168 2017 ποιησομένους,
3188 1949 3283 1998 καὶ
3304 1944 3532 2008 τούτους
3562 1945 3775 2012 εἰσάγει
3804 1947 3900 1997 σὺν
3927 1942 3996 2011 τῷ

2432 2037 2657 2106 Μάρωνι
2686 2035 2821 2106 πρὸς
2858 2035 3147 2106 Εύθύμιον.
3210 2038 3277 2090 '0
3333 2036 3390 2090 δέ
3438 2036 3532 2088 καὶ
3556 2035 3767 2089 οἴκοθεν
3824 2037 3998 2089 55211-

2432 2146 2520 2192 τος
2544 2128 2638 2197 ὢν,
2662 2131 2756 2182 καὶ
2771 2129 2872 2197 τὴν
2902 2129 3125 2183 ἐκείνων
3153 2128 3448 2200 πρεσϐείαν
3471 2129 3571 2182 οὐκ
3596 2129 3896 2199 ἀτιμάζων,
3918 2130 4002 2195 ξφα

2437 2222 2649 2274 ίσταται
2673 2223 2769 2276 σὺν
2797 2222 2979 2285 αὐτοῖς
2996 2221 3232 2292 κειμένῳ
3249 2219 3327 2290 τῷ
3354 2220 3674 2292 Κληματίῳ,
3700 2222 3791 2273 καὶ
3816 2222 3921 2291 τήν
3947 2238 3999 2272 τε

2436 2313 2639 2384 φρίκην
2686 2313 2967 2366 σϐέννυσιν
3012 2311 3185 2383 αὐτῷ,
3237 2311 3332 2366 τοῦ
3372 2313 3605 2382 σταυροῦ
3632 2311 3710 2383 τῷ
3775 2313 4001 2383 σημείῳ,

2436 2404 2653 2457 καὶτὸν
2685 2404 2871 2457 κλόνον
2905 2403 3068 2467 εὐθὺς
3112 2403 3317 2474 ἵστησι,
3369 2404 3463 2456 καὶ
3510 2403 3612 2474 τὴν
3689 2404 4003 2473 ἀπαλλαγὴν

2434 2494 2530 2547 τοῦ
2588 2495 2793 2559 πάθους
2862 2494 3052 2566 ἐντελῆ
3132 2498 3361 2567 παρέχει
3396 2510 3414 2527 ⁸
3488 2497 3728 2567 Πρόσεχε
3798 2497 4004 2564 σεαυτῷ

2436 2587 2643 2655 λοιπὸν,
2673 2588 2937 2657 ἐπειπὼν,
2986 2590 3080 2643 καὶ
3116 2587 3192 2660 μὴ
3225 2588 3547 2660 περιφρόνει
3578 2590 3838 2660 Πατέρων
3864 2590 4005 2643 διδα-

2439 2681 2664 2745 σκαλίας
2733 2681 2867 2752 μηδὲ
2943 2680 3258 2751 ὑποθήκας·
3315 2680 3452 2734 άλλά
3503 2680 3664 2749 γενοῦ
3711 2679 4005 2749 οφθαλμὸς

2438 2775 2581 2836 ὅλος,
2615 2768 2703 2826 οἷα
2738 2773 2865 2841 περὶ
2903 2773 3015 2826 τῶν
3076 2773 3359 2845 Χερουϐὶμ
3401 2772 3713 2843 ἠκούσαμεν
3738 2789 3753 2803 ·
3812 2773 4007 2825 xciv-.0»

2441 2867 2533 2920 Θεν
2591 2866 2945 2937 περισκοπῶν
2975 2866 3187 2930 ἐαυτὸν,
3213 2866 3288 2929 ὡς
3336 2866 3395 2917 ἐν
3444 2866 3595 2935 μέσῳ
3636 2864 3882 2931 παγίδων
3925 2865 4009 2917 ἀεὶ

2439 2959 2805 3021 διαϐαίνοντα,
2839 2957 3064 3011 τοιαῦτα
3093 2957 3170 3028 τῷ
3210 2958 3508 3029 κληματίῳ
3539 2957 3875 3030 παραινέσας
3919 2957 4011 3010 καὶ

2443 3051 2683 3115 ὑποθεὶς,
2719 3048 2914 3119 καὶτῷ
2942 3040 3076 3102 κατ’
3108 3049 3272 3103 αὐτὸν
3326 3048 3682 3116 ὑποδείγματι
3728 3050 3856 3109 τοὺς
3924 3048 4015 3100 ἄ).-

2443 3141 2569 3205 λους
2599 3139 3059 3210 ἀσφαλισάμενος,
3093 3139 3364 3212 ἐνείρήνῃ
3426 3137 3651 3191 ἀπολύει
3670 3137 3763 3191 τὸν
3822 3136 4013 3206 ἄνδρα.

759 3229 884 3284 dem
940 3243 1021 3284 est
1050 3229 1342 3301 ejusmodi.
1399 3229 1518 3285 Non
1549 3231 1731 3286 minus
1767 3249 1896 3287 vero
1934 3243 2039 3299 est,
2094 3233 2149 3289 id
2197 3235 2339 3305 quod

2449 3233 2596 3301 Πλὴν
2624 3230 2764 3285 ἀλλὰ
2800 3230 2961 3284 τοῦτο
2996 3231 3096 3300 μὲν
3123 3228 3387 3283 τοιοῦτον.
3443 3228 3555 3298 Οὐχ
3601 3223 3766 3299 ἦττον
3804 3227 3865 3279 δὲ
3921 3225 4016 3278 καὶ

761 3323 1033 3393 sequitur,
1060 3325 1105 3378 si
1136 3339 1247 3379 non
1279 3314 1352 3379 sit
1380 3324 1551 3379 multo
1583 3326 1761 3395 majus
1787 3334 1843 3380 et
1870 3325 2200 3397 praeclarius.

834 3500 969 3555 LIV.
1011 3502 1147 3556 Cum
1198 3518 1394 3573 magna
1428 3511 1482 3557 et
1514 3503 1853 3559 mcumenica
1882 3504 2123 3575 synodus
2146 3504 2345 3576 Ephesi

767 3605 897 3648 tunc
922 3594 1157 3665 primum
1176 3605 1623 3668 congregaretur,
1650 3594 1921 3667 Synodius
1946 3597 2082 3670 (64),
2103 3598 2196 3669 qui
2224 3614 2346 3653 cum

769 3689 966 3743 Acacio
989 3688 1165 3744 fuerat
1186 3689 1444 3759 magister
1464 3689 1629 3759 hujus
1654 3690 1835 3760 magni
1863 3692 2137 3761 Euthymii
2170 3692 2349 3746 adhuc

768 3778 945 3847 pueri,
989 3778 1044 3834 in
1074 3777 1416 3834 Palaestinam
1452 3779 1520 3835 ad
1546 3779 1824 3834 adoranda
1858 3780 1976 3834 loca
2019 3780 2348 3835 venerabilia

771 3870 1074 3939 profectus,
1108 3871 1318 3926 accedit
1344 3871 1507 3926 etiam
1536 3871 1603 3926 ad
1627 3872 1858 3936 lauram,
1893 3872 2351 3942 quinquagesimo

772 3971 826 4016 et
861 3971 1055 4032 quarto
1110 3979 1255 4019 anno
1309 3964 1485 4019 mtatis
1541 3964 1724 4034 magni
1764 3964 2037 4035 Euthymii
2087 3982 2101 4030 ;
2149 3964 2347 4034 partim

771 4066 832 4109 ut
874 4057 1023 4110 illum
1076 4057 1251 4126 ipsum
1308 4057 1656 4129 Euthymium
1709 4059 1960 4121 viseret,
2027 4059 2225 4129 partim
2292 4069 2352 4113 ut

772 4142 1032 4204 salutaret
1057 4151 1416 4206 consobrinos
1466 4166 1617 4217 suos,
1653 4151 2014 4221 Stephanum,
2053 4152 2349 4217 Andream,

772 4248 829 4293 et
865 4240 1150 4297 Gaianum.
1180 4242 1382 4297 Vidcns
1424 4243 1587 4313 igitur
1618 4242 1992 4313 Eutltymium,
2028 4244 2077 4297 ei
2108 4244 2352 4297 narravit

776 4329 841 4385 de
874 4331 1191 4400 impiissima
1237 4333 1427 4387 liazresi
1461 4332 1714 4397 Nestorii,
1746 4332 1836 4403 qui
1872 4332 2078 4386 nefarie
2112 4332 2166 4400 (0
2191 4330 2353 4401 justi—

778 4420 911 4484 titia,
939 4432 994 4476 et
1015 4425 1355 4477 sacerdotum
1396 4423 1639 4493 pudor!)
1679 4422 1832 4477 brevi
1858 4431 2104 4492 tempore
2151 4437 2353 4491 praesc-

777 4513 857 4566 dit
875 4514 984 4584 (65)
1002 4516 1496 4587 Consmntinonoli,
1513 4516 1864 4586 profanisque
1884 4516 1998 4570 suis
2014 4499 2354 4584 et'corruptis

2450 3324 2510 3377 τὸ
2540 3321 2760 3393 ἐφεξῆς,
2791 3324 2839 3374 εί
2897 3320 2972 3392 μὴ
3027 3321 3122 3375 καὶ
3181 3319 3317 3372 πολὺ
3369 3317 3555 3389 μεῖζον
3642 3320 3740 3371 καὶ
3814 3315 3999 3386 χαριέ-

2450 3430 2660 3484 στερον.

2520 3507 2645 3560 ΝΔ’.
2693 3504 2853 3577 ’Λρτι
2879 3506 2979 3574 τῆς
3027 3503 3272 3574 μεγάλης
3306 3505 3362 3557 ἐν
3386 3502 3579 3573 Εφέσῳ
3614 3502 3709 3554 καὶ
3769 3501 4021 3568 οἰκούμε-

2453 3597 2612 3667 νικῆς
2650 3596 2868 3650 συνόδου
2922 3593 3139 3666 πρῶτον
3179 3592 3684 3663 συγκροτουμένης,
3769 3590 4019 3649 Συνόδιος

2448 3691 2476 3743 ὁ
2546 3690 2643 3741 σὺν
2703 3685 2939 3759 Ἀκακίῳ
2982 3680 3313 3748 διδάσκαλος
3377 3684 3472 3737 τοῦ
3538 3683 3773 3753 μεγάλου
3829 3682 4021 3734 τούτου

2453 3781 2727 3852 Εὑῦυμίου
2791 3779 2871 3833 ἔτι
2918 3778 3111 3842 παιδὸς
3189 3777 3342 3842 ὄντος
3401 3775 3787 3845 γεγενημένος,
3882 3771 4022 3824 κατὰ

2451 3874 2819 3944 προσκύνησιν
2849 3871 2957 3925 τῶν
2988 3868 3299 3939 σεϐασμίων
3347 3868 3412 3938 δὴ
3469 3867 3651 3921 τόπων
3696 3867 3778 3928 εἰς
3812 3864 4027 3917 Halat-

2453 3967 2637 4034 στίνην
2683 3963 2871 4025 ἐλθὼν,
2923 3962 3018 4016 καὶ
3076 3962 3158 4026 εις
3204 3961 3303 4030 τὴν
3354 3959 3559 4029 λαύραν
3615 3958 3869 4026 τετάρτῳ
3928 3954 4026 4023 τῆς

2455 4054 2732 4124 Εὑθυμίου
2762 4054 2856 4108 τοῦ
2906 4053 3143 4125 μεγάλου
3200 4051 3417 4123 ἡλικίας
3472 4050 3581 4103 ἔτει
3624 4049 3719 4102 καὶ
3756 4063 4023 4117 πεντηκο-

2454 4149 2563 4218 στῷ
2581 4145 2966 4219 παραγίνεταιο
2987 4144 3146 4198 τοῦτο
3169 4145 3268 4214 μὲν
3290 4143 3453 4196 αὐτὴν
3479 4142 3687 4195 ἐκεῖνον
3715 4138 4028 4208 ἱστορήσων

2453 4240 2745 4307 Εὺούμιον,
2803 4236 2962 4289 τοῦτο
3004 4236 3061 4288 δὲ
3110 4235 3205 4288 καὶ
3268 4233 3397 4296 τοὺς
3474 4231 3708 4293 οἰκείους
3748 4229 4026 4296 ἀνεψιοὺς,

2455 4330 2745 4398 Στέφανον,
2772 4327 3049 4398 Ἀνδρέαν,
3079 4325 3175 4379 καὶ
3199 4324 3431 4379 Γαῖανδν
3456 4322 3865 4390 ἀσπασόμενος.
3884 4318 4031 4372 Ἰδὼν

2453 4421 2544 4475 οὖν
2569 4420 2658 4473 τὸν
2686 4418 2978 4488 Εὑθύμιον,
3014 4417 3253 4487 διηγεῖτο
3290 4416 3388 4486 μὲν
3442 4412 3591 4483 αὐτῷ
3619 4412 3688 4465 τά
3727 4414 3875 4463 κατὰ
3936 4409 4032 4477 τὴν

2455 4512 2827 4583 ἀσεϐεστάτην
2880 4510 3092 4581 αἵρεσιν
3151 4509 3473 4578 Νεστορίου,
3540 4505 3632 4560 τοῦ
3685 4505 3922 4566 ἀνοσίως
3970 4502 4033 4570 (ᾧ

774 4607 1117 4677 dogmatibus
1170 4621 1343 4665 totum
1389 4609 1501 4664 fere
1546 4610 1733 4664 orbem
1767 4618 1923 4665 terra:
1979 4608 2339 4663 conturbavit.

2454 4609 2576 4679 δίκη
2608 4607 2700 4659 καὶ
2731 4607 2919 4676 ἱερέων
2976 4604 3197 4675 αίδώςῑ)
3233 4603 3414 4671 ὀλίγον
3456 4603 3646 4671 eam:
3692 4600 3891 4670 χρόνον
3936 4600 4033 4666 τῆς

779 4699 1043 4768 l'lxpos'uit
1066 4703 1229 4756 etiam
1244 4704 1291 4757 ei
1315 4702 1382 4757 de
1400 4702 1597 4773 Cyrillo
1613 4704 1725 4774 (66)
1748 4702 2119 4757 Alexandrino
2145 4711 2201 4756 et
2218 4701 2354 4787 Aca-

778 4797 860 4849 rio
876 4796 988 4866 (67)
1009 4796 1369 4863 Melitenensi,
1390 4797 1853 4867 quemadmodum
1874 4797 2154 4851 ardentem
2176 4795 2351 4849 telum

777 4886 1099 4941 cxltibcrcnt
1146 4904 1241 4956 pro
1290 4888 1396 4943 ﬁde
1432 4888 1771 4950 orthodoxa,
1816 4898 1870 4942 ct
1909 4888 2053 4957 quod
2110 4902 2352 4943 cucume-

855 5059 894 5091 "
918 5060 1031 5130 TJ,
1069 5079 1121 5133 ι).
1152 5063 1275 5128 575,
1310 5063 1374 5117 Α.
1404 5060 1461 5116 Β.
1544 5064 1585 5094 ¹¹
1612 5063 1804 5117 lizcch.
1859 5081 1907 5128 Χ,
1946 5063 2031 5117 l2.

2404 4748 2418 4762 ,
2466 4698 3100 4760 Κωνσταντινουπόλεως
3128 4696 3581 4769 προκαθίσαντος,
3614 4696 3709 4747 καὶ
3727 4696 3841 4755 τοῖς
3871 4691 4032 4761 βεϐή-

2454 4794 2566 4857 λοις
2615 4791 2777 4845 αὑτοῦ
2826 4791 3058 4859 δόγμασι
3114 4789 3209 4842 καὶ
3260 4787 3675 4858 διεφθαρμένοις
3697 4785 3798 4856 τὴν
3857 4784 4036 4837 οἰκον-

2461 4885 2625 4956 μένην
2659 4886 2836 4938 πᾶσαν
2869 4883 3055 4953 σχεδὸν
3105 4879 3569 4951 συνταράξαντος.
3640 4877 3928 4946 Ἐξηγείτο
3982 4874 4035 4926 δὲ

1999 5213 2193 5270 JOAN.
2234 5211 2572 5268 BOLLANDI
2605 5212 2829 5269 NOTA‘J.

854 5370 967 5439 (64)
993 5370 1181 5425 Habita
1215 5372 1447 5441 synodus
1476 5373 1627 5441 Ephc
1666 5374 1747 5425 ina
1776 5390 1802 5422 ιι
1825 5372 1896 5424 22
1933 5371 2077 5425 Junii
2115 5386 2203 5424 att.
2230 5372 2353 5424 451.

857 5445 968 5504 ltili)
1005 5442 1081 5495 Cu
1106 5455 1363 5495 iset'ratus
1393 5455 1493 5506 est,
1523 5444 1749 5495 testibus
1775 5442 2085 5494 Marcellino
2113 5442 2163 5492 in
2186 5442 2354 5494 Ultro-

789 5514 932 5572 nicu,
968 5514 1101 5565 Socr
1123 5522 1188 5563 .te
1223 5514 1311 5566 liii.
1348 5515 1470 5574 7,c.
1501 5516 1572 5568 ‘29
1607 5515 1859 5581 aliisque,
1889 5513 2064 5566 ιλιι-ω
2091 5524 2144 5564 et
2177 5511 2357 5563 Turno

787 5597 952 5639 ιζιιδϋ..
992 5598 1079 5634 an.
1105 5583 1201 5635 (lit.
1230 5583 1355 5647 4‘33,
1380 5583 1440 5635 IV
1482 5584 1558 5636 LI.
1594 5584 1764 5651 ΛμιὶΙ.

862 5652 973 5719 (GU)
1020 5651 1090 5702 lle
1214 5652 1413 5722 Cyrillt)
1444 5670 1663 5721 agemus
1713 5654 1782 5707 ‘28
1815 5652 2035 5708 Januar.
2072 5654 2159 5704 ubi
2206 5651 2352 5717 plura

790 5723 854 5768 ιὶι·
888 5722 1203 5774 Ννςιυιδίίιιιει
1240 5725 1447 5779 inercsi.

859 5794 973 5856 (67)
1015 5793 1242 5844 Murrus
1273 5795 1355 5847 hic
1382 5794 1683 5863 appellatur
1709 5813 1733 5845 :i
1764 5793 1991 5847 llat'ouio
2021 5795 2070 5845 in
2105 5793 2330 5848 .inualib

2465 5371 2522 5423 In
2557 5370 2717 5422 nullis
2740 5379 2915 5421 tamen
2954 5363 3349 5436 .‘llartyroiogiis
3372 5364 3487 5430 eius
3516 5378 3710 5417 nomen
3739 5364 3847 5436 huc
3876 5378 4043 5433 usque

2462 5442 2782 5506 reperimus.
2832 5438 2957 5501 Ejus
3009 5435 3157 5491 zelus
3211 5435 3283 5506 in,
3316 5436 3524 5504 synodo
3578 5435 3796 5506 egregie
3852 5440 4040 5497 eluant,

2460 5503 2690 5562 manuve
2714 5511 2974 5561 concione
3004 5508 3194 5573 spiritu
3237 5503 3391 5572 plena
3430 5520 3610 5558 coram
3652 5503 3915 5557 Patribus
3948 5510 4043 5556 lia-

2458 5581 2588 5640 hita,
2622 5581 2669 5628 in
2704 5596 2804 5644 qua
2856 5578 3000 5629 Ι›ι·ι;ιὶ
3042 5575 3208 5629 all‘me
3252 5589 3437 5641 pacem
3476 5574 4045 5629 \'aticittatiis,o.mtcs

2463 5649 2810 5708 t‘ctit‘isccre,
2837 5664 3047 5699 smne-Ie
3086 5647 3317 5707 animos,
3352 5645 3668 5711 erigereqnc
3718 5646 3908 5711 langw
3932 5658 4046 5696 titus

2459 5722 2619 5777 tiles.
2646 5732 2726 5771 est
2753 5719 3014 5770 hortatus.
3040 5714 3273 5768 Consule
3296 5717 3429 5767 Acta
3465 5716 3733 5784 liphrs'zna
3762 5737 3788 5767 a
3822 5717 4043 5770 l‘clzam

2458 5801 2638 5842 hastu)
2670 5792 2805 5842 editis
2841 5796 2945 5840 ium
3001 5786 3082 5843 Vl.
3110 5802 3227 5853 cur.
3274 5787 3353 5837 ll.
