4104 6486
751 409 852 476 6n

756 625 864 667 ιιις.

828 702 980 756 LXII.
1019 699 1269 755 Terebon
1297 699 1406 765 ille,
1437 702 1530 768 qui
1574 707 1693 753 erat
1741 713 1942 769 genere
2004 699 2332 760 Saracenus,

753 811 875 849 eum
902 810 1068 847 uxore
1099 793 1352 847 habitans
1389 792 1583 851 sterili,
1626 806 1736 844 non
1789 791 2043 862 gignebat
2091 791 2330 855 liberos;

754 887 899 956 quod
953 886 1003 938 ei
1063 886 1226 939 vitam
1279 883 1554 937 efficiebat
1595 883 1823 937 mininre
1853 884 2092 946 vitalem,
2124 893 2349 952 eratque
2388 895 2390 897 '

753 993 916 1032 causa
950 977 1153 1030 doloris
1204 975 1516 1028 nullatenus
1543 974 1862 1029 tolerabilis.
1885 975 1960 1028 Ac
1985 974 2136 1028 cedit
2164 974 2345 1044 itaque

757 1069 1050 1138 aliquando
1077 1081 1202 1120 cum
1228 1083 1400 1121 uxore
1425 1067 1490 1121 ad
1532 1065 1910 1121 admirabilem
1958 1066 2334 1136 Euthymium,

769 1175 990 1230 rogans,
1019 1159 1352 1228 supplicans,
1378 1159 1506 1227 quid
1535 1173 1639 1211 non
1670 1158 1876 1212 faciens
1900 1158 2052 1212 exiis
2074 1173 2194 1226 qua:
2208 1171 2338 1226 pos-

759 1261 889 1306 sunt
920 1252 1139 1304 trahere
1161 1250 1226 1303 ad
1284 1249 1732 1313 misericordiam,
1766 1259 1826 1301 ut
1852 1249 1898 1302 is
1932 1258 2138 1302 natura:
2178 1247 2334 1301 defe-

760 1356 881 1398 ctus
907 1343 1235 1407 solveretur,
1260 1351 1316 1395 et
1345 1342 1648 1412 aperiretur
1687 1351 1875 1396 uterus
1906 1342 1971 1395 ad
2002 1340 2346 1411 pariendum.

765 1436 858 1489 Ille
883 1442 1067 1488 autem
1126 1449 1251 1488 cum
1295 1441 1378 1487 ter
1399 1433 1479 1486 eis
1536 1433 1813 1501 injecissct
1868 1432 2081 1502 signum
2142 1433 2342 1496 crucis,

763 1529 1075 1596 deiudeque
1128 1528 1398 1597 lapideum
1425 1525 1574 1578 illum
1616 1534 1862 1578 ventrem
1883 1526 2150 1594 tetigisset
2175 1543 2188 1578 :
2213 1525 2342 1578 Abi-

765 1628 838 1682 te,
859 1619 1051 1688 inquit.
1089 1618 1191 1672 lani
1235 1617 1286 1670 in
1356 1616 1603 1670 Domino.
1633 1615 1684 1669 ls
1706 1615 1903 1684 quippe
1927 1615 2080 1670 vobis
2100 1615 2350 1670 concedit

766 1721 825 1765 ut
855 1710 1153 1764 ecrnamini
1186 1710 1353 1763 trium
1376 1709 1670 1762 liberorum
1703 1717 1975 1777 parentes.
2012 1708 2197 1777 Itaque
2263 1707 2338 1760 illi

768 1805 818 1854 in
845 1816 1096 1854 sermone
1136 1809 1392 1870 tanquam
1426 1800 1480 1851 in
1509 1814 1564 1850 re
1588 1799 1701 1866 ipsa
1727 1798 2058 1852 collocantes
2092 1798 2344 1852 fiduciam

768 1896 995 1949 domum
1054 1895 1356 1955 redierunt,
1389 1892 1574 1946 animo
1597 1891 1782 1945 lzvtitia
1813 1891 1994 1960 pleno.
2033 1890 2150 1944 Jam
2169 1901 2352 1945 autem

767 1997 825 2040 et
861 1995 1046 2056 partus
1070 1996 1282 2054 tempus
1313 1985 1626 2038 advenerat.
1661 1986 1724 2036 Et
1748 1983 1923 2053 primo
1941 1983 2160 2052 quidem
2208 1986 2352 2052 parit

769 2081 990 2132 Petrum
1022 2078 1336 2146 quemdam,
1368 2085 1578 2145 patrem
1637 2075 1959 2138 Terebonis,
2010 2077 2101 2143 qui
2145 2076 2351 2146 Euthy-

770 2170 863 2223 mii
899 2170 1183 2239 discipulis
1215 2171 1331 2222 haec
1357 2183 1482 2222 vere.
1517 2179 1572 2221 ct
1595 2177 1781 2235 aperte
1817 2168 2077 2221 narravit.
2140 2168 2334 2222 Postea

772 2270 954 2315 autem
995 2260 1167 2314 multo
1215 2269 1454 2327 tempore
1498 2258 1807 2326 interjeeto,
1865 2274 2026 2311 verax
2078 2259 2349 2329 Euthymii

773 2353 1123 2422 promissum,
1150 2351 1286 2404 alios
1318 2364 1536 2418 quoquo
1561 2349 1699 2402 duos
1724 2347 1917 2404 fratres
1965 2351 2197 2420 praebuit
2245 2351 2350 2405 Te-

775 2445 987 2497 reboui.

855 2643 1044 2696 LXI“.
1078 2641 1270 2695 Frater
1300 2649 1418 2695 erat
1467 2640 1518 2693 in
1567 2639 1740 2703 laura,
1791 2637 2072 2694 Romanus
2132 2657 2352 2712 genere,

778 2734 1002 2788 nomine
1055 2733 1403 2795 1Emilianus,
1437 2731 1529 2799 qui
1564 2731 1760 2784 bonam
1810 2731 1975 2784 vitam
2019 2733 2350 2795 sectabatur,

777 2835 828 2880 et
869 2825 1183 2895 praeclaram
1245 2823 1660 2891 temperantiam
1691 2823 1775 2876 vel
1829 2822 2063 2876 maxime
2119 2838 2184 2876 ex
2235 2825 2353 2893 ipsa

779 2917 1061 2986 amplexus
1107 2913 1283 2967 fuerat
1306 2911 1693 2966 adolescentia.
1739 2911 1872 2964 lluic
1903 2921 2066 2966 noctu
2119 2912 2356 2982 aliquan-

779 3009 870 3069 do,
905 3021 1028 3060 eum
1078 3013 1224 3058 esset
1255 3002 1568 3056 Dominicus
1598 3003 1732 3061 dies.
1767 3001 2022 3057 Inimicus
2079 3019 2142 3057 ex
2193 3019 2356 3058 carne

783 3098 983 3152 bellum
1014 3111 1176 3164 grave
1212 3094 1530 3149 commovit.
1560 3093 1658 3146 Cui
1713 3108 1770 3145 se
1826 3103 2087 3162 perpetuo
2135 3095 2357 3148 restitu-

785 3208 902 3244 rum
938 3192 1258 3259 desperans,
1313 3188 1616 3257 cessitjam
1669 3195 1724 3240 et
1761 3187 2173 3256 cogitationibus
2231 3206 2356 3244 suc-

784 3282 992 3336 cubuit.
1023 3282 1158 3335 Cum
1186 3281 1258 3333 ita
1287 3295 1346 3334 se
1386 3280 1630 3340 haberet,
1663 3287 1824 3346 atque
1856 3280 1924 3332 ab
1959 3295 2020 3332 ea
2077 3283 2362 3349 perturba—

789 3374 936 3424 tione
991 3369 1373 3432 obsideretur,
1408 3381 1566 3420 mane
1592 3367 1651 3418 fit
1673 3365 1864 3418 obvius
1895 3375 2103 3430 sancto,
2135 3367 2370 3421 venienti

790 3465 856 3517 ad
883 3463 1126 3531 synaxim
1162 3479 1174 3513 :
1213 3470 1374 3530 atque
1404 3475 1470 3512 ex
1501 3473 1568 3511 eo
1600 3467 1738 3511 teter
1770 3458 1991 3526 quidam
2013 3457 2150 3512 odor
2178 3460 2362 3513 exibat

787 3556 877 3624 qui
907 3570 1123 3624 gravem
1157 3553 1302 3606 illam
1323 3550 1489 3604 animi
1515 3549 1972 3618 perturbationem
2019 3565 2214 3620 magno
2263 3551 2359 3605 dc-

787 3649 1259 3718 elarabat.ltaque
1292 3648 1550 3702 odoratus
1607 3646 1825 3699 divinus
1889 3646 2230 3716 Euthymius,
2283 3647 2366 3700 in~

790 3743 1047 3811 sidiisquc
1071 3740 1320 3810 cognitis,
1354 3740 1598 3808 increpat
1630 3739 1828 3792 malum
1863 3739 2165 3793 daemonem
2197 3756 2361 3794 vexa-

793 3844 988 3886 torem.
1017 3831 1082 3884 Et
1109 3830 1291 3885 statim
1325 3829 1494 3882 frater
1547 3829 1764 3897 quidem
1805 3829 1956 3882 humi
2003 3829 2218 3896 iacebat
2275 3846 2368 3884 su-

795 3924 975 3992 pinus,
998 3922 1235 3991 seipsum
1262 3920 1574 3974 convellens
1627 3929 1683 3974 et
1740 3919 1970 3989 agitans,
2013 3935 2370 3990 spumamque

794 4030 888 4068 ore
923 4027 1218 4079 exspucns.

864 4141 1029 4196 LXIV
1082 4143 1160 4197 Ad
1179 4158 1304 4196 eum
1337 4153 1522 4196 autem
1551 4142 1706 4196 multi
1737 4158 1957 4212 quoque
1982 4155 2372 4198 convenerunt

796 4235 1068 4290 monachi.
1093 4235 1264 4287 Jussit
1296 4234 1476 4302 itaque
1494 4249 1720 4304 magnus
1741 4234 2063 4303 Euthymius
2086 4235 2264 4290 afferri
2289 4238 2372 4290 lu-

799 4339 942 4389 men,
961 4340 1027 4377 eo
1049 4323 1192 4391 quod
1228 4323 1382 4376 locus
1404 4332 1552 4376 esset
1579 4325 1844 4376 obscurus
1867 4333 2028 4392 atque
2053 4326 2375 4381 tenebrosus

797 4424 851 4467 et
884 4423 959 4466 ait
986 4413 1127 4465 illis:
1160 4411 1352 4466 Videto
1375 4411 1594 4466 fratrem
1629 4414 1762 4478 (8|),
1807 4427 1840 4466 ο
1867 4413 2074 4479 Patres,
2101 4416 2374 4484 quomodo

799 4504 937 4571 quia
957 4518 1124 4572 puero
1147 4503 1198 4554 in
1220 4503 1418 4556 virtute
1435 4503 1588 4566 vixit,
1609 4513 1664 4556 et
1687 4504 2058 4570 temperantia
2070 4520 2252 4558 curam
2279 4507 2377 4558 ha-

1997 405 2282 466 MENSIS
2317 406 2774 488 JANUAlllUS.

755 521 1138 582 audientibus;
1201 526 1361 587 atque
1416 525 1744 572 consecutus
1788 515 1891 569 fuit
1938 530 2120 569 rerum
2182 529 2345 569 even-

2460 514 2620 582 Ξήπου
2647 515 2755 567 τῶν
2777 517 3085 569 ἀκουόντων
3114 513 3282 587 ἔφησε
3313 533 3325 546 ·

3370 516 3524 586 καὶὴ
3575 517 3667 568 ἐπὶ
3718 517 3824 570 τῶν
3887 537 4007 587 πρα-

2440 608 2664 676 γμάτων
2697 609 2920 673 ἐκῦασις
2953 609 3312 680 ἠκολούθησε.

2509 699 2625 752 EB’.
2672 699 2923 770 Τερέὸων
2952 702 3178 763 ἐκεῖνος,
3205 701 3264 764 ὃς
3291 697 3358 773 ἦν
3385 702 3445 755 τὸ
3475 702 3630 770 γένος
3677 703 4002 771 Σαρακτςνὸς,

2444 795 2634 866 στείρᾳ⁵
2672 799 2893 862 γυναικὶ
2925 795 3212 860 συνοικῶν,
3253 796 3460 850 παίδων
3499 798 3690 866 ἄγονος
3739 793 3808 864 ἦν
3843 815 3858 827 ο
3890 799 4007 866 ὅπερ

2447 887 2678 941 ἀϐίωτον
2734 886 2884 956 αὐτῷ
2941 886 3032 938 τὸν
3082 886 3194 956 βίον
3245 887 3442 950 ἐποίει,
3489 893 3581 940 καί
3634 889 3813 956 λύπης
3849 889 4006 940 αἴτιον

2446 973 2514 1047 ἦν
2545 977 2748 1048 ἥκιστα
2789 977 3050 1047 φορητῆς.
3105 977 3360 1046 Πρόσεισι
3400 977 3580 1029 τοίνυν
3631 979 3767 1045 μετὰ
3801 977 3903 1046 τῆς
3930 996 4008 1044 γι-

2447 1069 2632 1128 ναικὸς
2693 1087 2827 1122 ποτε
2885 1067 2962 1138 τῷ
3011 1067 3308 1138 θαυμαστῷ
3362 1069 3639 1139 Εὐθυμίῳ,
3697 1069 4002 1133 ἀντιϐολῶν,

2450 1163 2730 1226 ἱκετεύων,
2769 1164 2819 1214 τί
2866 1163 2940 1231 μὴ
2997 1163 3167 1214 ποιῶν
3199 1161 3308 1214 τῶν
3351 1163 3666 1232 δυναμένων
3716 1163 3900 1216 ἕλκειν
3945 1167 4010 1226 εἰς

2448 1259 2621 1319 ἔλεον,
2650 1256 2790 1309 ὥστε
2819 1255 3048 1324 λυθῆναι
3087 1257 3186 1324 τὴν
3225 1258 3288 1309 ἐκ
3311 1257 3410 1325 τῆς
3440 1255 3653 1324 φύσεως
3687 1258 3935 1324 πήρωσιν
3968 1266 4008 1315 τι,

2452 1350 2548 1402 καὶ
2603 1349 2739 1420 πρὸς
2785 1349 2981 1410 ὠδῖνας
3019 1350 3156 1418 αὐτῇ
3196 1359 3234 1379 ’³
3288 1351 3381 1402 καὶ
3435 1350 3624 1409 τόκους
3657 1350 3755 1418 τὴν
3815 1352 4012 1419 μήτραν

2454 1441 2812 1508 διανοιγῆναι.
2858 1440 2914 1489 ’0
2943 1440 2998 1492 δὲ
3055 1443 3241 1510 τρίτον
3294 1441 3477 1504 αὐτοῖς
3532 1442 3592 1493 τὸ
3641 1440 3732 1493 τοῦ
3791 1441 4009 1508 σταυροῦ

2454 1535 2678 1603 σημεῖον
2710 1530 3007 1594 ἐπιϐαλὼν,
3066 1527 3184 1583 εἷτα
3233 1533 3328 1584 καὶ
3368 1531 3469 1600 τῆς
3513 1531 3767 1596 λιθώδους
3817 1533 4014 1599 ἐκείνης

2447 1627 2682 1694 γαστρὸς
2704 1625 3002 1692 ἁψάμενος,
3024 1625 3084 1676 ’Λ
3096 1641 3238 1683 πιτε,
3257 1640 3410 1692 φησι,
3428 1623 3706 1692 χαίροντες
3735 1625 3789 1675 ἐν
3817 1625 4011 1692 Κυρίῳ.

2449 1717 2643 1768 Δίδωσι
2679 1719 2788 1784 γὰρ
2816 1707 2970 1776 οὗτος
3017 1715 3144 1784 ὑμῖν
3208 1714 3374 1785 τριῶν
3420 1716 3622 1768 παίδων
3659 1715 3889 1783 ὀςοθῆναι
3925 1732 4016 1766 παι

2449 1809 2894 1878 τέρας..Ἐκεῖνοι
2933 1809 3031 1878 μὲν
3059 1803 3151 1860 οὖν
3188 1808 3376 1877 ὥσπερ
3408 1807 3584 1876 ἔργῳ,
3614 1807 3691 1876 τῷ
3722 1807 3867 1875 λόγῳ
3898 1807 4016 1875 61f;-

2389 1877 2428 1931 Β
2458 1904 2742 1974 ῥήσαντες,
2803 1901 2986 1953 οἴκαδε
3039 1899 3369 1971 ἀνεχώρουν,
3430 1901 3648 1970 ἔμπλεῳ
3700 1900 3798 1971 τὴν
3854 1900 4014 1968 ψυχὴν

2455 1997 2667 2066 ἡδονῆς.
2696 1995 2834 2062 Ἤδη
2867 1995 2922 2048 δέ
2947 1995 3041 2048 καὶ
3066 1995 3094 2044 ὁ
3120 1993 3226 2046 τῶν
3255 1993 3458 2046 ὠδίνων
3481 1994 3668 2063 καιρὸς
3695 1995 4014 2060 ἐφειστήκει.

2453 2092 2560 2143 Καὶ
2608 2090 2800 2158 πρῶτα
2857 2089 2953 2158 μὲν
3005 2090 3176 2141 τίκτει
3226 2089 3431 2157 Πέτρον
3487 2088 3627 2150 τινὰ,
3679 2087 3771 2138 τὸν
3822 2086 4019 2153 πατέρα

2453 2183 2785 2251 Τερέεωνος,
2842 2181 2899 2242 ὃς
2931 2180 3040 2251 ἄρα
3113 2183 3224 2242 τοῖς
3258 2179 3542 2248 ὁμιληταῖς
3576 2178 3872 2247 Εὐθυμίου,
3911 2179 4021 2244 tati-

2453 2273 2670 2342 αλὴθως
2701 2271 2873 2325 ταῦτα
2901 2273 2994 2324 καὶ
3020 2271 3201 2338 σαφῶς
3231 2270 3547 2340 διηγήσατο.
3583 2272 3785 2339 Χρόνου
3815 2271 3870 2322 δὲ
3899 2269 4020 2338 μετὰ

2451 2364 2621 2417 ταῦτα
2675 2363 2873 2433 συχνοῦ
2917 2363 3336 2428 διαγενομένου,
3397 2363 3429 2430 ὴ
3477 2362 3708 2430 άξζρευὸὴς
3761 2361 4020 2429 Εὐθυμίον

2453 2456 2762 2524 ὑπόσχεσις,
2795 2454 2892 2507 καὶ
2931 2454 3057 2514 τοὺς
3086 2453 3278 2515 ἄλλους
3322 2451 3414 2504 δύο
3440 2451 3515 2521 τῷ
3547 2450 3819 2520 Τερέϐωνι
3867 2450 4010 2501 ἁδελ-

2454 2544 2583 2610 φοὺς
2609 2544 2890 2610 παρεῖχεν.

2523 2655 2640 2706 ΞΡ.
2680 2653 2931 2720 Ἀδελφος
2955 2649 3021 2720 ἦν
3055 2653 3112 2704 ἐν
3139 2656 3203 2724 τῇ
3233 2653 3431 2723 λαύρα,
3467 2652 3737 2722 Ῥωμαῖος
3773 2655 3829 2706 τὸ
3857 2656 4025 2722 γένος,

2453 2746 2767 2815 Αἰμιλιανὸς
2817 2746 2914 2814 τὴν
2973 2745 3186 2813 κλῆσιν,
3243 2745 3357 2815 βίον
3411 2763 3468 2797 τε
3517 2747 3760 2815 χρηστὸν
3816 2747 4026 2816 μετιὼν,

2455 2838 2548 2891 καὶ
2584 2837 2941 2908 σωφροσύνην
2992 2837 3066 2900 ὡς
3127 2838 3359 2907 μάλιστα
3398 2839 3497 2908 τὴν
3549 2840 3722 2908 καλὴν
3774 2838 3832 2904 ἐξ
3872 2841 4031 2909 σὺτῆτ

2454 2931 2704 3000 νεότητος
2733 2929 3143 2998 ἀσπασάμενος.
3171 2929 3358 3000 Τούτῳ
3397 2931 3587 2994 νυκτός
3619 2949 3748 2983 ποτε
3795 2932 4031 2997 διαγενο-

2461 3024 2627 3092 μένης
2679 3023 2983 3093 Κυριακῆς,
3021 3023 3255 3092 χαλεπὸν
3287 3025 3352 3074 ἐκ
3395 3025 3493 3093 τῆς
3535 3025 3732 3094 σαρκὸς
3763 3028 3790 3077 ὁ
3851 3026 4033 3093 ἐχθρὲς

2456 3116 2714 3185 κεκίνηκε
2751 3115 3005 3183 πόλεμον.
3040 3115 3180 3184 Πρὸς
3210 3115 3268 3168 ὃν
3312 3115 3558 3183 ἀντέχειν
3609 3119 3687 3177 εἰς
3741 3118 3894 3176 τέλος
3937 3120 4033 3166 άπ-

2388 3239 2429 3292 C
2463 3205 2788 3277 αγορεύσας,
2813 3205 3039 3257 ἐνεδίδου
3083 3205 3182 3276 ἤδη
3213 3208 3305 3258 καὶ
3331 3209 3442 3269 τοῖς
3466 3207 3742 3276 λογισμοῖς
3793 3209 4033 3260 ὑποκατ-

2471 3299 2730 3352 εκλίνετο.
2799 3295 2988 3359 Οὕτως
3014 3296 3173 3365 ἔχων,
3207 3299 3298 3348 καὶ
3324 3297 3430 3349 ὑπὸ
3459 3297 3551 3350 τοῦ
3581 3297 3784 3360 πάθους
3828 3298 4038 3364 πολιορ-

2474 3389 2760 3457 κούμενος,
2816 3388 3136 3456 ἐντυγχάνει
3193 3388 3324 3457 περὶ
3373 3389 3463 3440 τὸν
3521 3389 3714 3458 ὗρθρον
3768 3391 4040 3458 ἐρχομέπρ

2475 3483 2612 3552 πρὸς
2644 3480 2742 3550 τὴν
2778 3479 2996 3543 σύναξιν
3024 3479 3101 3549 τῷ
3134 3479 3276 3550 ἁγίῳ
3310 3497 3323 3510 ο
3356 3481 3450 3533 καί
3485 3499 3564 3542 τις
3593 3481 3648 3544 ἐξ
3685 3482 3850 3532 αὑτοῦ
3884 3499 4041 3547 :99:-

2475 3573 2665 3625 ἐϐαλλε
2689 3573 2942 3635 δυσωδία,
2976 3573 3034 3624 τὸ
3061 3572 3186 3641 χαλε
3199 3573 3293 3628 πὰν
3324 3575 3499 3625 ἐκεῖνο
3523 3573 3691 3634 πάθος
3719 3573 3795 3642 τῷ
3827 3575 4042 3641 μεγάλῳ

2473 3662 2726 3732 δηλοῦσα.
2773 3663 3128 3733 Ὀσφρανθεὶς
3171 3660 3264 3716 οὖν
3291 3665 3459 3732 αὐτῆς
3507 3667 3535 3715 ὸ
3572 3664 3712 3726 θεῖος
3754 3665 4043 3733 Εὺτιὺμιες,

2476 3757 2572 3808 καὶ
2605 3756 2766 3822 γνοὺς
2811 3755 2908 3824 τὴν
2939 3755 3253 3826 ἐπιϐουλὴν,
3305 3757 3533 3826 ἐπιτιμᾷ
3588 3758 3661 3825 τῷ
3692 3756 4044 3826 διενοχλοῦντι

2478 3844 2698 3914 πονηρῷ
2743 3845 2978 3913 δαίμονι.
3012 3846 3122 3897 Kal.
3154 3845 3489 3914 παραχρῆμα
3565 3844 3750 3906 ὕπτιος
3809 3849 3912 3914 μὲν
3963 3847 4046 3895 ἐπὶ

2479 3937 2574 3990 τοῦ
2614 3936 2842 4004 ἐδάφους
2893 3938 2920 3989 ὀ
2959 3936 3181 4004 ἀδελφὸς
3226 3937 3422 3999 ἔκειτο,
3475 3937 3800 4005 σπαράττων
3860 3939 4044 3988 ἐαυτὶν

2480 4031 2572 4082 καὶ
2608 4029 2835 4093 κλονῶν,
2864 4030 2958 4080 καὶ
2987 4027 3160 4097 ἀφρὸν
3193 4027 3441 4080 ἐκπτύων
3476 4027 3569 4080 τοῦ
3597 4028 3884 4095 στόματος.

2549 4141 2668 4193 ΞΔ’.
2725 4140 3000 4209 Συνῄεσαν
3052 4140 3109 4192 δέ
3161 4140 3256 4191 καὶ
3291 4139 3474 4191 πολλοὶ
3503 4141 3612 4192 τῶν
3672 4140 3922 4208 μοναχῶν
3967 4139 4047 4189 ἐπ’

2480 4234 2650 4300 αὐτῷ.
2678 4232 2797 4294 Φῶς
2824 4232 3002 4284 τοίνυν
3030 4235 3056 4284 ὁ
3090 4232 3262 4301 μέγας
3294 4231 3562 4301 Εὑθύμινις
3617 4231 3903 4300 ἐνεχθῆναι
3961 4249 4047 4280 γε-

2479 4325 2698 4386 λεύσας,
2759 4323 2848 4374 διά
2907 4324 2966 4376 τὸ
3028 4324 3122 4376 καὶ
3170 4323 3260 4376 τὸν
3306 4324 3467 4375 τόπον
3500 4320 3639 4376 εἶναι
3688 4326 3907 4393 ζοφώδη
3964 4328 4048 4376 καὶ

2480 4415 2700 4482 ἀφεγγῆ
2729 4429 2743 4442 ⁹
2772 4414 2966 4484 Ὁρᾶτε
2997 4414 3086 4466 τὸν
3116 4414 3365 4483 ἀδελφὸν,
3398 4409 3719 4484 ὦΠατέρες,
3753 4419 3890 4484 φησί
3924 4420 4048 4481 πρτζς

2482 4509 2702 4568 αὐτοὺς,
2735 4506 2881 4568 ὅπως
2910 4509 2966 4557 ἐν
2989 4508 3156 4576 ἀρετῇ
3190 4505 3297 4569 ζῶν
3322 4508 3384 4557 ἐκ
3409 4507 3616 4569 παιδὸς,
3645 4510 3737 4558 καὶ
3769 4526 4051 4576 σωᾳροτν-

803 4596 936 4654 butt.
976 4579 1124 4646 nunc
1149 4594 1290 4660 quod
1343 4608 1572 4661 paucum
1613 4594 1841 4647 cesserit
1885 4597 2198 4650 carnalibus
2225 4599 2357 4666 cogi-

2485 4616 2582 4668 νης
2614 4597 3064 4666 ἐπιμελούμενος,
3096 4597 3191 4649 νῦν
3220 4598 3308 4650 διὰ
3343 4599 3401 4650 τὸ
3457 4599 3648 4668 μικρὸν
3675 4601 3918 4651 svio-Evn
3951 4606 4050 4658 ττῐς

801 4691 1092 4744 tation‘ibus
1113 4689 1255 4757 jacet
1274 4689 1526 4742 omnibus
1547 4690 1702 4741 nobis
1733 4689 1978 4758 lacrymis
1998 4690 2217 4759 dignum
2253 4706 2377 4759 spe-

797 4783 1087 4835 ctaculum.
1119 4781 1297 4844 Quare
1325 4781 1473 4833 onmi
1501 4780 1742 4832 custodia
1773 4780 2062 4849 unicuique
2087 4782 2376 4836 servanda.

801 4882 884 4925 est
923 4887 1076 4925 mens
1123 4886 1241 4934 sua,
1282 4885 1351 4922 ne
1389 4885 1488 4923 nos
1521 4870 1604 4923 vel
1636 4885 1732 4938 per
1761 4871 2100 4939 phantasiam
2134 4872 2367 4941 aliquam

801 4965 1030 5016 latenter
1057 4962 1206 5014 fallat
1231 4961 1504 5023 inimicus,
1531 4971 1585 5013 et
1613 4962 1662 5012 in
1696 4961 2022 5029 perditionis
2051 4963 2366 5016 barathrum

803 5055 1122 5122 praecipitet.
1161 5051 1295 5104 Nam
1342 5051 1385 5104 si
1425 5051 1656 5105 absurda
1696 5052 1960 5119 quapiam
1997 5054 2251 5122 cogitatio
2287 5054 2370 5106 in-

805 5145 1001 5196 vaserit
1039 5158 1158 5204 nos,
1207 5143 1271 5194 ad
1320 5152 1529 5210 turpem
1568 5141 1912 5208 cupiditatem
1954 5141 2236 5209 iustigans.
2271 5159 2370 5196 nos

807 5249 933 5285 vero
974 5233 1156 5286 statim
1192 5232 1258 5284 ab
1287 5232 1443 5284 initio
1475 5245 1595 5284 eam
1624 5230 1898 5283 debellare
1939 5245 2045 5282 nou
2077 5231 2370 5284 contenda-

807 5325 1058 5388 mus,scd
1108 5325 1253 5378 velut
1304 5322 1511 5392 placide
1569 5322 1622 5374 in
1690 5321 1930 5374 animmn
1991 5322 2364 5386 admittamus,

2484 4694 2582 4759 τῆς
2637 4689 2837 4760 σαρκὸς
2869 4691 3145 4758 λογισμοῖς
3171 4699 3211 4754 °,
3266 4693 3442 4742 κεῖται
3498 4694 3658 4742 πᾶσιν
3709 4695 3844 4759 ἡμῖν
3881 4694 4052 4759 θέλει

2484 4782 2696 4850 θρήνων
2723 4781 2870 4845 ἄξιον
2892 4797 2904 4808 '
2930 4781 3010 4832 διδ
3045 4781 3191 4850 πάσῃ
3213 4781 3423 4851 φυλακῇ
3451 4783 3545 4849 τὴν
3569 4782 3812 4834 διάνοιαν
3843 4784 4054 4847 ἐκάτττρ

2483 4871 2579 4939 τὴν
2604 4869 2798 4922 ἑαυτοῦ
2833 4873 3120 4940 τηρητέον,
3156 4873 3229 4940 μὴ
3258 4872 3395 4941 λάθῃ
3435 4873 3524 4924 καὶ
3549 4873 3636 4925 διὰ
3663 4875 3968 4941 asa-.1123;
3997 4878 4042 4926 ε’

2480 4979 2624 5024 τινος
2651 4962 2851 5030 κλέψας
2883 4965 3026 5032 ἡμᾶς
3055 4966 3082 5016 ὁ
3104 4963 3314 5032 ἐχθρὸς,
3345 4967 3434 5016 καὶ
3463 4967 3540 5027 εἰς
3568 4969 3626 5017 τ’)
3657 4969 3750 5036 τῇς
3780 4970 4052 5028 άττιυλείᾳς

2483 5054 2808 5121 καταγαγὼν
2859 5054 3149 5124 βάραθρον.
3193 5057 3307 5108 Κᾶν
3360 5058 3465 5126 γάρ
3518 5060 3718 5120 ἄτοπός
3785 5077 3873 5122 τις
3930 5064 4050 5127 ﬁgi.

2483 5145 2772 5213 ἐγγένηται
2812 5146 3068 5214 λογισμὸς
3117 5150 3192 5209 εἰς
3246 5150 3537 5217 ἐπιθυμίαν
3583 5150 3888 5203 ἀκόλαστον
3938 5154 4052 5219 ἐρε-

2477 5237 2662 5298 θίζων,
2693 5240 2851 5305 ἡμεῖς
2882 5238 2938 5290 δὲ
2968 5241 3041 5306 μὴ
3071 5243 3167 5307 τὴν
3208 5240 3429 5311 πρώτην
3460 5243 3619 5304 sint;
3651 5243 4050 5314 ἐκπολεμωθῇ-

2474 5346 2560 5378 ναι
2593 5329 2768 5396 τούτῳ
2801 5330 3210 5398 σπουδάσωμεν,
3257 5332 3367 5382 ἀλλ’
3410 5327 3521 5385 οἷον
3555 5333 3805 5404 εὐμενῶς
3833 5347 3862 5387 P
3892 5339 4051 5392 αὐτὸν

2080 5467 2313 5521 νΛῐὶΙίΕ
2357 5469 2757 5525 LECTIONES.

925 5591 962 5611 ¹¹¹
997 5584 1066 5635 al.
1103 5584 1406 5653 στείρωσιν.

1487 5592 1514 5618 ιι
1541 5582 1610 5635 al.
1646 5581 1832 5652 αὐτὴν.
1911 5590 1936 5618 ο
1975 5582 2047 5635 al.
2079 5582 2325 5637 πάθεσιν.

2405 5595 2434 5634 P
2461 5587 2533 5639 al.
2567 5587 2796 5655 εὐμενὲς
2831 5597 2888 5640 et
2913 5585 3191 5656 εὐμαρῶς.

2024 5699 2218 5756 JOAN.
2257 5702 2522 5759 BOLLAN
2533 5704 2596 5758 Dl
2633 5703 2866 5763 ΝΟΤᾸΞ.

895 5811 1004 5867 «91)
1043 5813 1328 5878 Saqucutia
1355 5816 1545 5872 desunt
1578 5816 1630 5870 in
1661 5815 1954 5885 Lipomano
1976 5828 2030 5873 et
2071 5819 2252 5876 Surio.
2307 5822 2380 5877 Ε(
2422 5825 2617 5880 (ὶιξοοο
2647 5841 2748 5881 ms.
2781 5840 2808 5878 a
2846 5827 3002 5882 nobis
3042 5828 3268 5881 inserta.
