4104 6486
125 421 203 487 65Ἰ
1369 419 1544 480 VITA
1581 418 1641 478 S.

1781 417 2084 478 ΤΗΥΜΙῙ.

173 531 278 585 υΓ.
337 531 510 583 Τοῦτο
559 528 616 583 δὲ
668 528 770 583 κᾶν
805 528 1012 590 πάντας
1062 526 1242 597 ὀλίγου
1299 532 1434 598 πρὸς
1477 532 1614 598 αὐτῇ
1650 528 1667 566 ί
1708 537 1748 587 Α

123 622 215 684 τοὺς
256 622 526 691 μοναχοὺς
560 620 930 686 ἐπεσπάσατο,
962 624 1009 674 εἰ
1037 623 1112 692 μή
1145 638 1227 685 τις
1262 621 1560 683 Θεοδόσιος,
1616 620 1676 673 τὸ

127 715 276 783 σχῆμα
311 712 701 783 μὲν.μοναχὸς,
738 714 829 767 τὸν
866 713 923 766 δὲ
966 716 1166 785 τρόπον
1217 714 1349 782 γόης
1390 714 1675 783 ἐπικαιρόο

124 825 247 869 τατος
285 809 378 860 καὶ
404 806 807 877 διεφθαρμένος
860 806 959 876 τὴν
986 806 1232 877 γνώμην,
1284 807 1543 870 ἐπιεικῶς
1594 810 1670 871 εἰς

126 906 197 968 τὴν
217 901 577 972 Παλαιστίνην
604 900 795 958 ἐλθὼν.
829 902 921 952 καὶ
954 899 1181 953 τοιαῦτά
1208 916 1330 953 τινα
1352 900 1673 969 κακούργως

125 998 221 1065 περὶ
252 995 353 1064 τῆς
386 995 644 1065 ρηθείσης
674 993 891 1047 συνόδου
922 994 1284 1064 πλασάμενος,
1315 995 1391 1057 ὼς
1420 995 1670 1063 ἀναιροίη

129 1088 278 1155 iii-1:6
302 1086 403 1155 τῆς
429 1087 595 1155 ὀρθῆς
619 1086 856 1149 πίστεως
888 1086 1065 1155 δόγμα
1095 1090 1189 1140 καὶ
1218 1087 1537 1155 ἀνατρέποι,
1564 1090 1668 1138 εἰσ-

127 1177 294 1242 άγοιδὲ
332 1178 535 1244 μᾶλλον
581 1180 673 1232 καὶ
722 1179 1048 1232 ἀνακαλοῖτο
1074 1180 1142 1231 τὰ
1188 1180 1505 1249 Νεστορίου,
1558 1176 1673 1234 εἷλέ

127 1288 170 1321 τε
202 1271 287 1339 τὴν
336 1270 655 1336 Αὑγούσταν
694 1271 980 1336 Εύδοκίαν,
1011 1274 1079 1342 τῇ
1140 1271 1475 1342 Παλαιστίνῃ
1522 1290 1671 1340 τηνιη

128 1363 269 1414 nota
310 1362 707 1432 ἐπιδημοῦσαν,
740 1366 835 1418 καὶ
876 1365 1021 1419 ἅπαν
1058 1366 1125 1419 δι’
1156 1366 1327 1435 αὐτῆς
1359 1367 1676 1437 ὑπηγάγετο

128 1456 173 1505 τὸ
221 1455 527 1523 μοναχικόν.
587 1456 814 1508 Ἔπειτα
860 1457 952 1509 καὶ
1003 1456 1080 1527 τῷ
1129 1456 1236 1510 τῶν
1288 1457 1675 1528 Ἱεροσολύμων

128 1551 270 1619 θρόνῳ
302 1550 539 1620 ἰταμῶς,
594 1550 640 1604 ὣ
666 1551 810 1615 δίκη.
867 1554 959 1605 καὶ
992 1554 1363 1622 ἀναισχύντως
1406 1555 1672 1624 ἐπιπηδᾷ·

129 1646 203 1695 καὶ
259 1644 353 1712 τὴν
408 1646 517 1697 ἀπὸ
571 1645 669 1712 τῆς
730 1646 975 1713 ἐξουσίας
1013 1648 1263 1701 εὐκολίαν
1317 1647 1672 1720 παραλαϐὼν.

132 1735 481 1802 ἐπιστρατεύει
530 1738 642 1797 τοῖς
684 1736 845 1799 θείοις
880 1739 1067 1790 κανόσι
1112 1740 1206 1791 καὶ
1236 1740 1437 1807 νόμοις.
1472 1739 1580 1790 Καὶ
1618 1741 1676 1792 τὸ

128 1824 367 1885 ἐντεῦθεν,
400 1826 674 1897 ἄνθρωποι
706 1827 805 1897 μὲν
830 1831 1091 1893 ἐπιεικεῖς
1128 1831 1219 1883 καὶ
1248 1831 1541 1900 σώφρονες,
1569 1832 1675 1884 τῶν

130 1916 304 1983 θρόνων
350 1919 441 1970 καὶ
484 1920 643 1989 ιερῶν
691 1920 1047 1988 ἀπελήλαντο’
1101 1924 1208 1975 εἰσὶ
1237 1922 1314 1989 (δὲ
1364 1923 1413 1975 οἳ
1447 1925 1539 1975 καὶ
1585 1927 1672 1975 ἀν⁶

128 2008 329 2079 ῃροῦντο
369 2013 497 2081 παρ’
530 2011 717 2077 αὑτοῦ,
756 2013 852 2066 καὶ
900 2014 999 2076 τὰς
1034 2017 1223 2085 χεῖρας
1248 2016 1275 2067 6
1324 2018 1539 2086 μιαρὸς,
1573 2017 1670 2087 ἀρ·

130 2101 345 2168 χιερέων,
379 2102 510 2171 (pi-:6!
548 2104 794 2173 ὲμίαινεν
825 2106 1023 2176 αἵμασι
1054 2109 1100 2147 ε·
1144 2107 1443 2177 κακοῦργοι
1490 2109 1546 2161 δὲ
1580 2110 1673 2162 καὶ

130 2194 298 2261 γόητες
327 2198 421 2246 καὶ
436 2196 636 2265 λοιμοὶ,
663 2197 755 2249 καὶ
776 2201 1165 2271 δεσμωτηρίων
1198 2202 1397 2270 μᾶλλον
1417 2202 1448 2271 ἢ
1469 2202 1672 2273 θρόνων

130 2284 265 2349 ἄξιοι,
300 2287 614 2355 ἱεροφάνται
656 2290 749 2341 καὶ
784 2291 950 2359 ἱερεῖς
979 2292 1372 2355 ἀνεδείκνυντο,
1406 2296 1499 2346 καὶ
1542 2297 1670 2349 πολ-

128 2376 208 2443 λῆς
236 2379 378 2448 παρά
407 2379 487 2449 τῷ
513 2381 750 2451 λυμεῶνι
781 2383 955 2453 τούτῳ
1000 2386 1091 2438 καὶ
1126 2386 1304 2455 μιαρῴ
1333 2387 1431 2459 τῆς
1464 2390 1676 2458 παρῤηο

130 2468 226 2527 σίας
262 2470 554 2525 ἀπέλαυον.

188 2563 295 2615 OA'.
329 2564 489 2616 Οὕτω
512 2565 574 2635 δὴ
604 2563 631 2602 ¹¹
664 2565 831 2619 αὐτοῦ
870 2568 1078 2631 πάντας
1130 2571 1502 2641 ἀνηρτημένου
1553 2574 1679 2634 τοὺς

130 2655 396 2721 μοναχοὺς,
429 2656 522 2708 καὶ
551 2657 660 2726 ὅπη
690 2656 930 2725 βούλοιτο
952 2659 1198 2728 ἄγοντος,
1225 2662 1373 2731 μόνοι
1398 2664 1497 2730 τὴν
1515 2665 1677 2716 αὐτοῦ

130 2745 413 2807 κοινωνίαν,
448 2747 696 2817 καθάπερ
712 2748 845 2829 ἄγος
879 2768 931 2803 τι
953 2754 1046 2805 καὶ
1076 2752 1309 2821 μίασμα,
1339 2755 1389 2805 οἱ
1430 2759 1556 2825 περὶ
1588 2757 1678 2808 τὸν

130 2835 284 2900 μέγαν
324 2836 604 2903 Εὐθύμιον
637 2840 1059 2911 ἀπεστρέφοντο.
1114 2840 1268 2895 Ἐπεὶ
1299 2843 1355 2897 δὲ
1386 2847 1476 2897 xal
1510 2846 1682 2914 τούτῳ

128 2929 299 2995 πεῖραν
332 2930 615 3000 προσῆγεν
646 2934 673 2983 6
701 2932 969 3003 δυσσεϐὴς
1008 2932 1305 2999 Θεοδόσιος,
1333 2937 1425 2988 καὶ
1454 2953 1683 3003 μετεκα-

126 3017 249 3071 λείτο
274 3022 412 3091 πρὸς
449 3024 660 3087 ἑαυτὸν,
707 3024 920 3078 ἐκείνου
949 3025 1083 3095 μηδὲ
1120 3026 1351 3080 ἀκοῦσαι
1402 3030 1493 3080 τὸν
1528 3029 1684 3095 λόγον

127 3110 463 3181 ἀνεχομένου,
513 3118 723 3184 πέμπει
780 3118 915 3187 πρὸς
948 3118 1110 3171 αὑτὸν
1164 3120 1327 3173 πάλιν
1363 3120 1681 3191 πρεσϐείαν,

134 3200 379 3255 Ἐλπίδιον
401 3205 495 3257 καὶ
519 3205 817 3275 Γερόντων·
846 3200 921 3259 ὧν
948 3206 975 3257 6
1020 3208 1117 3276 μὲν
1141 3208 1234 3261 τοῦ
1260 3211 1498 3279 μεγάλου
1541 3214 1687 3265 Πασ-

128 3293 391 3362 στρίωνος,
428 3298 458 3350 ό
491 3296 550 3349 δὲ
600 3300 698 3366 τῆς
732 3298 1005 3366 μακαρίας
1035 3299 1288 3370 Μελάνης
1323 3301 1565 3373 διάδοχος
1597 3301 1683 3375 ἦν’

123 3384 411 3448 ἀξιοῦντας.
446 3388 544 3441 καί
572 3389 621 3440 εἰ
656 3389 728 3459 μὴ
758 3390 885 3459 παρ’
912 3390 1074 3440 αὑτὸν
1102 3392 1394 3455 ἀφικέσθαι
1425 3394 1685 3463 βούλοιτο,

124 3473 222 3525 ἀλλ’
246 3470 339 3529 οὖν
366 3477 429 3528 ἐν
460 3494 569 3531 τινι
598 3479 746 3548 τόπῳ
776 3480 1053 3533 συνελθεῖν
1077 3483 1448 3553 ἀμφοτέρους,
1482 3488 1576 3539 καὶ
1602 3504 1691 3539 πε·

126 3558 268 3628 ρὶῶν
328 3570 601 3639 ἑκάτερος
642 3569 774 3639 ἔχοι,
826 3571 963 3640 πρὸς
1014 3572 1279 3642 ἀλλήλους
1318 3576 1687 3648 διαλεχθῆναι.

123 3658 216 3710 Καὶ
245 3659 302 3735 ὃς
336 3662 537 3724 δεινῶς
581 3664 673 3716 καὶ
709 3664 844 3734 πρὸς
875 3664 1049 3720 ταῦτα
1073 3669 1415 3736 σχετλιάσας·
1473 3674 1563 3742 Μή
1598 3692 1687 3743 μοι

120 3751 331 3818 γένοιτο,
363 3749 523 3815 εἷπε.
552 3758 692 3827 μήτε
722 3756 817 3810 τοῦ
844 3758 1032 3812 ἀδίκου
1063 3760 1170 3813 τῶν
1204 3762 1393 3831 ἱερέων
1432 3765 1684 3834 αἵματος,

122 3843 241 3909 μήτε
292 3846 394 3915 τῆς
450 3848 723 3915 αἱρέσεως
783 3851 1107 3919 κοινωνῆσαι
1167 3852 1447 3924 Θεοδοσίῳ.
1507 3858 1569 3908 0t
1608 3857 1685 3919 δὲ,

129 3934 274 3988 Ἀλλὰ
326 3940 447 4001 τοῖς
480 3937 579 3991 τοῦ
629 3939 949 4011 Νεστορίου,
990 3944 1141 4009 φασὶ,
1200 3948 1478 3998 κοινωνεῖν
1524 3949 1688 4016 ἀναγ-

118 4027 276 4093 καῖον,
331 4029 419 4081 ὅτι
458 4046 521 4081 τε
567 4028 664 4082 δύο
708 4030 896 4093 θύσεις
931 4033 1244 4102 πρεσϐεύει,
1287 4036 1424 4107 ὅπερ
1478 4038 1687 4091 οὐδέπω

122 4116 267 4183 μέχρι
306 4119 404 4171 καὶ
470 4118 573 4172 νῦν
641 4119 704 4172 ἐκ
759 4138 903 4184 τινος
964 4124 1399 4195 παρειλήφαμεν,
1444 4128 1538 4180 καὶ
1604 4130 1688 4182 ὅτι

115 4220 208 4274 περ
246 4209 439 4273 αὐτοῖς
490 4210 591 4263 καὶ
650 4214 681 4281 ἠ
729 4212 787 4263 ἐν
844 4212 1151 4283 Χαλκηδόνι
1183 4216 1397 4279 σύνοδος
1457 4218 1689 4286 ἠκολού-

118 4297 285 4365 θησεν.

175 4392 287 4445 OE'.
343 4395 683 4452 ’Υπολαϐὼν
707 4397 763 4451 δὲ
786 4400 814 4451 6
841 4399 1014 4468 μέγας
1044 4400 1334 4468 Εὑθύμιος,
1361 4401 1439 4454 Τὰ
1464 4404 1562 4469 μὲν
1587 4403 1690 4455 ὑπὸ

3249 412 3355 477 658

1852 529 2083 583 LXXIII.
2130 527 2244 582 Hoc
2284 535 2463 581 autem
2500 540 2688 580 omnes
2736 524 3122 593 propemodum
3166 542 3353 581 mona-

1774 624 1907 678 chos
1947 623 2011 676 ad
2049 636 2169 675 eam
2208 619 2539 684 attraxisset,
2570 619 2669 671 nisi
2707 619 3049 672 Theodosius
3085 617 3197 687 (9i)
3238 621 3357 689 qui-

1770 718 1918 774 dam.
1948 715 2134 769 habitu
2175 713 2395 782 quidem
2443 713 2761 775 monachus,
2800 712 3046 764 moribus
3084 712 3196 777 (92)
3230 728 3357 766 vero

1775 808 2131 879 prtPsligiatnr
2161 804 2603 867 exitiosissimus,
2635 815 2688 858 et
2717 814 2897 860 mente
2929 814 3241 870 corruptus.
3261 821 3355 858 ve-

1774 905 1928 956 niens
1955 903 2009 955 in
2040 903 2381 956 Palaestinam
2414 910 2610 970 przcter
2640 900 3123 968 exspectationem.
3157 911 3209 955 et
3242 900 3357 955 ha‘e

1771 996 2075 1063 similiaque
2127 997 2370 1063 improbe
2425 995 2491 1047 de
2546 994 2686 1048 dicta
2735 996 2942 1065 synodo
2992 1010 3354 1056 cmmncntus.

1771 1090 1914 1158 quod
1945 1098 2213 1143 everteret
2238 1089 2453 1157 quidem
2494 1097 2656 1141 rectae
2694 1088 2816 1141 ﬁdei
2864 1088 3055 1156 dogma
3115 1088 3359 1142 introdu-

1772 1190 1922 1235 ceret
1950 1190 2130 1235 autem
2157 1181 2338 1249 potius
2372 1190 2529 1247 atque
2561 1191 2839 1235 revocaret
2878 1180 3108 1234 Nestor-ii
3136 1189 3357 1234 senten—

1774 1276 1926 1334 tiam.
1953 1275 2189 1343 cepisset
2212 1274 2503 1327 Eudociam
2525 1274 2640 1343 (93)
2664 1276 3119 1344 Augustam,qu:c
3146 1284 3274 1328 tunc
3302 1276 3355 1327 in

1775 1365 2055 1422 Palmstina
2082 1367 2193 1435 (96)
2225 1368 2563 1431 versabatur,
2599 1376 2652 1420 et
2685 1382 2781 1436 per
2801 1381 2924 1420 eam
2952 1384 3168 1421 onmem
3201 1368 3355 1421 indu-

1774 1462 1939 1515 xisset
1973 1460 2329 1515 monastieutn
2361 1459 2631 1514 ordinem.
2663 1461 2710 1514 Is
2751 1467 2935 1529 postea
2972 1462 3136 1514 etiam
3174 1461 3355 1515 sedem

1776 1555 2316 1625 llierosolymitanam
2354 1554 2641 1607 temerarie
2687 1562 2741 1607 to
2780 1553 3040 1622 iustitia!)
3085 1563 3140 1605 ct
3176 1553 3322 1619 impii

1776 1650 1968 1703 denter
2000 1648 2203 1703 invadit
2233 1648 2344 1717 (95)
2365 1666 2378 1709 ;
2398 1656 2559 1715 atque
2588 1663 2712 1702 cum
2738 1662 2799 1699 ex
2829 1655 3094 1716 potestate
3118 1646 3357 1711 acupis-

1776 1754 1860 1797 set
1894 1742 2225 1802 facultatem,
2255 1741 2452 1795 bellum
2485 1740 2625 1809 gerit
2659 1740 2920 1793 adversus
2953 1739 3167 1792 divinos
3194 1753 3359 1791 cano-

1777 1850 1876 1887 nes
1904 1843 1956 1887 et
1987 1835 2149 1904 leges.
2181 1834 2312 1887 Inde
2335 1833 2581 1887 homines
2608 1832 2825 1900 quidem
2864 1831 3015 1900 probi
3055 1840 3217 1900 atque
3246 1847 3360 1885 mo-

1780 1927 1950 1981 derati
1993 1942 2020 1981 a
2058 1927 2279 1983 sedibus
2306 1935 2359 1980 et
2385 1926 2554 1980 sacris
2579 1925 3021 1994 expellebantur;
3064 1925 3357 1978 fueruntet

1775 2021 1865 2089 qui
1884 2021 1951 2074 ab
1974 2034 2040 2075 eo
2063 2020 2225 2074 occisi
2258 2018 2371 2089 (96)
2398 2029 2559 2081 sunt;
2597 2032 2808 2071 necnon
2835 2032 3029 2071 manus
3060 2016 3358 2071 sceleratus

1777 2111 2092 2180 pontiﬁcum
2115 2110 2227 2180 (97)
2251 2110 2436 2178 (heu!)
2462 2111 2726 2179 sanguine
2754 2109 2976 2178 polluit;
3007 2108 3237 2168 maleﬁci
3264 2126 3353 2161 at:-

1777 2216 1883 2259 tem
1911 2213 1959 2258 et
1988 2203 2427 2272 prazstigiatores,
2451 2212 2504 2256 et
2540 2212 2719 2271 pestes
2748 2202 3032 2271 potiusque
3064 2201 3207 2271 digni
3239 2216 3357 2253 ear--

1778 2297 1996 2352 ceribus
2030 2311 2188 2365 quam
2229 2296 2464 2357 sedibus.
2504 2311 2783 2349 sacrorum
2824 2295 3151 2363 interpretes
3182 2304 3236 2347 et
3273 2311 3359 2345 sa-

1778 2388 2026 2443 cerdotes
2057 2389 2400 2449 creabantur,
2422 2396 2584 2454 atque
2606 2386 2745 2451 apud
2777 2387 2921 2439 hunc.
2948 2386 3235 2439 scelestum
3262 2386 3361 2439 im—

1781 2489 2084 2548 purumqtte
2114 2492 2363 2546 magnam
2395 2476 2823 2544 assequebantur
2852 2474 3123 2526 ﬁduciam.

1856 2565 2085 2619 LXXIV.
2124 2566 2259 2619 Cum
2284 2579 2412 2618 vero
2447 2565 2523 2619 sic
2554 2579 2745 2619 omnes
2763 2563 3014 2620 itionaehi
3046 2563 3114 2617 ab
3143 2578 3207 2615 co
3236 2579 3359 2631 pcu-

1784 2660 1994 2721 derent,
2029 2659 2358 2725 duceretque
2396 2673 2487 2711 eos
2508 2673 2614 2725 quo
2636 2658 2814 2716 vellet,
2846 2656 2994 2709 solus
3025 2656 3359 2709 communio-

1786 2769 1910 2806 nem
1942 2754 2084 2820 ejus,
2109 2761 2361 2818 tanquam
2387 2750 2564 2803 scelus
2596 2749 2812 2818 aliquod
2842 2756 2893 2801 et
2917 2746 3184 2816 piaculum
3208 2762 3360 2800 aver-

1786 2846 2007 2901 sabatur
2039 2859 2264 2913 magnus
2300 2842 2618 2912 Euthymius
2641 2856 2763 2895 cum
2805 2840 2937 2893 suis.
2971 2838 3234 2904 Quoniam
3263 2855 3347 2891 an-

1790 2946 1895 2989 tem
1935 2934 1981 2988 ei
2011 2948 2227 3002 quoque
2260 2932 2615 2987 tentationem
2648 2930 2916 2985 inferebat
2960 2930 3158 2998 impius
3182 2929 3363 2983 Theo-

1787 3026 1993 3087 tiOSilIS,
2018 3034 2072 3077 et
2098 3025 2164 3078 ad
2195 3040 2253 3078 se
2273 3022 2709 3087 areessehat,illo
2737 3037 2803 3075 ne
2825 3035 3127 3074 sermonem
3146 3021 3359 3088 quidem

1788 3118 1979 3171 audire
2010 3117 2333 3177 sustinente,
2357 3130 2547 3168 rursus
2582 3114 2747 3167 mittit
2776 3115 2839 3166 ad
2864 3128 2985 3167 eum
3019 3113 3360 3182 legationem,

1790 3210 2060 3279 Elpidiutn
2097 3208 2208 3276 (98)
2238 3219 2293 3262 et
2315 3207 2633 3262 Gerontium
2681 3206 2820 3277 (99);
2852 3221 3085 3275 quorum
3126 3205 3212 3257 ille
3243 3205 3361 3271 ιιιιί-

1788 3306 1909 3359 dem
1934 3302 2113 3373 magni
2144 3300 2504 3362 Passarionis,
2534 3301 2622 3354 hic
2653 3315 2781 3353 vero
2812 3300 2981 3352 beatae
3015 3297 3257 3351 Melaniae
3291 3296 3364 3365 (I)

1785 3404 2217 3455 eratsuccessor,
2243 3401 2514 3460 rogantes,
2538 3400 2591 3442 ut
2616 3390 2658 3443 si
2684 3394 2747 3441 ad
2775 3389 2947 3453 ipsum
2974 3388 3140 3440 nollet
3158 3390 3363 3451 venire,

1784 3484 2145 3538 convenirent
2166 3491 2347 3535 tamen
2378 3482 2536 3534 ambo
2566 3480 2617 3532 in
2642 3480 2817 3532 locum
2847 3477 3104 3547 aliquem,
3136 3487 3189 3530 et
3211 3480 3276 3529 de
3303 3479 3366 3530 iis

1784 3592 1905 3645 qua:
1938 3587 2166 3644 uterque
2197 3574 2441 3639 haberet,
2473 3573 2805 3627 dissererent
2836 3571 2977 3624 inter
3001 3585 3078 3624 se.
3125 3569 3212 3623 Ille
3242 3585 3366 3623 vero

1787 3669 1851 3722 ad
1884 3669 1999 3722 haec
2027 3667 2261 3735 graviter
2284 3668 2609 3720 lamentatus
2637 3684 2647 3717 :
2676 3664 2846 3723 Absit.
2873 3663 3066 3733 inquit,
3098 3673 3156 3716 ut
3188 3673 3281 3715 aut
3314 3665 3364 3714 in

1794 3761 1990 3826 iniuste
2035 3759 2154 3813 fuso
2191 3757 2455 3827 sanguine
2504 3756 2879 3817 sacerdotum,
2941 3764 3036 3807 aut
3080 3753 3131 3806 in
3177 3754 3366 3805 Ita‘t‘t‘si

1794 3852 2189 3907 cmnmunicem
2235 3867 2359 3904 cum
2407 3849 2733 3903 Theodosio.
2780 3848 2816 3900 Ii
2858 3858 3039 3899 autem
3077 3863 3088 3897 :
3127 3847 3232 3899 Sed
3277 3862 3366 3896 ne-

1794 3961 1944 3999 cesse
1966 3954 2073 4006 est,
2098 3943 2373 4013 inquiunt,
2405 3953 2464 3996 ut
2491 3941 2861 3996 eommunices
2882 3939 3113 3993 Nestorii
3137 3948 3367 3992 sectatu-

1796 4042 1964 4106 rihus,
1985 4040 2241 4110 quoniam
2259 4048 2313 4092 et
2340 4039 2386 4092 is
2411 4041 2542 4091 duas
2570 4046 2752 4091 tuetur
2775 4046 3031 4090 naturas:
3050 4036 3193 4102 quod
3221 4049 3287 4086 ne
3315 4034 3364 4085 in

1796 4133 2118 4187 hodiernum
2143 4129 2524 4198 quidemdiem
2553 4129 2620 4181 ab
2645 4128 2825 4197 aliquo
2853 4125 3181 4196 accepimus,
3208 4135 3369 4193 atque

1797 4226 1861 4279 iis
1885 4223 2112 4279 adhtesit
2137 4221 2598 4278 Chalcedonensis
2630 4220 2892 4290 synodus.

1866 4401 2070 4457 LXXV.
2115 4401 2268 4453 Tune
2300 4416 2526 4467 magnus
2563 4400 2838 4467 excipiens
2886 4398 3210 4468 Euthymius
3250 4397 3366 4450 ait:

1419 4537 1649 4592 VARle
1692 4537 2090 4594 LECTIONES.

183 4628 296 4686 ‘al.
322 4634 535 4704 αὑτήν.
620 4635 644 4673 ⁸
677 4634 748 4688 al.
778 4635 994 4705 αἵματι.
1072 4634 1096 4671 ιι
1129 4631 1197 4685 al.
1230 4632 1285 4683 δὲ

1328 4722 1443 4777 ,1οΑ
1456 4721 1518 4775 Ν.
1568 4721 1903 4777 BOLIANDI
1941 4719 2170 4775 NOT/E.

175 4819 278 4889 (9|)
333 4822 413 4878 De
468 4821 792 4877 Theodosio
840 4822 940 4877 hoc
988 4821 1098 4891 agit
1163 4821 1425 4888 Evagrius
1485 4819 1578 4872 lib.
1636 4818 2109 4891 2,1)ctionisan.
2149 4815 2247 4870 Ch.
2282 4814 2406 4879 45:2,
2444 4833 2562 4867 rum
2615 4815 2887 4873 Iuvenalis
2919 4818 3375 4889 Constantinopo-

114 4894 301 4964 (ειμι-5.
336 4894 700 4964 Nicephorius
724 4893 813 4947 lib.
836 4893 937 4964 I5,
971 4908 1089 4960 cap,
1120 4893 1171 4945 9.

176 4962 280 5030 (92)
317 4964 418 5017 llic
446 4960 498 5018 α’
523 4978 632 5016 suo
666 4963 883 5029 proprio
915 4964 1175 5031 episcopo
1207 4962 1259 5013 in
1290 4960 1565 5031 maleﬁciis
1588 4961 1690 5031 de-

116 5029 427 5098 prehensus,
464 5032 742 5100 expulsus
764 5033 867 5087 fuit
890 5029 1246 5095 monasterio;
1289 5041 1343 5084 et
1376 5030 1541 5098 quod.
1567 5029 1691 5081 dum

118 5104 238 5156 forte
276 5106 646 5158 Alexandria.
692 5104 1030 5167 versabatur,
1068 5104 1368 5153 adhmserat
1417 5101 1691 5160 Dioscoru,

118 5180 159 5224 et
188 5176 365 5229 multis
401 5184 613 5245 utpote
641 5172 953 5245 seditiosus,
988 5171 1305 5245 verberibus
1338 5170 1693 5245 dilaceratus,

118 5246 417 5314 mmcloque
472 5239 868 5314 'ma‘leﬁeorum
903 5257 1088 5314 _more
1128 5243 1444 5311 impositus,
1492 5239 1699 5292 circum

120 5316 290 5383 urbem
321 5311 533 5371 ductus
560 5311 765 5367 fuerat.
793 5312 866 5367 Ita
902 5311 1164 5383 Evagrius
1219 5324 1451 5379 eumque
1485 5319 1703 5363 secutus

122 5381 465 5449 Nirephoms.
1010 5392 1013 5395 λ

182 5456 284 5525 (95)
325 5457 568 5511 Viduam
612 5451 921 5525 Theodosii
941 5450 1195 5525 Junioris
1238 5452 1598 5525 imperatoris,
1641 5454 1704 5506 de

124 5522 693 5588 cujus-conversione,
754 5524 1020 5581 doctrina.
1079 5522 1328 5591 conjugio
1382 5531 1559 5575 actum
1621 5535 1704 5577 est

125 5602 150 5645 δ
183 5597 415 5650 Januarii
453 5600 509 5651 in
551 5597 683 5650 Vita
717 5592 773 5647 S.
816 5593 972 5646 Attici
1009 5609 1061 5643 ιι.
1091 5593 1178 5650 40.

185 5668 286 5733 (94)
322 5668 595 5723 Utvitam
621 5679 655 5718 a
692 5666 917 5731 strepitu
961 5665 1198 5729 quietam
1246 5660 1696 5733 tranquillamque

129 5732 343 5802 duceret,
394 5740 566 5806 cujus
604 5735 943 5789 contrarium
984 5745 1205 5801 experta
1242 5744 1343 5793 est.
1400 5732 1449 5783 in
1501 5734 1700 5805 Euthy-

131 5810 353 5863 rluanzim
384 5809 661 5865 haeresim
696 5806 939 5857 seducta.

190 5882 289 5946 (95)
324 5882 589 5937 Intrusus
635 5877 692 5930 in
730 5874 1044 5929 cathedram
1095 5875 1208 5942 ipso
1261 5878 1396 5927 testo
1441 5872 1701 5928 llesurre-

1803 4890 1892 4940 lim
1925 4888 2190 4953 petiisset.

1875 4955 2163 5027 (96)luter
2212 4956 2308 5009 hos
2357 4958 2456 5010 fuit
2492 4958 2549 5010 S.
2581 4956 2911 5027 Athanasius
2967 4959 3252 5023 diaconus,
3308 4962 3372 5013 de

1800 5020 1907 5097 qui)
1936 5020 2603 5097 agitilllartyrol.Alimnan.
2643 5027 2674 5081 5
2705 5026 2852 5081 .Iulii.
3241 5020 3248 5023 '
3405 5020 3410 5025 ’

1876 5096 2103 5170 (υηΕχ
2134 5095 2217 5170 his
2344 5095 2666 5152 Severianus
2698 5100 2984 5167 episcopus
3007 5097 3374 5170 Scythopolis.

1803 5167 1893 5238 qui
1915 5167 2123 5238 colitur
2146 5166 2207 5221 21
2242 5168 2499 5221 Februar.

1878 5237 1991 5305 (98)
2028 5237 2267 5304 Elpidius
2299 5238 2888 5303 prau-rarmouasterio
2921 5237 2979 5293 S.
3014 5240 3371 5300 Passarionis.

1806 5325 1927 5360 (tum
1957 5308 2014 5361 S.
2044 5306 2214 5361 Sabas
2237 5307 2663 5378 Hierosolymam
2706 5310 2933 5374 veniret,
2992 5312 3058 5363 ab
3088 5327 3262 5378 eoque
3298 5323 3378 5363 est

1810 5380 2007 5502 ibitisssuls
2059 5378 2124 5429 ad
2178 5380 2234 5432 S.
2294 5376 2660 5449 Euthymium.
2717 5379 2792 5433 Ita
2846 5379 3081 5450 Cyrillus
3149 5376 3199 5433 iu
3260 5381 3375 5433 Vua

1859 5491 1866 5499 .
1944 5464 1967 5497 :l
2013 5462 2075 5499 2P.

1859 5491 1866 5499 .
1900 5462 2075 5499 Daba’.

1880 5518 1993 5585 (99)
2030 5516 2125 5570 llic
2151 5514 2444 5590 Gerontius
2479 5520 2766 5573 admodum
2802 5521 3043 5589 pertinax
3089 5521 3381 5590 permansit

1812 5590 1863 5642 in
1893 5590 2105 5649 haeresi,
2130 5588 2345 5655 duxque
2374 5600 2692 5642 etetertirtttit
2720 5588 2838 5645 fuit.

1882 5658 1957 5725 (I)
1987 5658 2077 5710 Est
2108 5658 2217 5709 lucc
2241 5659 2462 5720 Melane,
2488 5660 2606 5711 aliis
2633 5660 2833 5714 Melana
2859 5674 2905 5713 et
2936 5660 3380 5726 Melaniajuniur,

1811 5730 1963 5791 cujus
1997 5730 2157 5780 vitam
2195 5728 2441 5782 dabimus
2476 5730 2534 5781 51
2575 5728 2824 5784 Decemh.
2861 5732 2949 5786 ubi
2989 5734 3135 5798 plura
3167 5736 3231 5785 de
3265 5750 3380 5786 mo-

1814 5799 2092 5872 nasteriis,
2151 5801 2312 5852 etiam
2393 5804 2669 5866 virorum,
2730 5803 2796 5855 ab
2860 5820 2921 5857 ea
2995 5802 3381 5872 Ilicrosulym:

1810 5871 2123 5924 exstructis.
