4104 6486
704 434 813 497 659

1950 434 2232 497 MENSIS
2260 434 2719 503 JANUARIUS.

3872 433 3983 498 660

704 546 918 614 Qumah
949 562 1009 599 ea
1036 544 1251 613 quidem
1277 545 1479 615 synodo
1511 555 1638 599 sunt
1667 557 1890 612 statuta,
1915 549 2156 603 nomlunt
2182 549 2293 604 sin-

2430 553 2493 619 ἦς
2523 549 2779 621 τοιαύτης
2830 547 3049 601 συνόδου
3114 545 3571 618 δογματισθιντα,
3608 546 3783 608 οὔπω,
3829 546 3990 615 φησί’

707 640 929 711 gulatitn
990 637 1331 693 consideravi
1370 636 1591 700 omnia;
1638 640 1733 695 sed
1774 642 1917 710 quod
1980 644 2176 697 attinet
2218 642 2285 696 ad

710 735 990 789 decretum
1023 730 1091 783 ab
1116 730 1194 785 eis
1234 731 1567 801 expositum,
1602 748 1705 786 non
1755 749 1975 803 possum
2007 750 2125 803 qua
2154 734 2289 787 deﬁ-

707 832 817 885 uita
849 837 976 883 sunt
1010 828 1435 897 reprehendere.
1468 828 1671 882 Statuit
1696 829 1841 883 enim
1894 829 2007 899 ipsa
2049 844 2285 898 quoque,

702 924 855 994 sequi
885 923 1209 977 sententiam
1241 930 1603 975 trecentorum
1627 921 1814 975 decem
1846 930 1898 975 et
1933 930 2056 976 octo
2084 931 2291 975 sancto-

703 1036 827 1074 rum
865 1019 1085 1074 Patrum
1119 1018 1208 1088 qui
1231 1016 1421 1070 Nicma:
1450 1025 1859 1081 convenerunt;
1882 1024 1936 1069 et
1958 1016 2144 1069 suadet
2173 1030 2291 1069 am-

706 1115 866 1185 plecti
885 1114 1148 1183 synodum
1176 1120 1393 1165 centum
1421 1110 1884 1181 etquinquaginta
1913 1110 2293 1173 Patrumf-Con-

709 1208 1057 1278 stantinopoli
1089 1216 1547 1277 congregatorum
1572 1223 1585 1271 ;
1615 1216 1672 1260 et
1703 1207 1858 1276 jubet
1880 1222 1974 1261 eos
2013 1206 2165 1274 sequi
2200 1205 2294 1274 qui

709 1302 908 1372 Ephesi
961 1308 1341 1355 convenerunt
1369 1299 1632 1353 adversus
1666 1299 1891 1368 impium
1941 1299 2250 1353 Nestorium
2280 1315 2295 1364 ;

708 1394 969 1465 (.yrillum
1007 1403 1187 1448 autem
1223 1393 1669 1454 Alexandrinum,
1700 1402 1758 1446 ut
1787 1391 2032 1461 ejusdem
2073 1401 2298 1445 senten-

710 1488 819 1550 tize,
860 1487 1112 1539 associat.
1158 1494 1210 1538 et
1248 1494 1406 1538 rectae
1453 1483 1576 1538 ﬁdei
1622 1485 1940 1555 magistrum
1980 1483 2300 1553 proﬁtetur;

714 1578 1019 1647 lleiparam,
1042 1586 1287 1629 sanr‘lam
1316 1576 1590 1646 Virginem
1623 1576 1793 1630 libera
1817 1576 1998 1644 lingua
2033 1574 2299 1637 nominat,

712 1684 767 1723 et
802 1668 1139 1738 unigenitum
1175 1666 1264 1721 Dei
1301 1666 1492 1720 Filium
1526 1682 1589 1719 ex
1618 1681 1680 1720 ea
1717 1676 1905 1720 natum
1933 1682 2056 1721 esse
2084 1666 2302 1729 asserit;

714 1764 834 1815 sine
866 1772 1107 1830 tempore
1147 1761 1366 1830 quidem
1410 1769 1466 1812 et
1514 1760 1634 1813 sine
1674 1774 1903 1830 corpore
1932 1775 1999 1814 ex
2038 1759 2219 1822 Patre,
2252 1759 2306 1811 in

717 1864 962 1922 tempore
986 1864 1165 1907 autem
1194 1862 1246 1906 Cl
1269 1852 1566 1906 secundum
1591 1868 1809 1906 carnem
1832 1868 1895 1906 ex
1922 1862 2116 1919 matre;
2139 1869 2306 1906 unum

717 1950 1023 2005 Cimstum,
1053 1962 1081 2000 a
1118 1947 1279 1999 nobis
1324 1946 1630 2010 inconl'use,
1678 1945 2109 2008 immutabiliter,
2172 1946 2246 1998 (it
2280 1962 2308 1999 a

718 2042 1067 2102 divisionem,
1099 2042 1149 2093 in
1184 2042 1392 2095 duabus
1423 2042 1634 2095 naturis
1674 2041 1981 2110 cognitum;
2012 2052 2063 2095 et
2090 2052 2313 2112 pr0pter

724 2149 822 2186 eos
862 2135 951 2202 qui
989 2134 1195 2187 audent
1249 2137 1541 2203 quamdam
1590 2134 1876 2187 admittere
1903 2133 2223 2188 divisionem
2260 2134 2313 2188 in

724 2226 1092 2293 inexplicabili
1126 2241 1435 2295 arcanaque
1474 2227 1697 2287 unione,
1735 2241 1855 2294 qua:
1888 2226 2188 2280 secundum
2219 2226 2312 2295 hy-

724 2317 983 2385 postasim
1015 2331 1109 2369 seu
1152 2332 1443 2385 personam
1471 2317 1607 2370 facta
1631 2326 1712 2370 est
1744 2316 1797 2369 in
1829 2327 2006 2381 utero,
2033 2326 2087 2369 et
2112 2333 2205 2371 eos
2221 2316 2312 2386 qui

721 2423 821 2474 per
852 2408 1269 2461 conversionem
1303 2409 1497 2461 dicunt
1524 2423 1747 2461 carnem
1773 2407 1974 2461 factum
1998 2423 2119 2462 esse
2144 2409 2310 2462 Deum

724 2498 999 2559 Verbum.
1028 2516 1357 2569 carnemque
1400 2500 1674 2569 L'nigeniti
1716 2510 1970 2555 asserunt
2001 2516 2120 2554 esse
2166 2515 2311 2554 cou-

726 2594 1139 2647 substantialem
1157 2595 1462 2657 divinitati;
1488 2604 1541 2648 et
1558 2595 1758 2662 alioqui
1785 2604 2004 2663 propter
2033 2610 2128 2649 eos
2150 2595 2312 2648 etiam

725 2688 813 2756 qui
854 2704 959 2741 non
996 2687 1327 2741 conﬁtentur
1374 2689 1629 2741 unionem
1687 2688 2083 2757 hypostaticam
2146 2688 2313 2742 Verbi

730 2797 855 2833 cum
911 2798 1111 2843 carne,
1172 2792 1227 2835 at
1296 2783 1733 2835 contmistioucnt
1781 2792 1838 2836 et
1899 2766 2314 2846 confusionem;

732 2875 932 2928 deinde
965 2884 1019 2929 et
1049 2876 1668 2930 consubstantiationem
1712 2876 1877 2945 impie
1919 2892 1980 2930 ac
2010 2877 2317 2947 prodigiose

731 2968 1020 3031 allirmant,
1075 2969 1165 3038 qui
1217 2969 1434 3037 quidem
1483 2968 1786 3022 divinitatis
1841 2977 1894 3021 et
1939 2971 2121 3022 carnis
2156 2974 2307 3023 aiunt

732 3075 897 3112 unam
931 3059 1097 3115 fuisse
1133 3070 1417 3124 naturam;
1452 3059 1588 3112 adeo
1616 3068 1674 3112 ut
1700 3058 1742 3112 si
1766 3067 2082 3127 spectentur
2104 3074 2223 3128 qua:
2251 3059 2318 3111 ah

733 3153 844 3207 illis
876 3166 1072 3220 praeter
1096 3153 1361 3206 rationem
1391 3152 1533 3206 dicta
1570 3159 1721 3212 sunt,
1756 3165 1865 3203 non
1893 3152 2061 3218 possit
2090 3150 2321 3219 amplius

2390 643 2703 712 καταμέρος
2757 642 3110 712 ἐπέσκεμμαι
3165 643 3361 695 πάντα·
3402 639 3540 711 πλὴν
3591 640 3714 693 ὅσον
3754 640 3853 693 ἐπὶ
3917 637 3994 705 τῷ

2390 735 2522 805 παρ’
2547 734 2729 788 αὐτῶν
2757 732 3033 786 ὲκτεθέντι
3059 734 3188 803 ὅρῳ,
3217 734 3317 785 οῦκ
3342 733 3451 802 ἔχω
3484 733 3592 784 τῶν
3642 730 3994 800 δεδογμένων

2390 828 2772 881 ἐπιλαϐέσθαι.
2820 826 2902 879 Τά
2954 843 3011 878 τε
3051 826 3160 895 γὰρ
3197 825 3306 877 τῶν
3355 825 3683 893 τριακοσίων
3708 824 3852 876 δέκα
3898 823 3991 874 καὶ

2391 921 2538 975 ὀκτὼ
2571 920 2742 987 ἁγίων
2782 919 3042 986 Πατέρων
3089 918 3196 970 τῶν
3231 918 3374 971 κατὰ
3405 917 3642 971 Νίκαιαν
3696 915 3990 969 συνελθόν-

2392 1032 2522 1075 των,
2579 1012 2676 1065 καὶ
2724 1012 2861 1082 αὑτὴ
2911 1010 3153 1075 δοξάζειν
3214 1009 3515 1078 νομοθετεῖ·
3551 1010 3650 1078 τήν
3682 1026 3741 1060 τε
3766 1009 3884 1059 τῶν
3938 1011 4005 1061 ἐν.

2398 1104 2976 1161 Κωνσταντινουπόλει
3025 1104 3368 1169 πεντήκοντα
3427 1102 3563 1171 πρὸς
3616 1104 3728 1164 τοῖς
3792 1101 3994 1153 ἑκατὸν

2400 1198 2617 1251 σύνοδον
2668 1194 3011 1259 ἀσπάζεσθαι
3069 1198 3343 1263 παραινεῖ,
3390 1194 3486 1246 καὶ
3528 1197 3641 1255 τοῖς
3669 1195 3726 1245 ἐν
3777 1194 3995 1263 Ἐφέσῳ

2401 1293 2545 1346 κατὰ
2600 1288 2898 1358 Νεπορίου
2935 1284 3251 1339 συνελθοῦσι
3291 1287 3382 1339 τοῦ
3432 1285 3730 1348 δυσσεϐοῦς
3764 1284 3996 1338 ἀκολου-

2403 1386 2515 1440 θεῖν
2538 1384 2846 1454 ἐπιτρέπειο
2890 1380 3157 1451 Κύριλλον
3207 1379 3265 1431 δέ
3311 1380 3401 1432 τόν
3448 1378 3883 1449 Ἀλεξανδρείας,
3921 1378 3996 1438 ὡς

2403 1476 2656 1547 ὁμόδοξον
2705 1474 3058 1544 ἐταιρίζεται,
3092 1472 3185 1524 καὶ
3220 1470 3321 1538 τῆς
3372 1470 3540 1540 ὀρθῆς
3586 1471 3823 1527 πίστεως
3852 1469 3998 1521 διξά-

2408 1572 2607 1624 σκαλον
2664 1566 3005 1634 ἀνομολογεῖ⁸
3048 1563 3309 1615 Θεοτόκον
3348 1563 3447 1633 τὴν
3479 1564 3641 1631 ἁγίαν
3691 1560 3994 1631 Παρθένον,

2409 1664 2669 1733 ἐλευθέρα
2732 1661 2949 1729 γλώττῃ
3009 1656 3392 1726 κατονομάζει,
3454 1657 3669 1709 καὶτὸν
3725 1655 3995 1725 μονογενῆ

2410 1757 2505 1809 τοῦ
2554 1754 2688 1807 Θεοῦ
2738 1753 2886 1814 Υἱδν,
2916 1752 2976 1816 ἐξ
3027 1752 3197 1817 αὐτῆς
3242 1750 3572 1819 γεννηθέντα
3615 1764 3629 1789 ι
3678 1748 3996 1817 πρεσὸεύει·

2411 1847 2657 1916 ἁχρόνως
2714 1844 2812 1913 μὲν
2860 1843 2955 1895 καὶ
3002 1842 3311 1910 ἀσωμάτως
3354 1843 3416 1892 ἐκ
3466 1839 3561 1892 τοῦ
3610 1840 3842 1910 Πατρὸς,
3895 1840 4001 1889 ὑπὸ

2413 1940 2603 2011 χρόνον
2626 1938 2684 1990 δὲ
2712 1937 2805 1989 καὶ
2835 1936 2976 1989 κατᾶ
3005 1935 3185 2005 σάρκα
3221 1934 3285 1985 ἐκ
3317 1937 3415 2002 τῆς
3450 1932 3691 2001 Μητρός·
3722 1931 3817 1983 ἕνα
3860 1932 3998 2001 Χρι-

2414 2031 2539 2085 στὸν
2597 2030 2751 2097 ἡμῖν,
2805 2024 3149 2095 ἀσυγχύτως,
3206 2023 3515 2093 ἀτρέπτως,
3555 2022 3902 2091 ἁδισιρέτως,
3946 2022 4003 2072 ἐν

2408 2123 2530 2176 δυσὶ
2584 2122 2700 2183 ταῖς
2738 2119 2933 2187 φύσεσι
2982 2114 3403 2187 γνωριζόμενον·
3448 2114 3536 2166 διὰ
3582 2130 3642 2166 τε
3699 2114 3826 2175 to);
3860 2112 4003 2163 διαί-

2416 2214 2567 2285 ρεσίν
2613 2230 2733 2265 τινα
2786 2210 3102 2280 τολμῶντας
3159 2206 3252 2260 ἐπὶ
3302 2209 3401 2276 τῆς
3439 2205 3561 2259 καθ’
3604 2205 3906 2258 ὑπόστασιν
3946 2204 4003 2254 ἐν

2416 2312 2482 2379 τῇ
2550 2308 2737 2376 μήτρᾳ
2788 2304 3164 2374 γεγενημένης
3216 2300 3499 2370 ἁφράστου
3556 2297 3650 2351 καὶ
3682 2295 4001 2366 ἀπορρήτου

2416 2400 2698 2463 ἐνώσεως,
2755 2399 2850 2451 καὶ
2906 2399 3031 2460 τοὺς
3066 2395 3207 2449 κατὰ
3258 2396 3466 2466 τροπὴν
3511 2394 3765 2460 λέγοντας
3822 2392 4005 2457 σάρκα

2415 2492 2745 2564 γεγενῆσθαι
2771 2490 2862 2543 τὸν
2905 2489 3001 2542 τοῦ
3034 2487 3170 2541 Θεοῦ
3207 2488 3400 2555 Λόγον,
3433 2488 3526 2540 καὶ
3562 2485 3657 2557 τὴν
3709 2484 3804 2537 τοῦ
3832 2485 4008 2537 Μονο-

2416 2586 2606 2654 γενοῦς
2640 2586 2817 2654 σάρκα
2869 2581 3158 2651 ὁμοούσιον
3185 2582 3283 2649 τῆς
3334 2580 3588 2649 θεότητος
3636 2576 4008 2645 ἀποφαινομέ-

2418 2696 2560 2740 νους·
2600 2678 2775 2739 ἄλλως
2806 2693 2863 2728 τε
2894 2674 2974 2738 δέ,
3007 2674 3101 2725 καὶ
3129 2673 3354 2733 διατοὺς
3378 2674 3450 2742 μὴ
3484 2672 3678 2725 ἕνωσιν
3706 2668 3797 2721 τοῦ
3832 2669 4006 2733 Λόγου

2420 2768 2541 2821 καθ’
2571 2766 2868 2819 ὑπόστασιν
2899 2764 3035 2832 πρὸς
3070 2761 3165 2832 τὴν
3202 2762 3381 2835 σάρκα
3411 2759 3835 2829 ὁμολογοῦντας,
3870 2756 4008 2807 ἀλλὰ

2422 2856 2739 2927 σύμφυρσίν
2777 2871 2835 2907 τε
2900 2855 2995 2906 καὶ
3037 2853 3319 2923 σύγχυσιν·
3360 2847 3479 2906 εἶτα
3511 2852 3602 2903 καὶ
3647 2847 4009 2901 συνουσίωσιν

2421 2951 2634 3013 ἀσεϐῶς
2668 2948 3148 3019 τερατευομένους’
3179 2947 3374 3007 οἵτινες
3404 2945 3503 3014 τήν
3526 2960 3584 2995 τε
3624 2943 3719 3010 τῆς
3750 2940 4011 3008 θεότητος

2424 3048 2516 3098 καὶ
2556 3043 2654 3112 τὴν
2686 3041 2787 3110 τῆς
2819 3039 3020 3110 σαρκὸς
3052 3037 3238 3106 φύσιν,
3277 3037 3405 3107 μίαν
3457 3032 3783 3103 γεγενῆσθαί
3820 3047 4009 3100 φασιν

2423 3138 2498 3201 ὼς
2537 3134 2735 3206 μηκέτι
2788 3131 3049 3185 δύνασθαι
3110 3129 3250 3183 κατὰ
3278 3131 3347 3182 τὰ
3409 3128 3499 3181 ὑπ’
3536 3127 3759 3179 ἐκείνων
3799 3126 4013 3190 ἀλόγως

735 3216 968 3304 servari,
1013 3258 1115 3295 nec
1144 3242 1196 3296 id
1227 3242 1371 3311 quod
1428 3249 1513 3295 est
1560 3239 1763 3295 Christi
1824 3216 2069 3309 patibile,
2098 3216 2318 3309 propter

2426 3230 2720 3299 εἰρημένα.
2776 3227 2913 3296 μήτε
2968 3223 3030 3276 τὸ
3087 3223 3330 3289 παθητὸν
3362 3219 3456 3273 τοῦ
3506 3217 3743 3289 Χριστοῦ
3809 3217 3904 3268 δια
3959 3216 4016 3265 τὸ

738 3334 1194 3402 impatihilitatem
1225 3333 1545 3396 divinitatis,
1580 3347 1756 3402 neque
1780 3332 1832 3387 id
1860 3332 2003 3402 quod
2034 3342 2117 3386 est
2146 3333 2322 3400 impa-

742 3428 913 3487 tibiie,
948 3437 1173 3495 propter
1199 3426 1578 3494 patibilitatem
1609 3426 1779 3494 ipsius
1818 3440 2033 3478 rursum
2078 3426 2325 3479 humani-

738 3523 887 3575 tatis.
927 3520 1085 3574 Juxta
1128 3521 1273 3574 hunc
1330 3519 1511 3588 itaque
1550 3528 1713 3573 rectae
1756 3519 2037 3573 sententia-
2077 3534 2323 3587 scopum.

743 3613 896 3673 illud,
931 3612 990 3665 In
1029 3611 1233 3663 duabus
1265 3610 1490 3672 naturis,
1520 3610 1742 3663 decreto
1789 3608 2029 3661 additum
2063 3618 2145 3661 est
2175 3623 2204 3660 a
2241 3624 2327 3677 sy-

746 3706 921 3769 nodo;
956 3719 1063 3757 non
1095 3714 1349 3771 tanquam
1379 3717 1627 3756 seorsum
1650 3712 1811 3769 atque
1836 3716 1933 3769 per
1961 3710 2141 3769 partes
2167 3700 2327 3754 Chri-

747 3808 889 3851 stum
919 3796 1230 3857 exhibente,
1265 3794 1359 3849 sed
1390 3794 1685 3849 conﬁtente
1718 3795 1966 3848 eumdeni
1997 3795 2049 3847 in
2079 3801 2330 3863 utroque,

748 3901 805 3943 et
831 3900 1125 3956 utrumque
1160 3888 1212 3940 in
1244 3887 1458 3941 eodem.

823 3980 1053 4036 LXXVI.
1110 3978 1235 4035 llaec
1280 3988 1645 4050 persequente
1705 3979 2011 4049 Euthvmio,
2080 3978 2333 4032 laudabat

750 4076 967 4141 quidem
995 4075 1335 4142 Elpidius,et
1356 4073 1626 4126 fatebatur
1656 4083 1800 4127 recte
1826 4074 2018 4126 habire
2049 4073 2331 4141 quardicta

752 4168 988 4229 fuerant,
1012 4167 1226 4221 etiamsi
1248 4180 1353 4219 non
1380 4166 1669 4219 rei-asserit
1694 4180 1721 4218 a
1744 4165 2125 4220 communione
2152 4162 2335 4218 Theo-

754 4259 913 4321 dosii,
940 4260 1229 4328 statimque
1256 4258 1494 4312 ostendit
1520 4257 1902 4311 mulationem.
1929 4255 2222 4310 Gerontius
2240 4269 2329 4308 att-

754 4362 863 4407 tom
892 4351 1143 4405 manebat
1175 4351 1225 4403 in
1268 4349 1455 4404 eadem
1493 4351 1785 4404 sententia.
1814 4348 1877 4401 Et
1907 4350 1983 4402 sic
2012 4363 2215 4403 reverSI
2248 4348 2335 4401 iu-

756 4457 780 4501 t
800 4461 837 4497 ιι·
860 4459 918 4498 sc
946 4444 1349 4504 dissentientes,
1372 4440 1678 4495 Theodosio
1707 4456 1961 4510 responsa
1987 4440 2332 4495 annuntiant.

760 4535 970 4601 Quibus
993 4535 1081 4589 ille
1104 4534 1331 4599 auditis,
1357 4535 1615 4603 quoniam
1640 4533 1693 4587 in
1717 4533 2003 4589 Palmstiua
2022 4533 2139 4602 jam
2157 4533 2337 4587 omnia

2431 3321 2639 3383 ἀπαθὲς
2665 3320 2761 3387 τῆς
2796 3317 3069 3386 θεότητος,
3110 3317 3247 3385 μήτε
3285 3314 3344 3366 τὸ
3380 3312 3587 3374 ἀπαθὲς
3627 3310 3899 3374 σώζεσθαι
3930 3310 4015 3361 δια

2430 3416 2492 3467 τὸ
2530 3413 2771 3483 παθητὸν
2806 3409 2973 3463 αὑτοῦ
3011 3410 3172 3461 πάλιν
3217 3407 3317 3473 τῆς
3350 3406 3785 3476 ἁνθρωπότητος.
3856 3404 4017 3456 Κατᾶ

2431 3505 2621 3558 τοῦτον
2647 3520 2825 3556 τοίνυν
2881 3501 2971 3554 τὸν
3016 3498 3114 3569 τῆς
3152 3497 3317 3569 ὀρθῆς
3354 3496 3592 3559 διανοίας
3652 3494 3878 3556 σκοπόν,
3936 3494 4015 3555 τὸ,

2446 3599 2549 3649 Ἐν·
2570 3594 2711 3647 δυσὶ
2744 3594 3031 3663 φύσεσιν,
3063 3590 3166 3643 ὑπὸ
3202 3589 3301 3658 τῆς
3346 3589 3564 3641 συνόδου
3603 3588 3680 3655 τῷ
3709 3588 3820 3657 ὅρῳ
3853 3602 4021 3656 προσ-

2434 3688 2693 3741 τέθειται·
2735 3685 2834 3755 οὐχ
2867 3682 2942 3745 ὡς
2985 3680 3092 3752 ἰδία
3153 3681 3247 3733 κα¹ι
3294 3680 3569 3750 ἁναμέρος
3621 3678 3711 3729 τὸν
3781 3677 4021 3745 Χριστὸν

2436 3779 2837 3851 γνωριζούσης,
2901 3775 3035 3829 ἀλλὰ
3083 3774 3175 3827 τὸν
3208 3773 3370 3826 αὐτόν
3413 3772 3470 3824 ἐν
3500 3770 3744 3841 ἐκατέρῳ
3778 3771 4025 3839 διομολο-

2440 3875 2643 3944 γούσης
2678 3874 2773 3924 καὶ
2806 3872 2864 3923 ἐν
2892 3868 3072 3937 ταυτῷ
3103 3868 3163 3921 τὸ
3204 3869 3481 3935 ἑκάτερον.

2513 3968 2651 4032 0Q".
2694 3962 2881 4017 Ταῦτα
2920 3960 3013 4014 τοῦ
3044 3959 3318 4028 Εὑθυμίου
3354 3958 3662 4023 διεξιόντος,
3700 3958 3726 4007 ό
3765 3955 3866 4023 μὲν
3913 3955 4026 4006 Ἐἲ-

2444 4058 2620 4120 πίδιος
2649 4052 2861 4125 ἐπῄνει,
2922 4052 3017 4105 καὶ
3072 4049 3250 4118 ὀρθῶς
3290 4048 3433 4118 ἔχειν
3476 4048 3743 4117 ὡμολόγει
3777 4046 3845 4097 τὰ
3879 4049 4027 4114 aiter.-

2447 4152 2605 4222 μένα,
2645 4150 2692 4201 εί
2724 4147 2819 4201 καὶ
2854 4146 2927 4217 μὴ
2966 4147 3064 4212 τῆς
3126 4142 3409 4195 Θεοδοσίου
3449 4140 3731 4199 κοινωνίας
3785 4138 4024 4205 ἀπέστη,

2445 4246 2538 4297 καὶ
2576 4241 2674 4311 τὴν
2712 4236 3012 4308 μεταϐολὴν
3046 4234 3207 4298 εὐθὺς
3238 4231 3567 4295 ἐπεδείξατο.
3627 4230 3683 4282 Ὀ
3736 4228 3793 4281 δέ
3834 4229 4030 4296 Γερόν·

2445 4354 2556 4399 τιος
2589 4335 2680 4387 tul.
2701 4336 2799 4402 τῆς
2820 4330 2990 4400 αὐτῆς
3025 4328 3185 4398 ἔμενε
3225 4325 3471 4395 γνώμης.
3510 4325 3616 4377 Καὶ
3645 4321 3817 4383 οὕτως
3854 4320 4031 4389 ἀσύμ-

2448 4443 2616 4496 φωνοι
2669 4422 2920 4492 ἀλλήλοις
2973 4418 3383 4481 ἐπανελθόντες,
3426 4414 3831 4482 ἀπαγγέλλουσι
3905 4415 4029 4465 Bso-

2447 4520 2609 4588 δοσίῳ
2632 4517 2732 4581 τὰς
2772 4513 3114 4584 ἀποκρίσεις.
3152 4510 3419 4571 Ἀκούσας
3459 4508 3513 4561 δὲ
3542 4506 3745 4559 τούτων
3797 4507 4029 4565 ἐκεῖνος,

758 4626 1059 4687 obtinebat.
1092 4627 1265 4695 majus
1292 4594 1584 4679 adhibebat
1606 4625 1864 4689 studium,
1893 4634 1950 4678 ut
1976 4594 2098 4678 eum
2124 4598 2318 4693 quoqtn

2447 4612 2567 4666 ἐπεὶ
2597 4611 2816 4663 πάντων
2852 4604 3125 4676 ἐγκρατὴς
3177 4603 3279 4673 ἠδη
3319 4601 3428 4653 τῶν
3474 4600 3614 4652 κατὰ
3654 4598 4033 4665 Παλαιστίνην

763 4720 818 4773 in
855 4735 1007 4773 suam
1056 4734 1273 4773 nassam
1330 4719 1598 4782 traheret;
1634 4734 1934 4786 tttagnoqne
1968 4717 2184 4771 assidue
2216 4727 2337 4771 ten-

760 4813 923 4866 debat
983 4813 1229 4881 laqueos,

760 4904 1002 4972 quotidie
1026 4905 1234 4971 aliquos
1257 4903 1322 4957 ad
1348 4918 1473 4957 eum
1502 4902 1879 4965 submittebat,
1903 4901 1993 4969 qui
2018 4901 2157 4954 bona
2189 4899 2330 4953 scili-

761 5006 845 5052 cet
873 4996 1166 5051 suaderent
1211 5004 1267 5049 et
1297 4996 1475 5049 utilia:
1509 5005 1569 5048 ut
1601 4994 1907 5048 discederet
1935 4991 2155 5062 quidem
2185 4991 2252 5045 ab
2277 4991 2342 5045 iis

763 5106 881 5155 qua:
940 5098 1108 5153 recte,
1155 5097 1233 5153 et,
1268 5097 1326 5141 ut
1371 5088 1479 5143 Deo
1534 5088 1732 5157 placet,
1775 5086 1874 5139 sibi
1923 5086 2034 5139 visa
2093 5084 2342 5148 fuerant;

764 5183 1070 5237 Theodosio
1114 5191 1298 5236 autem
1342 5182 1721 5244 assentiretur,
1759 5180 2013 5248 illiusque
2054 5178 2349 5247 amplecte-

766 5286 918 5329 retur
948 5274 1411 5330 communionem.
1449 5273 1540 5328 ille
1592 5288 1720 5327 vero
1766 5271 2113 5337 quotidianos
2159 5283 2348 5323 eorum

773 5366 1043 5417 adventus
1090 5380 1232 5435 aegre
1262 5374 1316 5418 et
1340 5363 1491 5434 gravi
1544 5363 1725 5416 animo
1783 5361 1986 5424 ferens,
2028 5359 2158 5430 quid
2204 5359 2354 5429 agit?

765 5456 901 5511 Cum
926 5472 1117 5511 omnes
1139 5456 1338 5525 quibus
1361 5465 1589 5525 praeerat
1611 5454 1809 5509 fratres
1830 5461 2205 5513 convocasset,
2228 5466 2355 5505 cau-

773 5548 1086 5614 tionemque
1118 5547 1345 5600 multam
1393 5547 1472 5601 eis
1500 5545 1863 5615 praecepisset,
1888 5554 1947 5598 ut
1996 5544 2145 5597 nullo
2180 5541 2351 5613 ‘modo

770 5639 1053 5701 cederent,
1089 5655 1189 5692 nec
1218 5638 1620 5694 assentirentur
1663 5653 1842 5707 prava:
1880 5635 2171 5691 Theodosii
2219 5649 2346 5689 sen-

774 5733 985 5797 tentia;
1020 5732 1115 5787 sed
1144 5732 1325 5802 potius
1359 5732 1430 5786 ita
1472 5730 1826 5788 sentientium
1857 5746 1947 5785 ora
1973 5730 2342 5790 obstruerent,

1306 4811 1507 4879 ubique
1557 4809 1839 4862 illecebras
1894 4808 2221 4862 occultabat.
2276 4805 2343 4860 Et

2449 4706 2691 4769 ἐγένετο,
2734 4699 2942 4750 πλείονι
2970 4699 3035 4766 τῇ
3075 4697 3277 4763 σπουδῇ
3322 4692 3543 4762 ἐχρῆτο,
3571 4692 3667 4743 καὶ
3701 4690 3867 4741 αὑτὸν
3903 4691 4032 4741 εἵσω

2449 4798 2546 4865 τῆς
2588 4793 2795 4854 οἰκείας
2831 4791 3074 4859 σαγήνης
3130 4787 3333 4840 λαϐεῖν’
3382 4785 3477 4838 καὶ
3528 4783 3761 4850 παγίδας
3790 4782 4031 4851 ἔκρυπτε

2448 4892 2526 4960 τῷ
2559 4889 2777 4960 μεγάλῳ
2808 4885 3083 4955 πανταχοῦ
3127 4883 3219 4937 καὶ
3249 4882 3494 4935 δελέατα.
3550 4879 3661 4931 Καί
3690 4894 3841 4939 τινας
3884 4877 4033 4944 αύτῷ

2450 4982 2631 5037 καθίει
2699 4978 2821 5032 καθ’
2850 4977 3088 5045 ἑκάστην
3144 4973 3381 5043 ἡμέραν,
3413 4972 3461 5023 οἳ
3509 4970 3578 5023 τὰ
3626 4969 3839 5039 χρηστὰ
3874 4967 4033 5037 δῆθεν

2446 5074 2594 5144 αὐτῷ
2624 5073 2715 5126 καὶ
2743 5069 2996 5139 λυσιτελῆ
3016 5067 3421 5128 συνεϐούλευον,
3458 5066 3759 5133 ἀποστῆναι
3798 5066 3900 5134 μὲν
3929 5063 4033 5115 τῶν

2450 5167 2631 5230 καλῶς
2662 5166 2752 5219 καὶ
2776 5165 2850 5227 ὡς
2878 5161 2997 5230 Θεῷ
3030 5161 3184 5230 φίλον
3206 5160 3355 5228 αὑτῴ
3380 5159 3740 5227 δεδογμένων,
3765 5158 4036 5224 Θεοδοσῦμ

2449 5263 2505 5316 δὲ
2538 5260 2844 5316 συνθέσθαι,
2868 5257 2961 5310 καὶ
2977 5257 3075 5325 τὴν
3109 5256 3317 5308 ἐκείνου
3346 5254 3627 5305 κοινωνίαν
3658 5252 4031 5305 ἀσπάςασῦαι.

2464 5357 2522 5408 'U
2548 5354 2603 5406 δέ
2632 5352 2731 5415 τὰς
2769 5348 3145 5420 καθημερινὰς
3176 5347 3399 5399 ἐκείνων
3436 5343 3819 5413 προσελεύσεις
3845 5343 4033 5411 δυσχε-

2459 5447 2657 5521 ραίνων
2692 5446 2786 5500 καὶ
2831 5442 3223 5515 βαρυνόμενος,
3254 5438 3305 5492 τί
3341 5442 3487 5491 ποιεῖ
3517 5457 3528 5503 ;
3590 5438 3715 5499 τοὺς
3747 5437 3839 5488 ὑπ’
3872 5438 4034 5486 αὐτὴν

2457 5542 2719 5607 ἀδελφοὺς
2751 5539 3000 5599 ἅπαντας
3063 5534 3425 5602 συγκαλέσας,
3468 5532 3561 5584 καὶ
3618 5529 3817 5595 πολλὴν
3851 5528 4036 5587 αὐτοῖς

2458 5633 2759 5700 ἀσφάλειαν
2825 5627 3233 5701 παραγγείλας,
3292 5624 3387 5678 τοῦ
3439 5622 3704 5695 μηδαμῶς
3763 5621 4011 5673 ἐνδοῦναι

2460 5723 2587 5794 μηδὲ
2631 5720 2913 5774 συνθέσθαι
2966 5721 3031 5788 τῇ
3066 5716 3160 5769 τοῦ
3220 5713 3501 5768 Θεοδοσίου
3556 5709 3865 5778 κακοδοξίαο
3915 5706 4030 5759 ἀλλ’

2093 5821 2326 5877 νιιιιλε
2369 5817 2767 5875 ιεςτιυδες.

850 5924 860 5962 ί
892 5922 959 5975 al.
1000 5922 1349 5991 γεννηθῆναι.
