4104 6486
726 428 836 493 663

1936 430 2221 493 MENSIS
2270 428 2731 500 IANUARIUS.

3888 429 4000 493 664

790 542 1027 598 LXXIX.
1058 543 1244 614 Neque
1278 545 1384 601 hoc
1422 560 1619 611 satum,
1650 546 1745 602 sed
1787 547 1887 602 ista
1912 559 2131 618 quoque
2162 543 2296 599 mihi

2475 547 2595 602 08’.
2631 550 2704 603 Οὐ
2746 552 2906 621 μόνον
2944 552 3024 618 δὲ,
3056 548 3193 605 ἀλλά
3229 548 3321 602 καὶ
3363 546 3536 603 ταῦτα
3584 543 3712 617 περὶ
3755 544 3999 613 Γαϐριη-

719 638 904 692 retulit
945 638 1011 691 de
1063 637 1357 703 Gabrielio,
1406 640 1551 710 quod
1622 650 1768 697 esset
1824 642 2044 712 quidem
2105 648 2301 694 natura

717 729 1023 790 eunuchus,
1055 738 1173 797 post
1207 729 1395 800 viginti
1433 746 1558 787 vero
1587 741 1642 787 et
1668 732 1908 803 quinque
1940 747 2113 787 annos
2143 745 2301 785 acce-

718 822 879 876 debat
914 830 1044 876 tunc
1077 822 1313 892 primum
1345 825 1409 877 ad
1464 825 1703 895 synaxim
1742 823 1993 879 fratrum.
2028 822 2299 877 Praeterea

717 916 822 970 hoc
868 916 1031 969 etiam
1061 917 1195 971 mihi
1231 933 1259 970 a
1299 916 1547 973 Patribus
1582 919 1955 972 renuntiatum
1992 926 2092 974 est.
2129 932 2159 971 a
2191 916 2303 971 Deo

716 1009 902 1063 datum
936 1009 1105 1065 fuisse
1136 1011 1448 1082 Euthymio,
1474 1019 1534 1066 ut
1557 1011 1800 1066 internus
1827 1012 1991 1066 animi
2025 1020 2204 1065 motus
2234 1027 2302 1065 ex

717 1116 940 1173 aspectu
994 1113 1238 1165 externo,
1292 1105 1458 1159 veluti
1515 1122 1611 1176 per
1670 1106 1942 1176 quoddam
1993 1104 2300 1174 speculum,

695 1189 1079 1265 ~intelligeret,
1120 1205 1175 1250 et
1232 1206 1483 1252 accurate
1516 1207 1697 1267 posset
1752 1211 2121 1268 cognoscere,
2178 1210 2301 1249 cum

717 1289 1043 1357 quibusnam
1076 1288 1335 1344 nimirum
1371 1290 1598 1360 quisque
1628 1290 1937 1346 decertaret
1963 1288 2303 1360 cogitationi-

717 1380 839 1444 bus,
872 1389 927 1435 et
952 1397 1217 1451 quasnam
1267 1382 1485 1452 quidem
1546 1392 1848 1453 superaret,
1900 1399 1929 1436 a
1972 1382 2302 1453 quibusnam

721 1490 846 1529 vero
874 1490 970 1544 per
1008 1475 1303 1548 malignum
1330 1478 1663 1531 vinceretur.

789 1568 1004 1623 LXXX.
1067 1570 1235 1624 Aiunt
1285 1584 1503 1639 quoque
1565 1569 1716 1625 illum
1759 1568 2050 1640 aliquando
2100 1568 2305 1623 dixisse

716 1660 1040 1730 quibusdam
1095 1660 1377 1724 fratribus,
1413 1664 1661 1731 quicum
1720 1677 1787 1718 eo
1841 1677 2086 1717 seorsum
2114 1676 2303 1716 versa-

719 1753 937 1821 bantur,
961 1754 1106 1823 quod
1132 1770 1274 1825 saepe
1299 1755 1508 1811 videret
1540 1755 1832 1811 terribilem
1862 1755 2177 1826 angelorum
2218 1754 2304 1810 vi-

719 1843 949 1907 sionem,
990 1859 1099 1899 una
1150 1860 1335 1899 secum
1392 1846 1846 1912 ministrantium,
1890 1854 1947 1902 et
1982 1862 2133 1901 sacra
2173 1861 2303 1917 per-

717 1937 1020 2007 agentium;
1041 1938 1293 2007 quodque
1323 1938 1373 1991 in
1408 1937 1671 1992 Dominici
1698 1939 1945 2006 corporis
1966 1939 2298 2009 sumptioue,

714 2030 929 2099 aliquos
964 2029 1183 2096 quidem
1232 2045 1298 2084 cx
1351 2031 1739 2088 accedentibus
1783 2043 2032 2088 cerneret
2068 2035 2136 2089 ab
2186 2035 2300 2105 ipsa

716 2122 1036 2183 illuminari,
1062 2122 1274 2191 aiiquos
1294 2131 1477 2177 autem
1509 2123 1657 2177 velut
1682 2124 1987 2189 obscurari,
2016 2134 2303 2195 morteque

715 2212 851 2266 allici
875 2254 890 2278 ,
922 2214 1235 2283 quicunque
1276 2214 1484 2270 scilicet
1514 2214 1715 2286 indigni
1740 2226 1898 2270 erant
1929 2230 1994 2270 eo
2021 2217 2222 2271 lumine
2249 2224 2304 2271 et

715 2306 1026 2374 splendore.
1063 2306 1427 2373 Quamobrem
1465 2322 1573 2360 non
1620 2308 1869 2362 cessabat
1900 2308 2173 2363 testificari
2200 2310 2305 2363 fra-

716 2398 911 2461 tribus,
972 2399 1213 2469 illudque
1269 2399 1516 2469 Apostoli
1585 2400 1790 2469 optime
1878 2402 2192 2467 admonere,
2245 2412 2305 2455 ut

714 2492 1091 2561 unusquisque
1149 2492 1395 2547 attendat
1444 2502 1499 2547 et
1550 2493 1790 2562 seipsum
1847 2494 2056 2563 probet,
2117 2495 2302 2563 sicque

715 2600 838 2639 cum
878 2594 1113 2639 tremore
1136 2594 1315 2639 sumat
1341 2601 1531 2654 panem
1560 2594 1613 2640 et
1647 2586 1873 2642 calicem
1893 2588 1972 2653 ";
2009 2603 2131 2641 cmn
2164 2587 2304 2641 bene

718 2678 858 2732 sciat
892 2679 935 2733 is
960 2677 1051 2746 qui
1084 2678 1313 2743 accedit,
1346 2677 1490 2748 quod
1520 2678 1791 2748 judicium
1821 2679 1925 2733 sibi
1984 2682 2222 2735 comedit
2251 2688 2305 2734 et

715 2768 874 2832 bibit,
908 2768 1001 2837 qui
1056 2770 1504 2824 communionem
1552 2769 1772 2839 indigne
1825 2770 1973 2825 facit.
2009 2770 2304 2840 Pr0pterca

715 2862 919 2932 quippe
944 2861 1125 2915 statim
1158 2877 1221 2915 ac
1251 2862 1488 2931 primum
1535 2863 1639 2917 hoc
1666 2862 1994 2917 sacrificium
2028 2863 2185 2917 offert
2219 2879 2305 2918 sa-

716 2953 932 3019 ocrdos,
968 2952 1375 3009 multitudinem
1423 2955 1592 3009 veluti
1637 2955 1951 3025 praemunit,
1980 2957 2306 3011 cautiorem-

716 3060 823 3113 que
854 3045 1054 3111 reddit,
1079 3044 1301 3099 Sursum
1334 3046 1621 3100 habeamus
1649 3048 1828 3113 corda,
1854 3048 1934 3101 eis
1963 3048 2301 3112 acclamans;

716 3148 1049 3208 acceptaque
1081 3138 1151 3192 ab
1182 3138 1289 3193 illis
1322 3140 1687 3209 promissione
1708 3183 1722 3207 ,
1759 3140 1830 3194 ita
1889 3140 2051 3195 audet
2105 3141 2304 3196 offerre

718 3231 1048 3285 oblationem
1061 3271 1073 3284 .

789 3322 1026 3378 LXXXI.
1057 3322 1174 3389 Qua
1212 3324 1373 3379 etiam
1412 3334 1652 3395 peracta,
1690 3326 1778 3381 ille
1820 3326 2019 3381 iterum
2055 3326 2308 3381 manibus

720 3417 773 3469 in
806 3416 1002 3470 caelum
1036 3416 1285 3479 sublatis,
1320 3426 1377 3471 et
1424 3418 1577 3486 quasi
1605 3420 1901 3473 ostendens
1934 3420 2306 3489 dispensatum

720 3522 820 3575 pro
845 3516 1027 3560 nostra
1060 3507 1234 3561 salute
1256 3508 1593 3577 mysterium,
1618 3509 1762 3564 clara
1792 3526 1922 3565 voce
1952 3514 2029 3565 sic
2059 3527 2306 3581 pronun-

720 3600 847 3653 tiat:
881 3596 1081 3653 Sancta
1105 3601 1305 3653 sanctis
1323 3616 1341 3653 :
1365 3600 1591 3669 perinde
1614 3617 1679 3656 ac
1700 3602 1743 3657 si
1763 3603 1961 3657 dixerit
1988 3604 2256 3674 quispiam
2290 3622 2302 3657 :

719 3691 1175 3763 Quandoquidem
1205 3708 1306 3763 ego
1337 3694 1505 3748 homo
1561 3710 1704 3760 sum,
1758 3697 1955 3750 similia
1988 3714 2050 3752 ac
2082 3715 2177 3753 vos
2213 3714 2308 3768 pa-

722 3788 885 3852 tiens,
920 3788 1180 3859 ignorans
1214 3788 1649 3859 uniuscujusque
1702 3790 1758 3845 in
1812 3792 1926 3846 vita
1965 3808 2152 3863 opera,
2184 3795 2306 3849 ideo

720 3888 847 3935 ante
877 3890 1155 3935 contestor
1183 3891 1390 3951 aperte,
1428 3890 1482 3936 et
1540 3882 1683 3937 hanc
1730 3883 2108 3952 probationem
2157 3902 2307 3940 com-

723 3988 943 4027 munem
996 3973 1237 4044 suggessi
1290 3981 1486 4028 vestrae
1538 3976 1887 4031 conscientia
1919 3995 1931 4029 :
1966 3974 2022 4030 Si
2063 3978 2184 4047 quis
2237 3980 2305 4034 ab

723 4066 937 4133 injuria:
965 4067 1347 4123 recordatione
1372 4067 1457 4121 vel
1488 4066 1635 4131 odio,
1669 4070 1714 4122 si
1746 4070 1870 4138 quis
1900 4070 1967 4125 ab
1996 4071 2197 4126 invidia
2221 4075 2303 4127 vel

723 4159 799 4212 ira
853 4160 934 4212 vel
960 4159 1215 4229 superbia
1245 4170 1436 4230 captus
1476 4160 1680 4229 fuerit;
1724 4164 1767 4216 si
1805 4163 1927 4232 quis
1957 4180 1985 4217 a
2018 4166 2304 4221 maledicto

722 4260 815 4304 aut
857 4250 1001 4322 turpi
1056 4251 1269 4320 loquela
1326 4260 1421 4306 aut
1471 4268 1635 4323 prava
1707 4255 2005 4324 cupiditate
2052 4266 2145 4310 aut
2196 4258 2303 4311 alio

721 4343 957 4412 quodam
988 4343 1116 4397 vitio
1148 4344 1311 4398 fuerit
1344 4356 1648 4416 correptus,
1680 4356 1940 4401 attractus
1968 4364 2060 4415 per
2081 4352 2305 4405 malitia:

720 4436 1064 4499 inventorem,
1099 4450 1166 4489 ne
1197 4436 1348 4505 prius
1380 4438 1626 4502 accedat,
1673 4454 1835 4508 quam
1886 4456 1984 4509 pcr
2028 4443 2301 4509 paeniten-

722 4527 849 4580 tiam
878 4538 1208 4597 expurgatus
1253 4528 1417 4584 fuerit
1445 4544 1473 4583 a
1510 4531 1734 4585 scelere.
1779 4530 1911 4585 Nam
1947 4544 2130 4588 sancta
2164 4535 2299 4601 lucc,

2409 640 2525 693 λίου
2578 660 2666 711 μοι
2704 643 2928 715 διεξῄει,
2971 644 3047 706 ὡς
3088 644 3173 709 είη
3212 642 3313 712 μὲν
3357 640 3614 709 εὐνοῦχος
3658 641 3720 691 ὲκ
3757 639 3999 706 φύσεως,

2407 734 2714 805 παραϐάλοι
2741 737 2798 789 δὲ
2832 738 2950 790 τότε
2982 737 3199 809 πρῶτον
3232 736 3321 789 διὰ
3354 735 3514 787 πέντε
3544 735 3637 786 καὶ
3663 734 3835 785 εἴκοσι
3872 734 4000 800 χρόο

2405 844 2512 880 νων
2536 830 2600 898 τῇ
2620 829 2728 882 τῶν
2745 829 2990 899 ἀδελφῶν
3016 830 3254 895 συνάξει.
3280 829 3400 881 Ἔτι
3425 828 3520 880 καὶ
3542 824 3699 878 τοῦτό
3725 843 3816 895 μοι
3845 826 3999 891 παρὰ

2404 920 2516 974 τῶν
2572 922 2835 993 Πατέρων
2884 922 3198 994 ἀπηγγέλη,
3284 921 3421 992 πρὸς
3470 919 3606 972 θεοῦ
3663 918 3882 986 δοθῆναι
3921 918 3999 986 τῷ

2405 1012 2683 1086 Εὑθυμίῳ,
2726 1015 2867 1069 ὥστε
2896 1015 2996 1079 τὰς
3031 1014 3180 1068 ένδον
3213 1013 3313 1082 τῆς
3344 1013 3526 1083 ψυχῆς
3582 1014 3852 1080 κινήσεις,
3888 1010 3998 1059 ἀπὸ

2406 1109 2501 1180 τῆς
2537 1111 2695 1175 ἐκτὸς
2737 1112 2936 1181 ὅψεως,
2974 1111 3142 1164 οἱονεὶ
3182 1110 3274 1163 διά
3318 1127 3464 1171 τινος
3496 1108 3788 1176 ἐσόπτρου,
3826 1123 3998 1157 κατα-

2406 1206 2570 1267 νοεῖν,
2615 1205 2712 1258 καλΙ
2747 1206 2993 1277 ἀκριϐῶς
3029 1206 3176 1275 ἔχειν
3206 1203 3429 1267 εἰδέναι,
3462 1201 3602 1254 τίσιν
3631 1200 3737 1270 ἄρα
3778 1198 3999 1251 παλαίει

2405 1296 2687 1368 λογισμοῖς
2714 1298 2963 1362 ἕκαστος,
3008 1298 3104 1351 καλ⁵
3135 1298 3264 1350 οἴων
3314 1298 3413 1365 μὲν
3461 1295 3829 1365 περιγίνεται,
3862 1292 3994 1343 οἵων

2404 1389 2461 1443 δὲ
2493 1390 2671 1461 ἥττων
2704 1390 2809 1444 ὑπὸ
2837 1389 2932 1451 τοῦ
2964 1388 3203 1461 πονηροῦ
3233 1389 3461 1458 γίνεται.

2477 1563 2560 1621 ll'.
2593 1566 2729 1619 Φασὶ
2758 1567 2815 1620 δὲ
2836 1566 3000 1620 αὑτὸν
3047 1565 3141 1619 καί
3172 1582 3303 1619 ποτε
3345 1564 3483 1635 πρός
3522 1580 3674 1625 τινας
3698 1563 3809 1616 τῶν
3842 1562 3997 1615 ἀδελ-

2407 1659 2524 1726 φῶν
2554 1658 2876 1730 καταμόνας
2907 1659 3059 1730 αὐτῷ
3092 1659 3355 1720 συνόντας
3385 1657 3584 1720 είπεϊν,
3634 1658 3709 1718 ὡς
3752 1656 3861 1725 ἄρα
3904 1673 4000 1723 φο-

2407 1747 2576 1819 ϐεράν
2616 1750 2713 1805 ῖδοι
2754 1749 3018 1813 πολλάκις
3063 1750 3187 1820 δψιν
3235 1749 3508 1818 ἀγγέλων,
3552 1746 3997 1814 συλλειτουργοῦ-

2409 1858 2506 1893 σαν
2528 1838 2548 1879 ι
2569 1841 2720 1910 αὐτῴ
2764 1843 2860 1893 καὶ
2900 1842 3009 1894 τῶν
3042 1842 3206 1913 ἱερῶν
3250 1839 3637 1909 ἐφαπτομένην
3662 1847 3700 1875 ω
3728 1856 3741 1869 ·
3777 1838 3876 1890 καὶ
3920 1836 3996 1897 ὡς

2406 1932 2463 1985 ὲν
2491 1934 2556 2002 τῇ
2587 1931 2682 1985 τοῦ
2720 1933 3049 1986 Δεσποτικοῦ
3079 1933 3327 2004 σώματος
3363 1932 3689 2003 μεταλήψει,
3717 1930 3871 1991 τινάς
3901 1929 3998 1998 μὲν

2404 2023 2513 2076 τῶν
2562 2025 2898 2093 προσιόντων
2929 2024 3335 2093 φωτιζομένους
3378 2024 3468 2075 ὑπ’
3508 2021 3680 2090 αὐτῆς
3716 2017 3888 2089 ὁρῴη,
3919 2037 3998 2071 τι-

2406 2112 2502 2178 νάς
2530 2114 2586 2167 δὲ
2630 2106 2741 2167 οἷον
2784 2116 3246 2186 ἀμαυρουμένους
3291 2114 3381 2166 καὶ
3409 2114 3812 2181 νεκρουμένους
3836 2128 3850 2140 ’
3879 2111 3995 2163 ὅσοι

2404 2206 2646 2278 δηλονότι
2694 2207 2929 2273 ἀναξίως
2968 2204 3115 2276 εῐχον
3165 2207 3259 2261 τοῦ
3319 2206 3496 2276 φωτὸς
3530 2207 3740 2259 ἐκείνου
3770 2206 3866 2257 καὶ
3899 2204 3998 2271 τῆς

2405 2298 2814 2369 λαμπρότητος.
2852 2300 2943 2352 Διὸ
2979 2301 3072 2353 καὶ
3113 2302 3224 2362 τοῖς
3253 2300 3505 2368 ἀδελφοῖς
3536 2299 3638 2351 οὐκ
3677 2298 3848 2364 ἔληγε
3878 2298 3999 2349 δια-

2412 2393 2845 2464 μαρτυρόμενος,
2884 2393 2980 2446 καὶ
3002 2394 3061 2446 τὸ
3093 2392 3189 2446 τοῦ
3220 2392 3547 2445 Ἀποστόλου
3571 2392 3768 2461 ἄριστα
3800 2406 4004 2457 rapa-.-

2406 2484 2535 2549 νῶν,
2574 2486 2865 2556 προσέχειν
2891 2484 3146 2547 ἕκαστον,
3172 2486 3266 2537 καὶ
3302 2484 3495 2537 ἑαυτὸν
3528 2482 3870 2551 δοκιμάζειν,
3908 2484 4003 2533 καὶ

2406 2579 2549 2633 οὕτω
2578 2580 2824 2650 φρικτῶς
2852 2579 2949 2633 τοῦ
2987 2580 3153 2649 ἄρτου
3177 2597 3236 2631 τε
3278 2581 3373 2633 καὶ
3405 2578 3499 2632 τοῦ
3537 2577 3799 2646 ποτηρίου
3836 2594 4007 2645 μετα-

2406 2671 2740 2742 λαμϐάνειν·
2781 2668 2840 2726 εὖ
2878 2672 3056 2724 εἰδότα
3088 2672 3179 2724 τὸν
3210 2673 3672 2742 προσερχόμενον,
3702 2670 3785 2722 ὅτι
3823 2672 4008 2738 κρῖμα

2409 2764 2590 2834 ἑαυτῷ
2621 2764 2791 2817 ἐσθίει
2822 2764 2915 2817 καὶ
2940 2763 3105 2829 πίνει,
3135 2763 3368 2827 ἀναξίως
3404 2762 3728 2830 ποιούμενος
3768 2762 3873 2831 τὴν
3907 2778 4007 2830 με·

2405 2856 2659 2928 τάληψιν.
2698 2859 2797 2910 Διά
2811 2855 2969 2910 τοῦτο
2992 2857 3104 2927 γὰρ
3137 2858 3230 2909 καὶ
3260 2856 3360 2925 τὴν
3381 2855 3603 2925 πρώτην
3625 2854 3785 2912 εὐθὺς
3826 2871 4009 2921 πωσ-

2409 2953 2560 3020 άγων
2594 2952 2751 3024 τήνδε
2823 2952 2923 3021 τὴν
2961 2952 3156 3005 Θυσίαν
3188 2951 3217 3002 ὁ
3258 2952 3459 3020 ἱερεὺς,
3495 2951 3656 3002 οἱονεὶ
3681 2948 3741 3000 τὸ
3786 2947 4009 3015 πλῆθος

2409 3045 2908 3116 προασφαλίζεται,
2948 3046 3107 3099 Ἀγω
3144 3043 3389 3113 σχῶμεν
3438 3044 3544 3108 τὰς
3595 3041 3871 3109 καρδίας,
3910 3041 4015 3093 αὖ-

2408 3141 2520 3203 τοῖς
2547 3140 2862 3209 ὲπιφωνῶν·
2898 3139 2992 3192 καὶ
3038 3138 3135 3206 τὴν
3188 3138 3321 3207 παρ’
3370 3137 3596 3187 ἐκείνων
3648 3131 3830 3185 λαϐὼν
3864 3132 4009 3184 ὑπό-

2328 3250 2374 3313 C
2412 3251 2617 3304 σχεσιν,
2653 3234 2796 3287 οὕτω
2821 3233 2919 3302 τὴν
2948 3232 3319 3303 προσαγωγὴν
3344 3229 3540 3301 θαρρεῖ
3564 3228 3660 3294 τῆς
3688 3227 4009 3295 ἀναφορᾶς.

2485 3327 2615 3382 ΠΑ’.
2655 3320 2762 3389 Ἦς
2796 3326 2889 3379 καὶ
2932 3325 3405 3393 συντελεσθείσης,
3440 3324 3537 3383 τάς
3570 3324 3757 3390 χεῖρας
3791 3321 4016 3381 ἐκεῖνος

2413 3420 2576 3473 παλιν
2616 3422 2693 3483 είς
2752 3419 2982 3489 οὐρανὸν
3037 3416 3359 3478 ἀνατείνων,
3422 3417 3513 3468 καὶ
3572 3414 3762 3482 ὥσπερ
3818 3414 4015 3475 αὐτοῖς

2411 3512 2737 3575 ὑποδεικνὺς
2779 3511 2839 3563 τὸ
2872 3511 3232 3580 οἰκονομηθὲν
3260 3509 3357 3579 τῆς
3388 3508 3664 3575 σωτηρίας
3700 3506 3866 3576 χάριν
3902 3506 4017 3574 τῆς

2409 3608 2694 3676 ἡμετέρας
2727 3606 3054 3676 μυστήριον,
3095 3604 3234 3674 μετά
3278 3603 3538 3672 λαμπρᾶς
3567 3599 3710 3653 οὕτω
3741 3600 3880 3667 φησὶ
3908 3600 4017 3667 τῆς

2412 3701 2627 3770 φωνῆς’
2672 3700 2750 3753 Τὰ
2793 3699 2931 3768 ἅγια
2967 3698 3093 3762 τοῖς
3144 3696 3372 3763 ἁγίοις·
3438 3693 3511 3755 ὡς
3566 3694 3629 3744 ἂν
3685 3694 3833 3744 εἴποι
3884 3710 4013 3754 τις·

2428 3791 2766 3861 Ἐπειδήπερ
2794 3788 2904 3855 ἐγὼ
2931 3788 3217 3856 ἄνθρωπος
3242 3782 3582 3853 ὁμοιοπαθὴς
3613 3783 3762 3851 ὑμῖν,
3786 3781 4017 3848 ἀγνοῶν

2408 3883 2476 3937 τά
2499 3883 2715 3952 έκάστῳ
2750 3879 3085 3952 βεϐιωμένα,
3117 3878 3204 3933 διὰ
3224 3876 3382 3931 τοῦτο
3408 3877 3471 3946 δὴ
3506 3875 3756 3944 φανερῶς
3777 3875 4019 3944 προδια-

2413 3974 2784 4046 μαρτύρομαι,
2809 3974 2904 4027 καὶ
2925 3972 3107 4025 κοινὸν
3123 3971 3182 4024 τὸ
3202 3970 3446 4039 δοκίμιον
3466 3967 3626 4021 τοῦτο
3650 3966 3723 4035 τῷ
3749 3968 4019 4037 ὑμετέρῳ

2412 4066 2680 4119 συνειδότι
2711 4065 2957 4134 καθῆκω
2992 4065 3056 4116 Εἴ
3079 4081 3164 4126 τις
3192 4062 3296 4114 ὑπὸ
3327 4060 3694 4130 μνησικακίας
3717 4059 3750 4125 ἦ
3784 4060 4018 4126 μίσους,

2408 4158 2460 4209 εί
2486 4174 2570 4218 τις
2601 4156 2706 4207 ὑπὸ
2724 4156 2919 4225 φθόνου
2948 4155 2981 4224 ἦ
3006 4154 3176 4224 ὀργῆς
3198 4155 3230 4224 ἦ
3257 4153 3631 4221 ὑπερηφανίας
3655 4149 3819 4213 ἑάλω,
3851 4152 4022 4210 εἴτις

2408 4248 2513 4301 ὑπὸ
2536 4247 2803 4319 λοιδορίας
2832 4247 2866 4316 ἢ
2888 4246 3266 4317 αίσχροληγίας
3293 4246 3324 4315 ἦ
3356 4248 3557 4298 ἀτόπου
3578 4244 3899 4313 ἐπιθυμίας,
3932 4245 4019 4295 εἴ·

2408 4359 2467 4396 τε
2494 4343 2639 4403 τινος
2684 4342 2871 4411 ἑτέρου
2916 4340 3121 4401 πάθους
3166 4339 3594 4409 κατείληπταιιι,
3626 4338 3697 4405 μὴ
3732 4338 4021 4405 πρότεων

2407 4434 2671 4505 προσίτω,
2714 4435 2844 4502 πρὶν
2869 4432 2935 4485 ἂν
2966 4432 3052 4484 διὰ
3089 4432 3374 4500 μετανοίας
3405 4430 3718 4499 ἐκκαθαρθῇ
3748 4429 3847 4479 τοῦ
3878 4434 4021 4498 μια-

2408 4544 2632 4599 σματος.
2653 4527 2734 4579 Τὰ
2753 4528 2859 4598 γὰρ
2876 4528 3009 4593 ἅγια
3028 4526 3220 4589 ταῦτα,
3244 4530 3427 4592 φησιν,
3448 4524 3565 4593 οὐχὶ
3585 4528 3692 4585 τοῖς
3722 4522 4017 4591 βεϐήλοις,

721 4620 919 4688 inquit,
966 4636 1073 4674 non
1131 4622 1397 4691 profanis,
1435 4623 1528 4679 sed
1563 4625 1765 4680 sanctis
1797 4627 2146 4681 exhibentur.
2174 4627 2303 4693 Qui-

2410 4623 2545 4677 ἀλλά
2576 4625 2686 4684 τοῖς
2712 4622 2889 4691 ἀγίοις
2908 4623 3135 4675 ἀνεῖται.
3157 4620 3307 4672 Ὅσοι
3331 4615 3620 4687 τοιγαροῦν
3650 4615 3906 4685 θαρρεῖτε
3930 4615 4023 4685 τῷ

721 4728 933 4777 cunque
980 4728 1110 4783 ergo
1142 4725 1335 4770 vestra:
1372 4716 1644 4773 confiditis
1671 4720 2038 4782 conscientiae.
2071 4723 2135 4777 ad
2179 4740 2303 4778 eum

721 4805 984 4869 accedite,
1015 4815 1069 4858 et
1100 4806 1508 4877 illuminemini,
1539 4826 1640 4866 nec
1687 4814 1852 4868 vestri
1886 4816 2066 4871 vultus
2102 4819 2306 4886 pudore

720 4890 1045 4947 adiciantur.
1086 4894 1190 4950 Sed
1225 4898 1411 4953 nescio
1444 4916 1554 4970 quo
1596 4903 1758 4957 modo
1789 4904 2018 4960 dulcedo
2048 4907 2307 4964 doctrinae

724 4986 1028 5056 Eutliymii,
1062 5004 1149 5043 me
1199 4991 1283 5045 vel
1319 4993 1593 5049 nolentem
1630 5011 1936 5063 assumens,
1995 5002 2307 5069 prmceden-

722 5073 854 5127 tium
883 5075 1097 5145 abrupit
1125 5082 1596 5148 consequentiam,
1624 5091 1678 5136 et
1728 5096 1935 5139 tantum
1977 5102 2083 5141 non
2108 5089 2302 5143 confu-

721 5166 930 5220 sionem
968 5169 1199 5235 peperit.
1243 5169 1428 5240 Itaque
1480 5189 1707 5229 neccsse
1736 5185 1819 5229 est
1869 5185 1927 5229 ut
1981 5193 2074 5231 vos
2108 5195 2300 5233 narra-

722 5263 925 5314 tionem
960 5278 1150 5318 rursus
1183 5265 1451 5319 revocetis
1481 5264 1535 5318 in
1572 5268 1911 5321 memoriam.

794 5352 1052 5407 LXXXII.
1085 5354 1255 5422 Capta
1286 5370 1419 5426 ergo
1458 5356 1581 5421 fuit,
1615 5369 1674 5411 ut
1696 5359 1807 5428 jam
1836 5370 1964 5416 ante
1998 5362 2300 5416 declaravi-

722 5460 862 5508 tuus,
915 5447 1145 5515 improbi
1187 5445 1479 5504 Theodosii
1518 5452 1724 5522 laqueis
1753 5454 1909 5508 beata
1960 5453 2216 5524 Eudocia,
2250 5469 2306 5513 et

719 5550 747 5588 a
778 5537 1042 5592 catholica
1068 5539 1458 5595 communione
1498 5542 1765 5610 discessit,
1808 5556 1971 5616 atque
2002 5547 2068 5603 de
2105 5560 2303 5606 metere

790 5648 831 5677 ”
868 5647 885 5701 1
915 5648 1041 5702 Cor.
1080 5666 1157 5713 χι,
1190 5648 1283 5718 28,
1310 5649 1402 5708 29.

2413 4722 2699 4787 συνειδότι,
2756 4713 3084 4789 προσέλθετε
3133 4718 3271 4790 πρὸς
3331 4715 3494 4777 αὐτὸν
3525 4714 3618 4766 καὶ
3652 4696 4013 4780 φώτίσθητε,

2412 4800 2505 4867 καὶ
2557 4814 2625 4865 τὰ
2678 4812 2948 4880 πρόσωπα
3002 4810 3157 4879 ὑμῶν
3189 4808 3363 4878 οὐμὴ
3413 4806 3812 4875 καταισχυνθῇ.
3861 4806 4021 4856 Ἀλλ’

2410 4905 2512 4957 οὐκ
2540 4901 2635 4957 οἶδ’
2670 4904 2869 4973 ὅπωςὴ
2900 4902 3178 4972 γλυκύτης
3211 4918 3277 4970 με
3310 4902 3406 4966 τῆς
3438 4897 3711 4967 Εὑθυμίου
3742 4896 4025 4949 διδασκα-

2411 4998 2531 5059 λίας
2567 4994 2968 5065 παραλαϐοῦσα
3017 4994 3111 5046 καὶ
3150 4993 3225 5062 μὴ
3269 4991 3616 5061 βουλόμενον,
3650 4989 3872 5056 διέκοψε
3905 4993 4025 5059 τὴν

2412 5088 2735 5143 ἀκολουθίαν
2764 5087 2874 5140 τῶν
2918 5086 3328 5156 προλαϐόντων,
3382 5083 3476 5135 καὶ
3517 5082 3782 5151 σύγχυσιν
3813 5081 4021 5147 ὀλίγον

2411 5182 2521 5234 δεῖν
2552 5180 2933 5250 ἐνειργάσατο.
2974 5175 3185 5230 Οὐκοῦν
3229 5175 3445 5243 ἀνάγκη
3496 5176 3589 5227 καὶ
3639 5174 3802 5228 πάλιν
3856 5175 4023 5242 ὑμᾶς

2408 5273 2510 5327 ἀνα
2519 5271 2723 5340 μνῆσαι
2758 5270 2852 5323 τοῦ
2882 5270 3248 5339 διηγήματος.

2480 5364 2606 5419 llB'.
2646 5363 2803 5416 ’Ήλω
2850 5362 2947 5431 μὲν
2986 5359 3101 5421 οὖν,
3134 5360 3209 5422 ὡς
3243 5358 3346 5429 ἤδη
3379 5357 3685 5426 φθάσαντες
3724 5355 4025 5425 ἐδηλώσα-

2412 5474 2532 5527 μεν,
2558 5457 2675 5519 ταῖς
2714 5452 3000 5507 Θεοδοσίου
3036 5452 3130 5505 τοῦ
3181 5449 3458 5521 μοχθηροῦ
3504 5452 3707 5516 πάγαις
3745 5451 3779 5517 ἡ
3824 5467 4025 5517 μακα-

2408 5554 2550 5625 ρῖτις
2575 5549 2832 5615 Εὐδοκία,
2865 5548 2962 5614 ,καὶ
2998 5550 3096 5616 τῆς
3126 5545 3423 5614 καθολικῆς
3465 5542 3755 5605 κοινωνίας
3788 5543 4023 5614 διέστη,

1995 5756 2232 5812 νΑιιιΑῑ
2278 5758 2684 5817 LECTIONES.

796 5835 808 5921 ξ
858 5837 927 5893 al.
971 5838 1543 5911 σνλλειτουργούντων.
1624 5858 1659 5885 ηπ
1690 5846 1761 5901 al.
1803 5851 2328 5922 συνεφαπτομένων.

724 5908 857 5973 ρείς.

2408 5864 2435 5891 ιι
2464 5853 2535 5908 al.
2562 5853 2687 5908 add.
2752 5850 2855 5904 ὑπὸ
2896 5848 2990 5903 τοῦ
3036 5847 3130 5919 τῆς
3189 5848 3382 5911 κακίας
3418 5843 3713 5917 ἐπευρετοῦ
3748 5860 4025 5914 παρασυ-
