4104 6486
144 416 229 483 θδι
1358 412 1527 474 Vl'l‘A
1566 420 1626 473 δ.
1670 412 1699 471 li

1804 412 2071 473 ἮΥΜΙΙ.

3265 421 3373 484 682

144 525 511 597 λειτουργήσῃ,
562 523 656 576 καὶ
692 523 836 591 άπερ
868 519 987 584 ἔθος
1040 520 1127 573 ἐπ’
1163 520 1310 590 αὐτῷ
1340 522 1514 575 πάντα
1549 523 1687 591 πλη-

1804 523 1848 576 in
1863 537 1927 577 eo
1951 522 2221 591 impleret.
2238 522 2374 577 Cum
2401 536 2528 577 vero
2552 524 2857 593 patriarcha
2872 525 3211 596 cegnovisset
3230 534 3373 597 apud

147 621 289 695 ρώσῃ.
310 617 475 675 Γνοὺς
504 614 561 667 δὲ
590 613 686 683 τὴν
714 613 985 682 Εὑθυμίου
1014 612 1162 683 παρά
1189 613 1495 682 Θεοκτίστῳ
1528 630 1694 682 προσ·

145 713 329 777 εδοείαν
381 712 408 762 ὁ
457 706 825 777 πατριάρχης,
888 705 979 759 καὶ
1036 706 1310 775 πρόφασιν
1375 704 1531 757 τούτο
1592 704 1692 773 τῆς

147 773 258 875 πρὸς
285 800 447 854 αὑτὸν
472 773 714 867 ἀφίξεως
725 773 849 849 *οὐκ
878 773 1106 869 ἄκαιρον
1139 773 1278 849 εἶναι
1312 795 1561 866 νομίσας,
1588 796 1691 866 ἤδη

145 897 219 951 τοῦ
253 894 553 966 μακαρίτου
574 891 897 945 Θεοκτίστου
936 891 1070 962 πρὸς
1102 891 1235 944 Θεὸν
1263 891 1691 961 ἐκδημήσαντος,

145 990 306 1059 τρίτην
350 989 570 1056 ἔχοντος
596 987 715 1038 τότε
761 983 856 1037 τοῦ
903 984 1280 1055 Σεπτεμϐρίου
1334 985 1521 1055 μηνὸς,
1557 984 1694 1037 κάτ-

147 1100 233 1136 εισι
260 1084 385 1153 παρ’
432 1081 618 1142 αὑτὸν,
654 1079 750 1131 καὶ
782 1081 935 1148 κοινῇ
970 1079 1067 1149 τῆς
1103 1077 1195 1132 τοῦ
1232 1078 1485 1147 λειζ-άνου
1517 1077 1693 1146 ταφῆς

149 1176 221 1227 ὑπ’
254 1173 425 1225 αὐτῶν
455 1171 761 1239 γεγονυίας.

202 1268 311 1319 PA'.
348 1267 578 1317 Ἔπειτα
612 1263 703 1316 καὶ
743 1262 776 1316 ἃ
814 1262 950 1334 πρὸς
992 1261 1261 1333 Εὖθύμιον
1288 1263 1540 1334 ὁθερμὸς
1572 1265 1691 1316 ἐκέ-

147 1358 249 1410 λευε
296 1356 479 1421 πόθος,
512 1358 541 1408 6
578 1356 922 1424 πατριάρχης
978 1356 1187 1407 ἐποίει·
1227 1358 1318 1407 καὶ
1370 1356 1537 1425 ἡδέως
1588 1354 1694 1406 τῶν

150 1452 286 1520 ἱερῶν
310 1449 517 1501 ἐκείνου
550 1448 750 1518 χειρῶν
783 1447 1101 1517 λαϐόμενος,
1134 1448 1228 1501 καὶ
1259 1448 1449 1510 αὑταῖς
1479 1448 1553 1511 ὡς
1584 1444 1693 1517 εἶχε

149 1540 458 1611 περιχυθεὶς,
500 1538 778 1608 ἠσπάζετό
826 1556 883 1590 τε
926 1538 1169 1608 θερμῶς,
1226 1542 1321 1593 καὶ
1372 1540 1539 1593 πόθου
1585 1544 1692 1602 τοῖς

148 1635 429 1701 ἀσπασμοῖς
464 1631 691 1697 ἐπέλεγε
724 1632 943 1701 ῥήματα
965 1649 977 1661 ·
1024 1633 1115 1685 Ἐκ
1148 1633 1343 1685 πολλοῦ
1386 1632 1495 1685 τῶν
1526 1632 1693 1700 ἁγίων

146 1725 237 1792 ἐγὼ
262 1724 462 1775 τούτων
492 1721 802 1791 ἐπεθύμουν
834 1722 1065 1792 χειρῶν·
1105 1725 1194 1775 καὶ
1230 1724 1337 1776 ἰδοὺ
1364 1723 1696 1793 πεπλήρωκε

151 1834 224 1885 μοι
253 1815 343 1884 τὴν
385 1814 572 1883 ἔφεσιν
601 1815 628 1865 6
653 1814 805 1877 Θεός.
846 1815 1005 1868 Ἀλλὰ
1025 1816 1216 1885 δέομαί
1258 1832 1372 1878 σου,
1401 1816 1546 1886 τίμιε
1584 1818 1695 1870 Πά-

147 1925 242 1973 τερ,
259 1908 348 1960 καὶ
375 1908 579 1977 σφόδρα
596 1908 805 1976 δέομαι’
838 1908 1025 1975 πρῶτα
1049 1909 1148 1976 μὲν
1172 1908 1430 1978 εὐχεσθαι
1460 1909 1536 1977 τῷ
1553 1910 1691 1978 Θεῷ,

146 2002 224 2062 τὰς
236 2002 325 2063 σὰς
344 1999 430 2052 ἐπ’
448 2001 571 2069 ἐμοὶ
597 2001 949 2071 προρρήσεις,
964 2000 1052 2054 διὰ
1068 2000 1256 2065 τέλους
1276 2001 1695 2071 συντηρηθῆναι’

147 2094 310 2145 Etuta
324 2092 377 2145 δὲ
400 2094 494 2146 καὶ
516 2094 747 2161 γράφειν
783 2109 871 2162 μοι
908 2093 1147 2163 συνεχῶς
1182 2095 1309 2164 περὶ
1337 2095 1445 2147 τῶν
1477 2095 1697 2148 δοκούν-

144 2202 249 2251 των,
276 2188 370 2239 ὅσα
400 2187 493 2238 καὶ
514 2187 719 2238 τέκνων
743 2184 759 2223 ί
794 2188 955 2256 νόμος
981 2187 1376 2243 διακελεύεται.
1411 2190 1595 2243 Ταῦτα
1623 2191 1699 2260 τῷ

148 2276 375 2346 meum
390 2278 511 2329 λίαν
543 2278 787 2347 εὐμενῶς
818 2278 1012 2348 ὡμίλει
1033 2279 1128 2332 καὶ⁵
1155 2280 1444 2349 διελέγετο,
1480 2284 1572 2335 καὶ
1600 2284 1699 2335 ὅσα

146 2369 283 2438 ἕτερα
319 2373 346 2421 6
398 2370 589 2439 καιρός
623 2387 682 2421 τε
714 2372 912 2441 ἀπῄτει
940 2372 1034 2423 καὶ
1069 2371 1155 2424 διὰ
1192 2373 1403 2441 μακροῦ
1440 2375 1699 2443 συντυχία

148 2457 220 2508 τοῦ
252 2458 436 2527 ἀνδρὸς
470 2459 909 2529 ὑπεμίμνησκεν.
954 2461 1012 2514 Ὀ
1038 2462 1114 2526 δὲ,
1145 2464 1283 2531 μετὰ
1308 2464 1405 2532 τῆς
1434 2464 1699 2532 συνήθους

147 2547 334 2615 ἐκείνης
356 2550 684 2611 ἐπιεικείας,
718 2549 885 2602 Τοῦτο
916 2550 1116 2619 μᾶλλον
1150 2552 1261 2619 ἐγὼ
1283 2552 1433 2623 παρὰ
1468 2553 1567 2620 τῆς
1600 2554 1699 2619 σῆς

151 2639 383 2708 αξτοῦμαι
419 2642 821 2709 μακαριότητος
852 2642 1212 2712 ἀπεκρίνατο’
1238 2644 1297 2696 τὸ
1321 2647 1378 2697 ἐν
1414 2648 1536 2707 ταῖς
1564 2647 1697 2714 πρὸς

152 2729 224 2780 τὸν
252 2730 377 2782 Θεὸν
409 2732 727 2801 πρεσὸείαις
756 2750 847 2783 σου
872 2733 965 2785 καὶ
990 2733 1163 2796 λιταῖς
1185 2737 1280 2787 καὶ
1317 2735 1463 2803 ἡμᾶς
1491 2735 1700 2787 κεῖσθαί

157 2839 221 2874 σοι
257 2822 340 2875 διὰ
391 2826 633 2894 μνήμης.
706 2824 970 2887 Κάκεῖνος
1010 2825 1316 2893 ὑπολαϐὼν,
1348 2824 1422 2879 Ού
1499 2844 1599 2891 τοι,
1655 2820 1701 2879 ῶ

154 2913 346 2983 Πάτερ,
415 2917 623 2983 φησιν,
681 2916 931 2986 οὐδαμῶς
1002 2920 1388 2989 παραχωρήσω
1457 2937 1538 2972 σοι
1605 2918 1698 2972 τοῦ

153 3010 440 3077 αίτήματος.
484 3007 656 3061 Τοῦτο
711 3011 818 3078 γὰρ
875 3010 983 3078 ἐγὼ
1014 3012 1166 3081 παρὰ
1218 3010 1311 3063 σοῦ
1358 3012 1573 3080 πρῶτος
1606 3012 1701 3064 λα-

155 3098 247 3148 eam
278 3100 445 3164 αξιῶο
468 3101 594 3152 ἐπεὶ
621 3101 714 3153 καὶ
748 3103 1091 3172 πεπείραμαι
1127 3102 1307 3165 καλῶς
1348 3102 1449 3172 ἤδη
1489 3103 1587 3170 τῆς
1647 3104 1703 3154 ἐν

154 3206 220 3241 σοι
259 3190 361 3243 τῶν
420 3191 583 3243 θείων
638 3194 993 3261 χαρισμάτων
1044 3193 1321 3263 ἐνεργείας
1354 3194 1549 3263 κομιδῇ
1611 3193 1703 3245 καὶ

152 3282 424 3350 δυνάμεως.
461 3284 571 3334 Καὶ
604 3283 663 3345 ὃς
690 3284 909 3352 ὁμαλῶς
948 3284 1087 3352 ἄγαν
1112 3287 1204 3337 καὶ
1238 3287 1449 3355 πράως,
1477 3286 1698 3354 Συῖχώ-

156 3391 313 3442 manv,
341 3375 495 3444 τίμιε
542 3376 747 3446 Πάτερ,
782 3376 886 3447 ἔφη
908 3395 921 3409 ο
948 3379 1330 3447 παρακλήθητι
1360 3378 1415 3429 δὲ
1447 3380 1699 3449 πρόνοιαν

157 3465 327 3530 μᾶλλον
358 3465 452 3518 τοῦ
502 3467 768 3536 παρόντος
820 3468 1186 3537 μοναστηρίου
1236 3468 1393 3538 χάριν
1448 3468 1587 3537 ἐμήν
1640 3484 1699 3519 τε

154 3556 351 3623 κιὶσήν,
387 3557 481 3608 καὶ
504 3556 686 3608 αὐτῶν
716 3556 772 3609 δὲ
806 3557 913 3610 τῶν
939 3558 1189 3626 ἀδελφῶν
1222 3559 1386 3612 ’ἑνεκα
1412 3558 1698 3619 ποιεῖσθαι,

153 3650 230 3697 καὶ
254 3648 510 3719 κήδεσθαι
558 3651 651 3702 καὶ
686 3649 875 3716 αὑτοῦ,
912 3650 1102 3720 ὥσπερ
1153 3652 1322 3714 είκός.
1357 3650 1499 3722 Πρδς
1532 3651 1701 3704 ταῦτα

153 3739 174 3787 ὁ
202 3742 552 3811 πατριάρχης,
580 3743 693 3794 Καὶ
727 3742 1075 3807 Θεοκτίστου,
1101 3744 1284 3813 φησιν,
1315 3742 1395 3794 ἔτι
1426 3744 1701 3813 περιόντος

153 3830 227 3881 τοῦ
243 3832 293 3883 ἐν
313 3833 514 3899 ἁγίοις,
542 3836 605 3885 σὺ
637 3828 703 3904 ἧς
731 3836 758 3886 6
786 3832 885 3903 τῆς
919 3835 1125 3904 ἐρήμου
1170 3834 1374 3904 ταύτης
1401 3832 1700 3905 προεστὼς,

155 3923 229 3973 καὶ
274 3925 424 3975 πόλιν
463 3925 640 3995 αὐτὴν
680 3925 759 3995 τῷ
791 3926 899 3978 τῶν
956 3925 1307 3979 ἐνοικούντων
1362 3925 1556 3996 πλήθει
1610 3925 1703 3975 καὶ

155 4016 206 4082 τῇ
239 4015 396 4087 ἀρετῇ
427 4018 693 4087 κομῶσαν
729 4018 1037 4081 ἀποδείξας,
1068 4019 1163 4071 καὶ
1202 4017 1369 4085 ἄλλην
1396 4016 1515 4068 τινὰ
1537 4014 1705 4066 καθά-

157 4120 241 4174 περ
279 4108 635 4179 Ἰερουσαλὴμ
674 4109 753 4177 τῷ
788 4109 1008 4179 Χριστῷ
1062 4109 1446 4178 παραστήσας·
1481 4108 1571 4158 καὶ⁴
1610 4104 1704 4157 νῦν

156 4198 296 4252 πάλιν
335 4201 553 4254 ἐκείνου
600 4202 691 4253 τὸν
725 4199 837 4270 βίον
884 4201 1242 4271 ἀμείψαντος,
1286 4200 1367 4253 σοὶ
1407 4200 1473 4252 τὰ
1508 4198 1703 4251 σαυτοῦ

156 4289 538 4345 καταλείπεται.
588 4291 649 4345 ’0
680 4290 779 4361 μὲν
820 4291 912 4344 οὖν
946 4292 1118 4345 ταῦτα
1160 4291 1353 4355 είπὼν,
1388 4292 1481 4344 καὶ
1511 4308 1705 4345 συντα-

159 4378 357 4449 ξάμενος
386 4383 465 4453 τῷ
496 4382 668 4452 ἁγίῳ,
698 4383 832 4455 πρὸς
873 4384 973 4447 τὰς
1016 4384 1219 4447 οἰκείας
1254 4379 1408 4447 αὖθις
1435 4382 1704 4453 ἐπανῆλθε

155 4471 427 4544 διατριϐάς.

1801 613 2173 669 Theoctistum
2207 614 2449 669 assidere
2515 613 2887 685 Euthymium,
2950 616 3114 687 idque
3177 621 3370 674 existi-

1801 715 2002 761 masset
2031 708 2373 762 occasionem
2405 723 2527 763 esse
2554 724 2661 762 non
2698 709 3117 777 inopportunam
3150 713 3215 766 ad
3244 731 3370 768 eum

1801 801 2075 862 veniendi,
2108 801 2218 870 jam
2260 802 2418 855 beato
2449 801 2769 855 Theoctisto
2792 803 2856 856 ad
2888 802 3056 858 Deum
3100 809 3364 874 proiecto,

1799 893 1955 947 tertia
1985 892 2071 947 die
2099 894 2304 948 mensis
2339 893 3039 966 SeplembrisHB),accedit
3060 899 3127 952 ad
3151 916 3298 965 eum,
3318 912 3373 956 et

1798 984 2164 1038 communiter
2195 985 2307 1055 (44)
2336 985 2402 1039 ab
2427 985 2491 1039 iis
2522 986 2661 1040 facta
2683 998 2765 1041 est
2794 988 3041 1059 corporis
3070 995 3368 1060 sepultura.

1868 1257 1947 1311 Cl.
2038 1257 2242 1313 Deinde
2315 1274 2434 1328 qua:
2471 1275 2597 1331 erga
2672 1260 3022 1329 Euthymium
3077 1262 3373 1318 vehemens

1793 1349 2021 1417 jubebat
2085 1350 2441 1415 desiderium,
2499 1352 2625 1408 fecit
2655 1354 2997 1423 patriarcha;
3053 1364 3106 1410 et
3136 1356 3373 1411 suaviter

1797 1437 1967 1491 sacris
1994 1438 2137 1493 illius
2165 1441 2416 1496 manibus
2469 1442 2777 1511 prehensis,
2835 1443 3047 1514 eisque,
3096 1447 3173 1499 uti
3233 1457 3371 1512 erat,

1798 1525 2181 1595 circumfusus,
2266 1540 2376 1583 tum
2448 1531 2865 1586 deosculabatur
2920 1535 3197 1601 ardenter,
3258 1546 3373 1591 tum

1800 1616 1942 1670 inter
1974 1620 2161 1673 oscula
2191 1631 2244 1674 et
2276 1623 2559 1691 amplexus
2582 1625 2743 1677 verba
2779 1631 2982 1679 amoris
3016 1626 3325 1696 proferebat
3358 1649 3369 1683 :

1798 1711 2012 1765 iamdiu
2034 1713 2252 1768 abhinc
2280 1730 2379 1785 ego
2413 1725 2627 1771 sanctas
2679 1718 2775 1772 has
2825 1735 3017 1773 manus
3043 1722 3324 1790 cupiebam
3356 1740 3375 1777 :

1801 1812 1856 1855 et
1889 1818 2014 1856 ecce
2047 1819 2225 1857 meum
2255 1805 2400 1860 Deus
2437 1807 2683 1875 implevit
2721 1809 3077 1865 desiderium.
3113 1811 3217 1867 Sed
3245 1828 3374 1883 rogo

1732 1880 1871 1956 Bte,
1934 1897 2239 1950 venerande
2300 1896 2493 1964 Pater,
2558 1909 2612 1953 et
2678 1900 2831 1955 valde
2908 1918 3078 1973 rogo;
3135 1880 3370 1974 primum

1800 1988 2116 2057 quidem,ut
2148 1989 2318 2043 Deum
2348 1992 2605 2059 preceris,
2634 1995 2945 2049 conservari
2966 1996 3019 2048 in
3051 2008 3371 2067 perpetuum

1803 2093 1922 2137 tuas
1950 2084 2015 2138 de
2041 2100 2125 2138 me
2162 2086 2540 2154 prredictiones
2567 2106 2581 2153 ;
2612 2087 2808 2143 deinde
2862 2100 2923 2144 ut
2983 2093 3145 2146 etiam
3177 2094 3243 2148 ad
3285 2111 3373 2149 me

1801 2175 2021 2229 assidue
2058 2178 2268 2232 scribas
2298 2178 2365 2232 de
2404 2179 2470 2233 iis
2500 2196 2621 2247 qum
2650 2181 3002 2247 videbuntur,
3038 2200 3373 2255 quacunque

1804 2266 2039 2321 ﬁliorum
2073 2270 2154 2323 lex
2185 2269 2457 2339 prtecipit.
2490 2272 2615 2326 Hazc
2641 2290 2761 2327 cum
2798 2274 3091 2345 Euthymio
3139 2279 3375 2349 benigni:

1803 2359 2092 2414 admodum
2178 2362 2591 2431 colloqucbatur
2636 2376 2690 2419 et
2751 2366 3073 2431 disserebat,
3126 2379 3182 2423 et
3225 2387 3376 2439 qua:-

1802 2465 2019 2520 eunque
2066 2453 2169 2506 alia
2202 2462 2297 2507 aut
2326 2457 2540 2509 occasio
2572 2457 2899 2525 postulabat,
2957 2468 3053 2513 aut
3102 2469 3224 2529 post
3253 2463 3375 2517 lon-

1802 2556 1926 2609 gum
1980 2551 2191 2610 tempus
2253 2558 2379 2597 cum
2428 2545 2542 2598 viro
2593 2548 2907 2615 congressio
2960 2553 3248 2605 revocabat
3320 2555 3374 2607 in

1804 2634 2141 2687 meritoriam.
2176 2635 2225 2689 ls
2256 2651 2386 2689 vero
2426 2653 2546 2691 cum
2590 2639 2745 2692 solita
2791 2640 2876 2694 illa
2936 2643 3233 2698 modestia:
3263 2644 3375 2701 Hoc

1803 2739 1901 2795 ego
1937 2727 2133 2793 potius,
2160 2729 2459 2796 respondit,
2514 2741 2637 2798 peto
2685 2746 2712 2784 a
2748 2741 2836 2785 tua
2892 2733 3249 2802 beatitudine,
3318 2750 3378 2793 ut

1804 2815 1857 2867 in
1882 2816 1987 2871 tuis
2010 2818 2076 2871 ad
2107 2818 2275 2871 Deum
2301 2818 2784 2876 intercessionibus
2803 2832 2860 2877 et
2883 2826 3378 2894 supplicationibus

1806 2923 1905 2962 nos
1931 2925 2150 2979 quoque
2184 2911 2238 2963 in
2268 2912 2529 2967 memoria
2559 2913 2783 2970 habeas.
2810 2915 2877 2971 Et
2906 2917 2994 2972 ille
3057 2921 3334 2990 excipiens
3360 2941 3375 2976 :

1808 2996 2177 3069 Nequaquam.
2207 3001 2403 3071 inquit,
2432 3018 2465 3057 ο
2494 3003 2678 3071 Pater,
2713 3006 3023 3063 nullatenus
3057 3011 3151 3065 tibi
3179 3027 3379 3067 conce-

1806 3092 1927 3145 dam
1960 3093 2296 3161 petitionem.
2318 3093 2431 3149 Hoc
2458 3096 2603 3149 enim
2632 3112 2731 3166 ego
2764 3108 2821 3152 ut
2847 3114 2875 3153 a
2910 3110 2960 3155 te
2991 3102 3197 3171 primus
3234 3106 3378 3159 acci-

1810 3184 1950 3254 piam
1975 3201 2129 3256 rogo:
2165 3188 2365 3256 quippe
2395 3190 2486 3258 qui
2512 3191 2624 3260 jam
2671 3193 2927 3261 praeclare
2960 3197 3061 3249 sim
3123 3209 3378 3267 expertus

1803 3276 2105 3329 divinorum
2146 3278 2560 3345 charismatum,
2611 3296 2731 3349 qua:
2786 3283 2840 3335 in
2884 3291 2935 3337 te
2995 3286 3219 3340 omnino
3273 3298 3376 3353 est,

1804 3370 2175 3437 operationem
2201 3378 2255 3423 et
2282 3371 2559 3425 virtutem.
2621 3371 2760 3426 Tum
2808 3374 2895 3428 ille
2928 3376 3137 3444 placide
3182 3380 3374 3435 adme—

1805 3460 1932 3513 dum
1981 3470 2034 3515 et
2091 3461 2285 3516 leniter
2332 3463 2406 3516 ait
2445 3463 2760 3532 :Concede,
2822 3470 3131 3523 venerande
3176 3471 3375 3539 Pater;

1806 3568 2027 3607 exorare
2051 3570 2180 3608 vero
2211 3564 2269 3608 ut
2287 3555 2466 3624 potius
2499 3557 2781 3626 praesentis
2808 3562 3142 3627 monasterii,
3176 3579 3295 3617 mea
3326 3577 3379 3619 et

1806 3654 1895 3699 tua
1941 3662 2103 3700 causa
2154 3657 2207 3701 et
2264 3658 2487 3717 propter
2537 3649 2684 3717 ipsos
2718 3650 2932 3715 fratres,
2980 3654 3374 3721 providentiam

1807 3737 2029 3799 habeas,
2074 3737 2302 3807 ejusque
2329 3754 2516 3793 curam
2542 3756 2718 3809 geras,
2750 3750 2807 3795 ut
2842 3758 2938 3812 par
2993 3753 3095 3797 est.
3151 3744 3230 3799 Ad
3264 3747 3378 3801 Ιιωυ

1807 3828 2148 3896 patriarcha:
2202 3828 2398 3893 Etiam,
2435 3829 2627 3897 inquit,
2658 3842 2846 3886 sancto
2869 3833 3181 3889 Theoclisto
3198 3837 3377 3891 adhuc

1805 3921 2116 3987 superstite,
2182 3929 2237 3973 tu
2294 3922 2418 3975 huic
2472 3923 2734 3991 praal'uisti
2785 3926 3083 3991 solitudini,
3146 3943 3376 3998 eamque

1807 4013 2032 4067 elIecisti
2056 4014 2327 4068 civitatem
2360 4015 2626 4084 insignem
2690 4016 3036 4072 multitudine
3076 4034 3140 4072 ac
3176 4022 3376 4077 virtute

1808 4106 2127 4166 incolarum,
2201 4117 2255 4161 et
2334 4108 2479 4161 velut
2525 4108 2687 4161 aliam
2723 4111 3011 4177 quamdam
3075 4112 3373 4168 Jerusalem

1808 4197 2026 4251 Christo
2055 4197 2394 4262 cabibuisti;
2432 4208 2486 4252 et
2521 4216 2667 4253 nunc
2700 4216 2890 4255 rursus
2935 4218 3055 4256 cum
3088 4204 3174 4259 ille
3200 4221 3229 4259 e
3269 4208 3376 4262 vita

1808 4289 2075 4359 migravit,
2119 4288 2213 4341 tibi
2240 4296 2329 4341 tua
2374 4288 2772 4356 relinquuntur.
2824 4290 2919 4345 llis
2958 4290 3138 4359 itaque
3195 4292 3373 4360 dictis,

1810 4396 1931 4435 cum
1964 4389 2152 4435 sai-cm
2196 4378 2556 4447 vaielecisset,
2592 4395 2843 4436 reversus
2865 4388 2949 4435 est
2994 4382 3060 4436 ad
3109 4400 3259 4439 suam
3287 4387 3380 4441 ha-

1809 4473 2144 4527 bitationem.

216 4567 323 4620 PB'.
352 4570 633 4640 Εὐθύμιος
674 4570 731 4624 δὲ
774 4572 802 4622 6
851 4572 1040 4641 μέγας,
1078 4570 1257 4643 Μάριν
1291 4570 1380 4623 τὸν
1410 4586 1501 4622 του
1538 4567 1699 4639 Τερέ-

1884 4562 1997 4617 Cll.
2024 4564 2093 4617 At
2112 4578 2338 4632 magnus
2358 4563 2682 4635 Euthymius
2704 4576 2984 4635 postquam
3005 4568 3187 4622 Marini
3214 4569 3379 4623 Tere-

158 4656 300 4722 εωνος
331 4660 493 4729 θεῖον,
534 4662 841 4733 φιλαρέτως
878 4664 1077 4729 ζῶντα,
1104 4664 1198 4717 καὶ
1233 4664 1331 4732 τὴν
1367 4663 1577 4731 ἡλικίαν
1603 4663 1704 4733 ἤδη

160 4756 462 4822 προήκοντα,
498 4754 810 4824 ἡγούμενον
864 4754 963 4821 τῆς
1010 4755 1176 4823 μονῆς
1228 4755 1595 4822 καταστήσας,
1627 4756 1706 4814 εἰς

160 4841 238 4910 τὴν
262 4846 463 4897 οἰκείαν
497 4845 597 4898 καὶ
647 4844 808 4907 αὐτὸς
833 4845 1039 4915 λαύραν
1069 4845 1338 4897 ἐπάνεισι.
1370 4844 1475 4895 Τοῦ
1503 4842 1580 4907 δὲ,
1614 4845 1707 4897 δύο

157 4936 208 5000 τῇ
243 4935 331 5002 τῆς
366 4937 539 5004 μονῆς
575 4935 887 5005 προστασία
934 4936 1157 5005 χρόνους
1201 4933 1556 4996 ἐπιϐιοῦντος,
1588 4928 1706 4985 εἶτα

157 5024 232 5075 καὶ
260 5026 416 5078 αὑτοῦ
452 5029 547 5079 τὸν
586 5027 702 5096 βίον
738 5026 1194 5097 μεταλλάξαντος,
1230 5024 1505 5079 κατελθὼν
1554 5020 1706 5085 αὖθις

158 5117 178 5163 ὁ
206 5117 379 5184 μέγας,
414 5122 472 5172 τὸ
508 5121 611 5190 μὲν
640 5120 786 5190 ἱερὸν
808 5119 998 5173 τούτου
1038 5118 1216 5188 σῶμα,
1251 5119 1308 5171 ἐν
1330 5121 1395 5187 τῇ
1423 5115 1517 5169 τοῦ
1542 5116 1713 5186 μεγά-

159 5206 232 5261 λου
259 5212 581 5266 θεοκτίστου
621 5212 766 5282 θήκῃ
798 5212 1061 5281 θεοφιλῶς
1096 5210 1477 5265 κατατίθεται·
1509 5208 1710 5277 Λογγί-

1817 4657 1975 4711 bonis
1996 4656 2345 4719 avunculum,
2369 4672 2435 4710 ex
2474 4656 2690 4712 virtutis
2726 4660 2903 4728 regula
2930 4661 3201 4714 viventem
3240 4662 3375 4731 (43),

1811 4751 2030 4820 jamque
2084 4758 2240 4802 aetate
2292 4758 2629 4816 provectum,
2704 4752 3014 4805 monasterii
3065 4754 3378 4820 praefectum

1815 4841 2210 4903 constituisset,
2235 4839 2521 4893 revertitur
2539 4841 2653 4909 ipse
2671 4856 2885 4910 quoque
2904 4842 2958 4895 in
2977 4858 3129 4897 suam
3152 4844 3379 4899 Iauram.

1814 4932 1947 4987 Cum
1983 4933 2026 4986 is
2074 4946 2198 4984 vero
2236 4931 2290 4984 in
2322 4931 2634 4984 monasterii
2671 4932 2990 4999 prml'ectura
3034 4934 3171 4990 duos
3208 4954 3383 4989 annos

1823 5022 2059 5086 vixisset,
2080 5036 2143 5073 ac
2165 5019 2363 5074 deinde
2385 5035 2413 5072 e
2439 5020 2542 5073 vita
2580 5022 2867 5089 migrasset
2889 5025 3025 5092 (46),
3046 5026 3382 5082 descendens

1820 5130 2007 5169 rursus
2054 5128 2304 5180 magnus,
2337 5127 2549 5165 sacrum
2619 5114 2837 5181 quidem
2907 5116 3025 5184 ejus
3074 5134 3291 5187 corpus,
3330 5120 3381 5172 in

1821 5206 1999 5277 magni
2031 5204 2327 5259 'l'lieoctisti
2359 5205 2513 5256 theca
2538 5203 2623 5273 pie
2647 5205 2867 5274 deponit
2894 5224 2907 5274 ;
2940 5207 3153 5262 cuidam
3201 5220 3309 5264 anu
3332 5227 3381 5263 ιιι

1396 5350 1631 5405 VARle
1672 5346 2068 5404 Llitj'l‘lUNES.

216 5448 321 5506 ⁸³1.
346 5452 541 5522 τέκνῳ.

1323 5532 1513 5587 JOAN.
1560 5532 1899 5587 BOLLANDI
1937 5532 2166 5589 iVOTxE.

218 5683 313 5753 (4'5)
349 5682 447 5737 An.
482 5679 589 5754 Ch.
629 5675 757 5754 667,
790 5673 855 5728 ad
891 5672 1036 5727 illum
1085 5672 1223 5754 diem
1259 5672 1421 5754 deeo
1463 5687 1701 5753 agemus.

222 5747 317 5834 μί’)
346 5773 361 5805 ι
390 5748 720 5832 Ειιιιιξῐηίυε
750 5747 1521 5841 Eun-1|ttiagita‘lienzrigentia
1554 5758 1706 5812 sepe-

165 5812 258 5879 ιὶγίι
288 5812 469 5893 ρὀηιιιε
495 5812 644 5891 ejus.
686 5836 703 5866 ι
740 5814 969 5884 Cyrillus
1002 5816 1052 5866 in
1088 5812 1203 5866 Vita
1235 5815 1287 5867 S.
1320 5812 1494 5871 Salue.
1529 5833 1547 5863 ›

454 5918 733 5974 ιἈτξιοιι.
780 5911 893 5969 Gn.
942 5907 1141 5967 (ΣΧΞΥ.

1813 5744 1842 5795 d
1883 5673 1994 5739 (45)
2044 5691 2061 5722 ‹
2099 5672 2287 5728 Marini
2316 5675 2534 5745 dignum
2580 5684 2632 5730 et
2664 5676 2989 5741 mirabilem,
3016 5695 3034 5728 ι
3069 5678 3118 5731 in
3141 5678 3260 5739 Vita
3296 5700 3356 5739 ea

1847 5755 1953 5795 dtll.

1847 5755 1953 5797 (ειη.

1889 5814 1997 5884 μδ)
2038 5816 2139 5869 An.
2178 5815 2277 5871 cn.
2308 5816 2431 5873 469.

2926 5913 3005 5971 9:2.
