4104 6486
210 397 315 465 685

204 619 264 669 γε
306 598 402 653 οὖν
437 601 713 671 ἀσυνήθης
747 602 823 654 ὢν
859 605 1171 656 παντάπασι
1206 605 1313 657 τῶν
1350 608 1407 657 ἐν
1444 608 1634 678 ἐρήμῳ
1670 609 1784 660 δια-

198 691 441 761 τριὸὦν,
469 693 611 762 δίψει
638 710 697 745 τε
735 694 1013 763 συσχεθεὶς
1046 695 1389 768 σφοδροτάτῳ
1414 738 1427 760 ,
1461 698 1785 771 λειποψυχία

197 807 253 841 τε
296 791 647 859 συνειχόμην,
684 791 777 843 καὶ
815 790 938 843 οὐδὲ
973 792 1099 853 τοὺς
1141 790 1305 855 πόδας
1341 790 1487 863 εἶχον
1524 794 1603 849 ἔτι
1648 798 1783 865 πρδς

194 881 296 933 τὶν.
335 880 563 951 πορείαν
592 881 927 950 δυναμένους
969 881 1295 951 ὑπηρετεῖν.
1328 885 1689 956 Ἐπιστρέψας
1726 887 1782 941 δέ

195 988 363 1041 φησιν
392 974 423 1023 ὁ
460 973 633 1041 μέγας
666 972 964 1040 Εὐθύμιος,
1000 977 1094 1027 καὶ
1123 974 1295 1038 οὕτως
1330 977 1645 1031 ἐκλείποντα
1680 980 1781 1049 ἥδη

194 1065 289 1116 καὶ
320 1066 665 1135 ἀπειρηκὸτα
685 1083 759 1135 -με
790 1067 1148 1137 θεασάμενος,
1176 1068 1345 1120 ἔπαθε
1369 1068 1466 1138 τὴν
1490 1069 1667 1142 ψυχὴν
1695 1074 1779 1125 ἐπ’

193 1156 319 1222 ἐμοί
342 1172 355 1185 ’
386 1159 480 1208 καὶ
515 1158 708 1227 μικρὸν
729 1160 821 1227 ἀφ’
841 1159 998 1227 ἡμῶν
1018 1160 1261 1226 διαστὰς,
1288 1162 1381 1214 καὶ
1407 1165 1474 1233 τῇ
1508 1167 1576 1234 γῇ
1609 1182 1778 1235 προσ-

194 1249 523 1301 καταὸαλὼν
549 1251 769 1314 ἑαυτὸν,
795 1250 1027 1321 ηὔχετο,
1052 1253 1255 1321 Κύριε,
1286 1253 1461 1321 λέγων
1478 1295 1492 1319 ,
1521 1256 1608 1318 δὸς
1636 1256 1776 1328 ὕδωρ

190 1338 245 1387 ἐν
275 1342 351 1408 γῇ
383 1338 617 1410 διψώσῃ,
646 1342 745 1411 τὴν
773 1342 867 1394 τοῦ
894 1343 1126 1412 ἀδελφοῦ
1155 1344 1315 1414 δίψαν
1346 1350 1776 1418 παραμυθούμε-

190 1444 277 1478 νον
301 1428 349 1480 δι.
392 1431 502 1483 Καὶ
538 1436 675 1499 μετα
707 1430 806 1501 τὴν
838 1431 1003 1502 εὐχὴν
1035 1433 1305 1498 ἀναστὰς,
1342 1435 1774 1506 ὲπιλαμόάνεται

188 1518 284 1569 to;
322 1522 609 1589 σκαφείου,
637 1515 680 1590 ᾧ
710 1524 808 1585 τὰς
832 1523 940 1577 τῶν
969 1523 1207 1592 βοτανῶν
1233 1526 1591 1595 ὲκτέμνοντες
1619 1531 1773 1599 ῥίζας

187 1614 398 1681 τροφή-δ
427 1616 779 1683 ἐποιούμεθα,
807 1618 899 1669 καὶ
924 1620 1111 1672 κόπτει
1145 1620 1317 1690 βραχὺ
1344 1622 1404 1675 τὸ
1432 1622 1650 1689 ἔδαφος,
1679 1627 1772 1676 καὶ

188 1704 354 1765 εὐθὺς
394 1705 539 1777 ὕδωρ
573 1708 681 1760 ἀπὸ
709 1708 807 1778 τῆς
843 1711 947 1779 γῆς
984 1711 1308 1767 ἀναδίδοται.
1341 1708 1476 1767 Εἶτα
1513 1714 1668 1767 καλεί
1704 1733 1769 1785 με

187 1793 326 1862 πρὸς
356 1795 575 1863 ἑαυτὸν,
603 1800 695 1852 καὶ
720 1800 1063 1853 ὑποδείκνυσι
1088 1802 1147 1854 τὸ
1175 1801 1338 1874 ὕδωρ,
1365 1805 1458 1855 καὶ
1487 1807 1628 1858 πιεῖν
1653 1809 1769 1857 ἐπι-

1472 410 1643 468 VlT.\
1689 408 1746 466 Ξ.
1790 411 2190 474 EUTIIHlll.

206 515 412 579 ἥμερον
433 512 521 561 ἰπὶ
538 512 667 563 πολὺ
687 512 778 563 καὶ
798 512 965 579 ξηρὰν
983 515 1071 565 καὶ
1091 514 1227 584 ἆτ.ῖχ“
1244 514 1322 575 ὡς
1343 516 1591 585 ἄνυδρον.
1616 518 1759 581 Ἕγω

1898 528 2025 583 tem,
2082 525 2389 590 siccamque
2436 539 2486 579 ιιι
2530 534 2752 585 Otttnint)
2797 552 2945 603 aqua:
2991 552 3284 605 expertem.

3353 548 3461 615 ligo

1893 611 2073 681 itaque
2106 616 2193 681 qni
2222 617 2379 683 plane
2414 635 2560 673 eram
2597 624 2899 681 inassuetns
2941 634 3459 693 commorationihus

1890 704 1940 757 in
1996 706 2231 772 deserto,
2279 711 2751 769 vehementissima
2814 720 2903 773 siti
2961 736 3265 791 correptus,
3326 729 3458 783 deli-

1890 797 2075 866 quium
2119 802 2283 855 animi
2326 805 2592 872 patiebar,
2625 815 2677 861 et
2710 824 2808 865 nec
2837 814 2998 879 pedes
3039 815 3301 873 habebam
3344 837 3456 875 am-

1886 888 2029 957 plius
2060 892 2123 945 ad
2156 893 2365 950 itineris
2407 899 2929 958 administrationem
2963 908 3189 965 validos.
3213 911 3455 969 Conver—

1885 993 1976 1033 sus
2001 995 2148 1043 vero,
2180 982 2371 1051 inquit,
2401 1003 2626 1059 magnus
2654 992 2996 1064 Enthymius,
3036 1013 3224 1068 meque
3246 1005 3324 1059 sic
3343 1003 3454 1074 jam

1885 1070 2225 1128 deiicientem
2270 1085 2324 1130 et
2366 1077 2592 1135 fractum
2631 1083 2877 1149 intuitus,
2916 1103 3033 1143 mea
3064 1105 3225 1147 causa
3270 1097 3452 1154 animo

1882 1176 2188 1222 commOIus
2238 1181 2367 1250 est,
2412 1191 2644 1245 cumque
2685 1194 2741 1234 se
2777 1182 3048 1249 paululum
3087 1202 3116 1241 a
3160 1189 3315 1245 nobis
3361 1208 3449 1247 se-

1876 1257 2162 1327 junxisset,
2211 1274 2266 1318 et
2302 1266 2369 1320 ad
2414 1276 2615 1324 terram
2664 1276 3064 1340 prostravisset,
3111 1282 3324 1347 orabat,
3362 1285 3446 1340 di—

1883 1364 2009 1407 cens
2042 1368 2055 1405 :
2091 1355 2334 1422 Domine,
2369 1358 2433 1413 da
2470 1374 2665 1429 aquam
2696 1363 2747 1416 in
2785 1372 2926 1419 terra
2962 1370 3184 1436 sitienti,
3211 1376 3277 1428 ad
3306 1376 3450 1430 sola-

1881 1441 2011 1493 tium
2066 1442 2396 1499 ali‘erendum
2438 1448 2625 1506 fratris
2668 1454 2779 1508 siti.
2811 1453 2879 1509 Et
2922 1469 3043 1527 post
3090 1475 3281 1529 preces
3322 1482 3446 1519 sur-

1878 1546 2031 1601 gens,
2065 1538 2423 1602 apprehendit
2466 1540 2724 1610 ligonem,
2758 1561 2867 1615 quo
2906 1551 3114 1607 radices
3157 1553 3445 1611 herbarum

1876 1622 2328 1681 exscindehamus
2395 1630 2461 1683 ad
2528 1635 2823 1701 parandum
2890 1640 3046 1696 nobis
3123 1645 3335 1711 cibum,
3392 1661 3449 1703 et

1874 1708 2047 1763 solum
2071 1726 2260 1779 parum
2288 1716 2502 1783 scindit,
2544 1722 2836 1790 statimque
2865 1741 3001 1796 aqua
3026 1745 3056 1784 e
3088 1742 3228 1787 terra
3260 1708 3445 1792 scatu-

1875 1801 1965 1853 rit.
1997 1801 2187 1859 Postea
2223 1816 2377 1861 vocat
2412 1824 2496 1864 me
2522 1812 2587 1865 ad
2616 1828 2693 1878 se,
2727 1821 2962 1872 ostendit
2999 1837 3217 1890 aquam,
3267 1840 3319 1884 et
3360 1832 3444 1884 bi~

185 1886 405 1952 τρέπει.
437 1890 584 1941 Πιὼν
611 1892 823 1957 τοίνυν,
854 1892 948 1946 καὶ
973 1892 1034 1945 τὸ
1062 1893 1282 1961 συνέχον
1307 1894 1397 1947 τοῦ
1425 1895 1611 1964 δίψους
1635 1898 1759 1950 ἁπο-

1880 1891 2008 1945 bere
2042 1896 2326 1961 permittit.
2369 1898 2567 1956 Bibens
2607 1904 2790 1973 igitur,
2824 1918 2877 1963 et
2908 1911 2995 1965 siti
3024 1928 3141 1982 qua:
3168 1923 3447 1985 premebat

185 1976 366 2029 ὅαλὼν
394 1977 439 2045 ι,
474 1982 856 2051 ηὐχαρίστησα
887 1983 964 2053 τῷ
998 1984 1319 2054 παραδόξως
1352 1986 1442 2041 διὰ
1475 1987 1584 2041 τῶν
1603 1990 1765 2042 αὐτοῦ

189 2068 546 2137 θεραπόντων
568 2077 632 2125 τὰ
650 2076 879 2128 τοιαῦτα
911 2076 1412 2145 θαυματουργοῦντι
1442 2078 1581 2151 Θεῷ.

252 2163 377 2216 PE'.
422 2164 607 2228 Οὕτως
654 2166 830 2236 ἔχοντι
878 2169 1013 2238 πρὸς
1052 2169 1141 2220 τὸν
1176 2169 1310 2221 Θεὸν
1346 2172 1659 2243 παρρησίας
1690 2172 1766 2243 τῷ

184 2252 468 2323 Εὐθυμίῳ,
511 2256 605 2308 καὶ
649 2257 917 2327 τοσαότην
955 2258 1159 2312 ἄνωθεν
1200 2261 1628 2333 ὲπισπασαμένῳ
1668 2268 1766 2335 τὴν

184 2345 347 2412 γάριν
374 2346 468 2397 τοῦ
496 2347 831 2416 Πνεύματος,
858 2349 977 2403 οὐδὲ
999 2352 1097 2419 τῆς
1130 2353 1312 2422 κοινῆς
1341 2354 1489 2424 αὐτῷ
1513 2357 1765 2428 τελευῖῆς

180 2436 207 2484 ὁ
234 2437 432 2503 καιρὸς
465 2438 776 2507 ἀπεκρὺϐη,
803 2441 922 2493 οὐδὲ
952 2442 1053 2495 ὅσα
1082 2442 1221 2495 κατά
1246 2445 1343 2513 τὴν
1368 2446 1529 2499 αὑτοῦ
1557 2447 1763 2521 λαύραν

182 2526 511 2595 συμϐαίνειν
545 2529 800 2599 ἔμελλεν·
838 2532 913 2595 ὠς
952 2536 1001 2585 oi
1039 2534 1171 2587 θεῖοι
1200 2537 1442 2608 Πατέρες
1482 2532 1629 2593 οὗτοι
1670 2546 1761 2596 καὶ

184 2622 313 2687 περὶ
348 2622 531 2672 αὐτῶν
562 2624 689 2690 ἐμοὶ
720 2624 1071 2694 διηγήσαντο.
1104 2630 1240 2681 Φασὶ
1274 2632 1383 2700 γάρ
1415 2634 1607 2704 ὀγδόην
1637 2638 1756 2691 τότε

185 2710 322 2775 μετὰ
346 2713 415 2764 τά
449 2714 601 2779 ιρῶτα
634 2717 869 2786 ἡμέραν,
893 2720 1099 2789 καθ’ἥν
1126 2722 1273 2793 αὐτῷ
1312 2726 1540 2795 σύνηθες
1574 2725 1639 2798 ἦν
1668 2731 1758 2782 ἐπὶ

182 2802 279 2870 τήν
322 2804 610 2875 ἐνδοτέραν
655 2808 913 2878 ἀπαίρειν
961 2812 1190 2882 ἔρημον,
1242 2817 1596 2888 συνήλθομεν,
1647 2822 1758 2873 οἵτε

184 2896 511 2963 προπέμψαι
547 2898 852 2968 μέλλοντες,
882 2905 976 2956 καὶ
1003 2907 1116 2958 ὅσοι
1144 2910 1465 2978 κοινωνῆσαι
1493 2912 1553 2963 τὸ
1582 2915 1759 2983 παρά-

188 3000 292 3034 παν
330 2985 484 3058 αὐτῷ
525 2989 625 3057 τῆς
671 2992 977 3065 ἀποδημίας
1022 2996 1334 3063 ἠϐούλοντο.
1378 3000 1465 3051 Ἐν
1504 2997 1583 3063 οἷς
1612 3015 1650 3042 ω
1692 3006 1757 3058 ειν

180 3069 321 3145 ἦσαν
344 3081 391 3132 οἱ
422 3086 548 3151 περὶ
577 3087 891 3157 Μαρτὺριον
916 3092 1007 3140 καὶ
1036 3090 1242 3146 Ἠλίαν.
1276 3095 1489 3164 Ἐπειδὴ
1520 3098 1575 3149 δὲ
1605 3097 1755 3149 οὐδὲν

182 3171 458 3238 εὶπρεπὲς
480 3183 505 3210 α
535 3172 714 3245 εὗρον,
743 3180 892 3232 οὐδὲν
920 3181 1154 3251 ἕτοιμον,
1178 3184 1297 3238 οὐδὲ
1328 3190 1601 3259 προσῆκον
1626 3192 1754 3243 άνα-
1784 3222 1827 3283 C

180 3266 444 3333 χωρήσει,
478 3268 591 3319 ἀλλ’
617 3272 1001 3341 ἀπαράσκευον
1033 3276 1169 3339 ὅλως
1200 3278 1288 3330 τὸν
1322 3280 1492 3350 ἄνδρα
1526 3283 1755 3335 κατέλα-

180 3353 210 3402 6
226 3371 293 3414 ⁴ν,
318 3357 683 3412 ἐπυνθάνοντο
701 3364 747 3413 εί
772 3363 845 3433 μὴ
865 3364 1052 3435 αὔριον
1070 3373 1092 3401 ο
1107 3367 1345 3422 ἀπιέναι.
1364 3371 1421 3424 Ὀ
1456 3372 1510 3424 δὲ
1548 3373 1754 3438 Πᾶσαν,

179 3444 307 3512 ἔφη,
328 3446 429 3515 τήν
448 3449 715 3519 ἑϐδομάδα
756 3456 1049 3526 συνέσομαι
1078 3459 1207 3529 ὑμῖν
1237 3462 1295 3513 ἐν
1325 3466 1389 3531 τῇ
1423 3462 1624 3533 λαύρα,
1662 3466 1755 3518 καὶ

180 3538 270 3589 τοῦ
288 3540 567 3593 Σαϐϐάτου
589 3544 769 3611 μέσων
794 3550 1021 3615 νυκτῶν,
1040 3552 1133 3619 ἀφ’
1154 3553 1307 3620 ὑμῶν
1322 3556 1702 3626 χωρισθήσομα
1716 3576 1749 3610 ι.

178 3626 350 3680 Τοῦτο
383 3631 440 3682 δὲ
471 3629 590 3685 εἷπε
611 3675 625 3699 ,
658 3638 955 3705 τηνικαῦτα
986 3641 1241 3711 τελευτᾷν
1266 3654 1291 3692 Ρ
1340 3646 1749 3714 προσημαίνων.

248 3722 389 3787 Ρςι
435 3722 600 3795 Τρίτῃ
639 3727 769 3794 γοῦν
808 3730 867 3781 τὸ
904 3730 1042 3798 μετά
1073 3733 1247 3787 ταῦτα
1282 3737 1495 3806 ἡμέρᾳ,
1532 3741 1623 3791 καὶ
1656 3740 1752 3808 τῆς

190 3810 481 3865 Ἀντωνίου
524 3815 625 3883 ἤδη
666 3816 758 3868 τοῦ
800 3818 943 3873 θείου
988 3823 1179 3893 ἑορτῆς
1222 3825 1749 3897 ἐπιστάσηςηάγρυ-

178 3904 337 3954 πνέαν
362 3906 449 3956 διὰ
476 3909 655 3977 πάσης
677 3910 773 3976 τῆς
796 3914 986 3976 νυκτὸς
1010 3915 1067 3966 ὲν
1087 3916 1163 3985 τῷ
1183 3916 1293 3986 ναῷ
1321 3922 1746 3989 παραγγέλλειν.

178 3997 289 4046 Καὶ
320 3996 425 4048 τῶν
454 4002 783 4070 νυκτερινῶν
815 4003 999 4073 ὕμνων
1029 4008 1214 4072 αὐτοῖς
1250 4012 1476 4064 ἐκείνων
1505 4014 1748 4066 συντελε-

177 4087 437 4152 σθέντων,
479 4092 603 4154 τοὺς
652 4095 1055 4168 πρεσϐυτέρους
1104 4102 1160 4153 ὲν
1198 4101 1273 4171 τῷ
1314 4102 1607 4172 διακονικῴ
1653 4122 1747 4157 κα-

174 4178 424 4250 λουμένῳ
454 4184 819 4251 παραλαϐὼν,
855 4190 1078 4255 Οὐκέτι,
1113 4193 1307 4260 φησὶν,
1340 4194 1558 4262 ἀδελφοὶ
1579 4237 1592 4258 ,
1629 4197 1744 4263 μεθ’

175 4270 331 4337 ὑμῶν
365 4272 673 4338 ἀγρυπνίαν
702 4275 1012 4332 διατελέσω.
1048 4282 1219 4335 Καλεί
1254 4284 1363 4353 γάρ
1403 4303 1470 4353 με
1505 4287 1603 4355 ἤδη
1639 4289 1747 4341 ἀπὸ

172 4359 274 4424 τῆς
311 4362 591 4432 παρούσης
627 4365 770 4436 ζωῆς
802 4369 830 4419 ὁ
860 4369 1012 4433 Θεός.
1052 4372 1210 4426 Ἀλλά
1244 4374 1337 4427 νῦν
1375 4377 1471 4441 μὲν
1502 4378 1743 4443 ἐξελθόν-

170 4470 263 4515 τες
287 4494 300 4517 ,
336 4456 603 4512 καλέσατὲ
636 4477 725 4529 μοι
756 4464 1078 4533 Δομετιανόν
1098 4480 1111 4493 ·
1151 4465 1316 4517 ἕωθεν
1346 4466 1401 4519 δὲ
1432 4470 1538 4519 τῶν
1573 4470 1743 4522 Πατέ-

1878 1980 2119 2050 depulsa,
2152 1989 2354 2054 gratias
2395 1992 2477 2059 egi
2512 1992 2621 2047 Deo
2653 2000 2741 2065 qui
2775 2012 2970 2067 przetcr
2996 1980 3303 2073 opinionem
3346 2028 3443 2082 per

1878 2087 2063 2129 servos
2091 2093 2219 2133 suos
2253 2081 2379 2135 talia
2410 2084 2519 2138 edit
2545 2087 2825 2147 miracula.

1946 2164 2054 2219 CV.
2091 2168 2223 2222 Cum
2263 2171 2401 2226 hanc
2426 2175 2650 2231 haberet
2683 2185 2819 2249 apud
2852 2183 3017 2241 Deum
3061 2190 3306 2248 fiduciam
3331 2196 3442 2251 Eis-

1880 2258 2113 2329 tliytnius
2159 2270 2469 2334 tantamque
2518 2269 2751 2337 Spiritus
2792 2279 3020 2341 gratiam
3067 2296 3301 2351 superne
3353 2298 3439 2341 at-

1876 2351 2145 2418 traxisset,
2192 2369 2258 2410 ne
2287 2361 2589 2414 communis
2631 2364 2847 2431 quidem
2902 2364 3093 2429 mortis
3225 2374 3437 2448 tempus

1872 2452 1955 2493 est
1977 2444 2372 2512 absconditum,
2405 2465 2503 2504 nec
2532 2468 2864 2525 quaecunque
2909 2474 3164 2519 eventura
3196 2482 3351 2525 erant
3383 2474 3434 2525 in

1871 2531 1991 2599 ejus
2020 2533 2199 2600 laura;
2239 2539 2381 2593 sicut
2407 2543 2569 2598 divini
2598 2548 2651 2600 hi
2682 2549 2875 2606 Patres
2905 2556 2970 2607 de
2994 2556 3060 2611 iis
3092 2559 3220 2614 mihi
3250 2578 3441 2618 narra-

1870 2637 2084 2679 vernnt.
2109 2627 2486 2701 Aiuntquippe
2508 2640 2645 2704 quod
2670 2652 2860 2696 octavo
2886 2646 2994 2712 (5‘5)
3023 2658 3149 2705 tunc
3180 2654 3267 2708 die
3316 2659 3437 2722 post

1869 2713 2069 2767 festum
2128 2719 2409 2788 luminum,
2469 2731 2686 2796 quando
2751 2735 2959 2791 solebat
3004 2740 3069 2792 ad
3121 2740 3433 2800 interiorem

1872 2809 2141 2874 proﬁcisci
2180 2816 2546 2884 solitudinem,
2595 2828 2966 2892 convenimus,
3004 2840 3114 2885 tum
3155 2836 3247 2903 qui
3281 2849 3437 2893 erant

1867 2903 2169 2970 deducutri,
2187 2919 2294 2960 tum
2321 2912 2627 2982 quicunque
2651 2918 2768 2985 ejus
2787 2925 3230 2991 peregrinationis
3254 2934 3432 2986 omni-

1868 3008 1936 3046 no
1983 2996 2231 3051 volebant
2273 3016 2396 3057 esse
2437 3006 2604 3073 socii;
2654 3025 2791 3078 quos
2835 3015 2974 3069 inter
3013 3027 3171 3073 erant
3229 3020 3434 3095 Marty-

1866 3085 1977 3138 rius
2020 3098 2073 3141 et
2113 3090 2270 3144 Elias.
2308 3092 2573 3157 Quoniam
2601 3114 2728 3154 vero
2766 3105 2899 3158 nihil
2931 3121 3177 3175 paratum
3210 3113 3433 3170 invene-

1868 3189 2012 3241 runt,
2049 3179 2177 3232 nihil
2210 3194 2534 3251 promptum,
2570 3203 2667 3243 nec
2694 3196 2930 3248 secessui
2956 3201 3305 3266 conveniens,
3338 3207 3432 3260 sed

1866 3270 2035 3324 virum
2076 3271 2410 3328 offenderunt
2444 3276 2599 3344 plane
2632 3282 2977 3351 imparatum,
3006 3291 3267 3347 sciscitati
3300 3306 3432 3349 sunt

1860 3378 1925 3416 an
1970 3379 2073 3416 non
2106 3376 2245 3419 esset
2270 3382 2391 3422 cras
2420 3370 2687 3430 abiturus.
2720 3376 2808 3432 Ille
2843 3393 2968 3434 vero
2998 3396 3011 3433 :
3044 3380 3200 3448 Tota,
3229 3384 3425 3455 inquit,

1860 3453 2195 3510 hebdomade
2228 3474 2321 3514 ero
2366 3463 2639 3519 vobiscum
2673 3469 2723 3521 in
2758 3469 2927 3537 laura,
2970 3483 3026 3527 et
3056 3474 3280 3531 Sabbati
3320 3494 3429 3533 me-

1860 3547 1944 3599 dia
2006 3560 2181 3613 nocte,
2234 3568 2262 3605 a
2315 3556 2466 3609 vobis
2504 3562 2819 3628 separabor.
2880 3565 2990 3620 lloc
3037 3577 3219 3624 autem
3267 3572 3423 3636 dixit,

1860 3640 2278 3709 pra-significans
2318 3661 2376 3700 se
2414 3659 2538 3704 tunc
2567 3666 2685 3706 esse
2718 3656 3063 3713 moriturum.

1924 3730 2057 3785 CVI.
2122 3735 2304 3805 itaque
2356 3742 2513 3795 tertio
2559 3754 2679 3809 post
2720 3746 2834 3801 hinc
2890 3750 2995 3813 die,
3047 3752 3158 3821 jam
3216 3758 3422 3811 adven-

1858 3829 2004 3877 tante
2051 3825 2216 3878 divini
2262 3829 2478 3883 Antonii
2516 3830 2673 3898 festo,
2714 3841 2968 3905 prtecepit
3006 3850 3063 3894 ut
3115 3858 3210 3912 per
3253 3855 3418 3902 totam

1858 3924 2071 3968 noctem
2126 3917 2409 3987 vigilarent
2478 3922 2529 3975 in
2581 3926 2798 3994 templo.
2856 3929 2923 3983 Et
2980 3938 3261 3993 nocturnis
3316 3939 3421 3996 illis

1854 4010 2065 4076 hymnis
2096 4026 2193 4079 per
2217 4026 2309 4066 eos
2332 4016 2583 4080 peractis,
2616 4032 2739 4073 cum
2770 4026 3154 4092 assumpsisset
3184 4036 3414 4103 presby-

1854 4111 1997 4150 teros
2034 4100 2083 4151 in
2121 4114 2185 4154 eo
2210 4103 2349 4169 quod
2378 4104 2720 4160 diaconicum
2768 4112 3074 4178 appellatur
3102 4131 3114 4165 :
3156 4115 3269 4178 Non
3297 4100 3419 4173 am—

1854 4188 2013 4256 plius,
2064 4190 2258 4259 inquit,
2303 4193 2523 4270 fratres,
2578 4200 2858 4254 vobiscum
2897 4200 3111 4273 vigilias
3141 4217 3411 4283 peragam.

1855 4279 1933 4335 Me
1967 4281 2108 4335 enim
2140 4281 2248 4349 jam
2281 4295 2431 4337 vocat
2458 4287 2598 4340 Dens
2632 4304 2659 4341 a
2690 4290 2794 4343 vita
2828 4297 3102 4360 prresenti.
3136 4280 3241 4352 Sed
3273 4279 3413 4355 nunc

1849 4374 2065 4441 quidem
2097 4376 2324 4442 egressi,
2351 4378 2614 4433 arcessite
2640 4381 2769 4434 mihi
2804 4385 3164 4455 Domitianum
3204 4407 3217 4442 :
3252 4408 3411 4449 mane

1849 4475 2026 4516 autem
2070 4474 2212 4518 totus
2250 4464 2471 4519 Patrum
2510 4480 2684 4524 coetus
2729 4476 3036 4532 conveniat.
3076 4478 3247 4533 Simul
3286 4497 3414 4552 ergo

173 4562 285 4610 ρων
325 4548 473 4600 άπαν
506 4550 567 4601 τὺ
605 4552 853 4622 σύστημα
893 4554 1211 4608 συνελθέτω.
1236 4557 1387 4627 ’Ἅμα
1428 4559 1557 4625 γοῦν
1599 4561 1741 4629 πρωῒ

1866 4556 2030 4608 :uncti
2071 4573 2227 4611 mane
2265 4558 2331 4611 ad
2364 4575 2485 4612 eum
2526 4561 2766 4617 studiose
2809 4566 3204 4625 confluxerunt.
3238 4574 3413 4643 Atque

172 4636 462 4705 συνέρρεον
500 4640 635 4706 μετὰ
681 4642 914 4712 σπουδῆς
955 4644 1189 4709 ἅπαντες
1235 4649 1371 4717 πρὸς
1415 4649 1597 4701 αὐτόν.
1632 4651 1741 4701 Καὶ

172 4731 369 4796 μικρὸν
399 4732 658 4801 ἐπισχὼν,
692 4733 893 4803 ἤρξατο
924 4736 1058 4805 πρὸς
1092 4740 1289 4802 αὐτοὺς
1319 4740 1479 4807 λόγου
1508 4742 1735 4793 τοιοῦδε·

237 4822 355 4874 PZ'.
376 4823 618 4893 Πατέρες
642 4828 786 4895 ἐμοὶ,
804 4827 1125 4897 καὶάδελφοὶ
1147 4832 1422 4900 ἀγαπητοὶ
1440 4834 1497 4884 ὲν
1521 4834 1731 4901 Κυρίῳ,

168 4912 259 4961 καὶ
291 4912 459 4967 τέκνα
482 4932 495 4945 ο
541 4917 651 4984 ἐγὼ
687 4918 783 4985 μὲν
816 4921 1117 4990 πορεύομαι
1159 4922 1258 4992 ἤδη
1290 4924 1388 4991 τὴν
1423 4924 1733 4976 τελευταίαν

166 5001 282 5053 ὁδὸν
317 5004 424 5054 τῶν
460 5007 712 5077 πατέρων
747 5027 867 5079 μου.
908 5010 1083 5079 ’Υμᾶς
1126 5012 1181 5062 δὲ
1222 5011 1327 5081 χρὴ
1361 5013 1420 5064 τὸ
1461 5013 1596 5082 πρὸς
1634 5013 1735 5080 ἐμὲ

168 5092 412 5162 φίλτρον,
441 5096 526 5149 διά
552 5097 649 5167 τῆς
676 5100 779 5151 τῶν
806 5101 1032 5153 ἐντολῶν
1058 5102 1221 5153 τεῖινδε
1254 5102 1497 5171 φυλακῆς
1528 5102 1733 5154 ἐπιδεί-

168 5183 381 5246 ξασθαι.
413 5182 512 5241 ’Ὧν
558 5193 981 5262 προηγουμένως
1027 5194 1174 5245 ἐστὶν
1219 5194 1250 5261 ἡ
1296 5193 1504 5262 ἀγάπη,
1551 5192 1735 5245 σύνδεο

170 5294 301 5345 sim;
342 5278 480 5335 οὖσα
510 5286 610 5353 τῆς
644 5286 751 5339 τῶν
787 5285 995 5355 ἀρετῶν
1033 5285 1389 5354 τελειότητος.
1412 5286 1587 5355 Ὅπερ
1626 5285 1733 5354 γὰρ

238 5380 281 5408 ³³
311 5379 518 5433 Coloss.
545 5395 629 5443 ιιι,
669 5380 753 5433 Η.

1849 4647 1936 4699 ubi
1969 4662 2026 4701 se
2059 4664 2248 4717 parum
2285 4652 2572 4717 cominnit,
2608 4657 2772 4718 coepit
2811 4656 2951 4711 hunc
2990 4661 3056 4714 ad
3088 4677 3180 4718 eos
3212 4664 3411 4720 habere

1843 4752 2148 4793 sermonem
2188 4757 2200 4792 Σ

1914 4828 2073 4883 CVII.
2120 4831 2304 4884 Patres
2335 4834 2435 4885 mei
2467 4844 2522 4887 et
2551 4833 2746 4890 fratres
2777 4838 2957 4894 dilecti
2987 4840 3041 4896 iu
3078 4842 3324 4909 Domino,
3357 4858 3411 4901 et

1845 4918 1935 4971 lilii
1964 4936 1979 4984 ;
2005 4934 2103 4987 ego
2128 4921 2343 4987 quidem
2370 4922 2481 4990 jam
2508 4936 2831 4992 postremam
2862 4932 3001 4984 viam
3031 4948 3270 4988 meorum
3302 4936 3408 4990 Pa-

1842 5019 1981 5063 trum
2030 5013 2321 5077 ingrcdior.
2356 5013 2462 5068 Vos
2505 5027 2682 5070 autem
2717 5030 2927 5088 oportet
2961 5033 3198 5078 vestrum
3230 5027 3280 5078 in
3323 5043 3408 5081 mo

1842 5117 2079 5156 amorem
2142 5120 2233 5171 per
2285 5105 2476 5159 borum
2534 5122 2927 5178 praceptorum
2971 5115 3402 5171 observationem

1839 5198 2147 5252 ostendere.
2198 5196 2341 5250 lnter
2386 5214 2505 5265 quin
2547 5201 2814 5269 praecipue
2856 5214 2939 5257 est
2982 5205 3240 5274 charitas,
3285 5225 3403 5276 qure

1841 5286 2108 5340 vinculum
2168 5298 2251 5342 est
2303 5290 2560 5343 virtutum
2613 5292 3037 5361 perfectionis“.
3081 5296 3213 5350 Nam
3264 5302 3404 5368 quod

1432 5449 1668 5504 VARIAS
1694 5447 2093 5504 LECTIONES.

237 5546 257 5581 ι
286 5544 356 5595 al.
394 5542 903 5612 παραμυθώμενος.

166 5615 187 5641 ⁹
221 5629 288 5666 an
315 5615 484 5667 inser.
514 5615 700 5682 μέλλῃ.
777 5624 803 5662 ιτ
831 5614 900 5666 al.
935 5617 1031 5683 τὴν
1052 5614 1329 5684 τελευτήν.

1013 5542 1028 5579 ι
1072 5544 1140 5597 al.
1190 5543 1302 5595 τοῦ.
1330 5544 1644 5612 συνέχοντος
1688 5545 1871 5612 δίψους
1929 5549 2255 5610 ἀνενεγκων.

1406 5625 1432 5663 ς
1465 5616 1533 5666 al.
1559 5616 1951 5683 παραγγείλας.

2362 5558 2397 5576 ¹“
2434 5549 2588 5602 abest
2640 5548 2707 5601 ab
2750 5550 2819 5601 al.
2925 5551 3048 5603 nal.
3110 5551 3401 5623 εὐπρεπές.

1357 5708 1549 5765 JOA‘N.
1590 5709 1929 5765 BOLLANDI
1966 5710 2199 5769 ΝΟΤᾸΞ.

232 5801 343 5867 (55)
368 5800 629 5853 Octavam
662 5798 1131 5869 Theophaniornm
1164 5816 1191 5853 a
1216 5801 1418 5855 Griecis
1473 5803 1732 5883 coit-brari

170 5871 229 5923 li
256 5870 521 5935 Januarii,
553 5873 788 5926 diximus
816 5888 1000 5941 supra;
1024 5887 1183 5941 quam
1218 5875 1662 5929 consuetudiumn
1694 5890 1721 5927 a

1846 5802 1996 5873 Syris
2059 5809 2223 5859 etiam
2291 5807 2478 5889 fuisse“
2516 5810 2857 5889 observatam
2909 5807 3402 5889 ltincnctilligitiitts,

1836 5878 1975 5944 quod
2012 5879 2169 5931 tertio
2202 5878 2269 5931 ab
2302 5879 2401 5931 hoc
2433 5878 2517 5930 die
2550 5878 2711 5931 fuerit
2744 5876 3008 5934 festivitas
3053 5878 3109 5932 S.
3160 5878 3399 5931 Antonii.
