4104 6486
170 420 272 489 685

1429 429 1600 486 VIT.\
1646 427 1703 485 S.
1746 429 1991 489 EU'I‘III
2010 434 2057 489 Μ
2076 434 2087 487 I
2109 434 2147 491 l.

3312 451 3418 513 686

168 538 196 603 ἡ
220 554 368 602 ιΞ;.υ·ι
390 536 477 584 ἰπὶ
494 534 624 585 πολὺ
645 534 736 584 καὶ
756 533 922 601 ξηρὰν
940 535 1028 585 καὶ
1048 535 1185 604 άτεχ
1201 534 1278 595 ιὼς
1299 535 1549 603 ἄνυδρον.
1573 536 1723 599 "Em

1855 545 1983 600 lem,
2040 541 2346 606 siccamque
2393 555 2444 595 (ιι
2488 549 2709 601 omnino
2754 566 2903 617 aqua:
2948 566 3241 619 expertem.
3310 562 3418 628 ligo

166 642 225 693 γε
264 621 360 676 οὖν
394 622 671 694 ἀσυνήθης
704 624 780 675 ὧν
816 625 1128 677 παντάπασι
1164 625 1271 676 τῶν
1307 627 1365 677 ἐν
1402 627 1591 697 ἐρήμῳ
1627 627 1741 679 δια-

162 714 398 784 τριϐῶν,
426 715 569 785 δίψει
596 732 656 767 τε
692 714 971 785 συσχεθεὶς
1004 716 1347 787 σφοδροτάτῳ
1371 757 1385 779 ,
1418 717 1743 789 λειποψυχία

161 831 217 865 τε
255 814 606 881 συνειχόμην,
643 812 735 865 καὶ
773 811 895 864 οὐδὲ
931 812 1057 873 τοὺς
1098 810 1262 875 πόδας
1299 808 1445 883 εἶχον
1482 813 1562 867 ἔτι
1607 815 1742 884 προς

159 904 257 956 τὶν.
293 903 521 974 πορείαν
551 902 885 971 δυναμένους
928 902 1253 972 ὑπηρετεῖν.
1286 904 1648 975 Ἐπιστρέψας
1685 905 1741 959 δέ

161 1012 320 1064 ’,τησιν
350 997 381 1046 ὁ
418 996 591 1063 μέγας
625 994 922 1061 Εὑθύμιος,
958 998 1052 1048 καὶ
1081 994 1253 1058 οὕτως
1288 996 1603 1050 ἐκλείποντα
1639 998 1740 1068 ἤδη

162 1088 250 1139 καὶ
280 1089 625 1157 ἀπειρηκότα
644 1104 718 1156 με
749 1089 1106 1157 θεασάμενος,
1134 1087 1304 1140 ἔπαθε
1328 1088 1425 1157 τὴν
1450 1088 1626 1161 ψυχὴν
1654 1092 1738 1143 ἐπ’

161 1180 279 1245 ἐμοί
302 1195 315 1208 ·
345 1181 439 1231 καὶ
474 1179 667 1249 μικρὸν
688 1181 780 1249 ἀφ’
800 1180 957 1249 ἡμῶν
976 1180 1220 1245 διαστὰς,
1247 1182 1340 1233 καὶ
1366 1184 1434 1252 τῇ
1467 1185 1535 1253 γῇ
1568 1200 1737 1253 προσ-

162 1272 481 1324 καταϐαλὼν
508 1272 729 1335 ἑαυτὸν,
754 1271 986 1342 ηὔχετο,
1011 1273 1215 1341 Κύριε,
1245 1273 1451 1340 λέγων,
1481 1275 1568 1337 δὸς
1596 1275 1735 1347 ὕδωρ

159 1361 211 1410 ἐν
240 1364 311 1430 γῇ
342 1360 577 1432 διψώσῃ,
606 1363 704 1432 τὴν
732 1362 826 1415 τοῦ
854 1364 1086 1431 ἀδελφοῦ
1115 1364 1275 1434 δίψαν
1305 1368 1737 1436 παραμυθούμε-

160 1466 241 1501 νον
263 1451 309 1503 κ.
351 1454 462 1505 Καὶ
498 1456 635 1521 μετα
666 1452 765 1522 τὴν
798 1451 963 1523 εὐχὴν
995 1454 1265 1517 ἀναστὰς,
1302 1455 1734 1525 ἐπιλαμϐάνεται

158 1540 248 1592 τοῦ
282 1544 569 1611 σκαφείου,
598 1536 641 1611 ᾧ
670 1545 767 1606 τὰς
792 1544 900 1597 τῶν
929 1543 1167 1612 βοτανῶν
1193 1545 1551 1614 ἐκτέμνοντες
1579 1549 1734 1617 ῥίζας

157 1636 359 1704 τροφὴν
388 1638 739 1705 ἐποιούμεθα,
766 1639 859 1690 καὶ
884 1640 1072 1692 κόπτει
1105 1640 1277 1709 βραχῦ
1305 1642 1365 1694 τὸ
1393 1641 1611 1707 ἔδαφος,
1640 1644 1733 1694 καὶ

159 1726 315 1787 εὐθὺς
355 1728 501 1798 ὕδωρ
534 1730 642 1781 ἀπὸ
670 1729 768 1799 τῆς
804 1731 907 1799 γῆς
944 1731 1269 1786 ἀναδίδοται.
1302 1728 1437 1786 Εἶτα
1474 1732 1629 1785 καλεῖ
1665 1751 1730 1803 με

158 1815 287 1885 πρὸς
317 1817 536 1884 ἑαυτὸν,
564 1822 657 1873 καὶ
682 1821 1024 1873 ὑποδείκνυσι
1049 1822 1108 1874 τὸ
1136 1821 1300 1893 ὕδωρ,
1326 1824 1419 1875 καὶ
1448 1826 1589 1876 πιεῖν
1614 1827 1730 1876 ἐπι-

1851 628 2031 698 itaquc
2064 632 2150 698 qni
2180 633 2337 699 plane
2372 650 2518 689 cram
2554 640 2856 696 inassuetns
2899 648 3416 705 commoratiouihus

1848 722 1898 774 iu
1955 723 2189 789 deserto,
2236 727 2709 784 vehementissima
2772 735 2861 787 siti
2918 750 3222 805 correptus,
3284 743 3415 797 deli-

1848 814 2034 884 quium
2077 818 2241 871 animi
2284 820 2550 888 patiebar,
2583 831 2635 876 et
2669 839 2766 880 nec
2796 828 2956 893 pedes
2997 830 3259 886 habebam
3302 850 3414 889 am-

1845 906 1988 975 plius
2019 909 2082 962 ad
2115 910 2323 966 itineris
2366 914 2887 973 administrationem
2922 922 3147 978 validos.
3171 924 3414 982 Convero

1844 1010 1935 1050 sus
1960 1013 2107 1060 vero,
2140 999 2330 1068 inquit,
2360 1018 2584 1074 magnus
2611 1007 2955 1079 Euthymius,
2994 1026 3182 1081 meque
3204 1018 3283 1072 sic
3302 1017 3413 1086 jam

1844 1088 2184 1144 deiicientem
2229 1102 2282 1147 et
2324 1092 2551 1150 fraetum
2590 1098 2836 1164 intuitus,
2875 1117 2992 1157 mea
3023 1119 3184 1160 causa
3230 1110 3412 1166 animo

1842 1192 2147 1239 comm0tus
2197 1197 2327 1267 est;
2371 1206 2603 1261 cumque
2644 1209 2701 1248 se
2736 1196 3008 1263 paululum
3047 1215 3075 1254 a
3119 1203 3274 1258 nobis
3322 1221 3409 1260 se-

1836 1274 2122 1344 junxisset,
2171 1290 2225 1335 et
2262 1282 2329 1336 ad
2374 1291 2575 1339 terram
2622 1290 3023 1354 prostravisset,
3070 1296 3284 1360 orabat,
3322 1299 3407 1353 di—

1842 1382 1969 1424 cens
2001 1386 2015 1422 :
2051 1372 2294 1438 Domine,
2328 1374 2393 1429 da
2430 1390 2625 1444 aquam
2655 1378 2707 1431 in
2744 1387 2886 1433 terra
2922 1384 3144 1450 sitienti,
3171 1389 3237 1442 ad
3266 1389 3410 1443 sola-

1841 1458 1971 1511 tium
2027 1458 2356 1516 aﬂ'erendum
2398 1464 2584 1521 fratris
2628 1467 2739 1523 siti.
2772 1468 2839 1523 Et.
2883 1483 3003 1541 post
3050 1489 3242 1543 preces
3282 1495 3406 1533 sur-

1838 1563 1991 1618 gens,
2026 1554 2383 1619 apprehendit
2426 1555 2684 1625 ligonem,
2719 1575 2827 1630 quo
2867 1565 3074 1621 radices
3117 1567 3405 1624 herbarum

1837 1640 2288 1698 exseindebamus
2355 1646 2421 1699 ad
2488 1650 2784 1717 parandum
2851 1654 3007 1709 nobis
3084 1658 3295 1723 cibum,
3354 1674 3411 1715 et

1835 1725 2008 1779 solum
2032 1744 2221 1797 parum
2248 1733 2462 1799 scindit,
2505 1738 2797 1805 statimque
2826 1756 2962 1810 aqua
2988 1759 3017 1798 e
3049 1756 3189 1801 terra
3222 1760 3406 1805 scatu-

1836 1818 1926 1870 rit.
1959 1818 2149 1875 Postea
2184 1832 2338 1878 vocat
2372 1840 2457 1880 me
2483 1828 2548 1881 ad
2577 1844 2654 1893 se,
2688 1835 2923 1886 ostendit
2961 1850 3179 1904 aquam,
3230 1852 3282 1897 et
3322 1845 3405 1897 bi~

156 1908 366 1975 τρέπει.
400 1912 546 1963 Πιὼν
572 1912 784 1978 τοίνυν,
815 1913 909 1966 καὶ
934 1912 995 1966 τὸ
1023 1913 1244 1981 συνέχον
1268 1914 1359 1966 τοῦ
1386 1914 1572 1983 δίψους
1596 1917 1723 1969 ἀπο-

1842 1909 1969 1962 bere
2004 1912 2287 1978 permittit.
2330 1913 2528 1971 Bibens
2568 1919 2751 1989 igitur,
2786 1933 2839 1977 et
2870 1925 2957 1979 siti
2986 1942 3103 1995 qurc
3130 1936 3410 1999 premebat

157 1999 327 2051 ϐαλὼν
356 1999 402 2067 ι,
436 2003 817 2072 ηὐχαρίστησα
848 2004 925 2074 τῷ
960 2004 1282 2074 παραδόξως
1313 2006 1404 2060 διὰ
1437 2006 1546 2060 τῶν
1565 2008 1726 2060 αὑτοῦ

160 2090 508 2159 θεραπόντων
530 2099 595 2146 τὰ
613 2096 841 2149 τοιαῦτα
873 2096 1374 2165 θαυματουργοῦντι
1404 2097 1543 2169 Θεῷ.

219 2186 339 2238 PE’.
384 2186 571 2249 Οὕτως
616 2187 792 2257 ἔχοντι
840 2189 974 2259 πρὸς
1014 2189 1103 2240 τὸν
1138 2190 1272 2241 Θεὸν
1309 2191 1621 2262 παρρησίας
1653 2190 1729 2262 τῷ

156 2274 432 2345 Εὐθυμίῳ,
474 2278 568 2329 καὶ
612 2277 879 2347 τοσαύτην
917 2279 1121 2333 ἄνωθεν
1162 2281 1591 2352 ὲπισπασαμένῳ
1630 2286 1729 2353 τὴν

158 2368 307 2435 γάριν
336 2368 432 2419 τοῦ
459 2368 794 2437 Πνεύματος,
821 2370 939 2424 οὐδὲ
962 2373 1059 2439 τῆς
1092 2372 1275 2442 κοινῆς
1304 2372 1451 2443 αὑτῷ
1475 2376 1728 2446 τελευτῆς

153 2459 177 2507 ὁ
201 2458 395 2525 καιρὸς
428 2460 739 2528 ἀπεκρύϐη,
766 2462 885 2513 οὐδὲ
915 2463 1016 2515 ὅσα
1045 2462 1183 2515 κατὰ
1209 2464 1306 2533 τὴν
1332 2465 1492 2517 αὑτοῦ
1520 2466 1726 2539 λαύραν

155 2549 474 2616 συμϐαίνειν
509 2551 763 2620 ἔμελλεν·
802 2553 877 2615 ὡς
915 2556 965 2605 οί
1003 2554 1135 2607 θεῖοι
1164 2556 1405 2627 Πατέρες
1446 2550 1593 2611 οὗτοι
1633 2563 1725 2613 καὶ

156 2644 276 2709 περὶ
309 2643 496 2693 αὐτῶν
528 2645 653 2711 ἐμοὶ
685 2645 1035 2715 διηγήσαντο.
1067 2650 1203 2700 Φασὶ
1238 2651 1347 2719 γὰρ
1378 2652 1571 2722 ὀγδόην
1600 2656 1720 2708 τότε

159 2732 285 2797 μετὰ
308 2735 377 2786 τά
412 2735 566 2800 φῶτα
598 2738 833 2807 ἡμέραν,
858 2740 1063 2809 καθ’ἥν
1090 2742 1238 2811 αὐτῷ
1276 2744 1504 2814 σύνηθες
1538 2743 1603 2817 ἦν
1632 2749 1722 2800 ἐπὶ

156 2824 242 2892 τὴν
284 2825 575 2897 ὲνδοτὲραν
619 2829 878 2898 ἀπαίρειν
926 2832 1154 2902 ἔρημον,
1206 2835 1561 2907 συνήλθομεν,
1612 2840 1722 2891 οἵτε

159 2917 475 2985 προπέμψαι
512 2919 817 2988 μέλλοντες,
847 2925 942 2976 καὶ
969 2927 1082 2977 ὅσοι
1109 2928 1429 2997 κοινωνῆσαι
1458 2930 1519 2981 τὸ
1547 2933 1724 3001 παρά-

162 3022 255 3056 παν
291 3007 448 3079 αὐτῷ
490 3010 590 3079 τῆς
636 3012 942 3085 ἀποδημίας
987 3015 1299 3083 ἠϐούλοντο.
1342 3018 1430 3069 Ἐν
1468 3015 1548 3081 οἷς
1577 3033 1615 3060 ω
1657 3023 1723 3075 ἂν

155 3091 282 3166 ἦσαν
304 3103 351 3154 οί
385 3107 515 3173 περὶ
543 3108 858 3177 Μαρτύριον
881 3112 974 3160 καὶ
1001 3110 1208 3164 Ἠλίαν.
1242 3113 1454 3183 Ἐπειδὴ
1486 3116 1540 3167 δὲ
1570 3115 1721 3167 οὐδὲν

157 3193 422 3260 εὖπρεπὲς
446 3204 472 3231 ιι
502 3192 680 3266 εὖρον,
710 3200 859 3252 οὐδὲν
886 3201 1121 3271 ἕτοιμον,
1145 3204 1263 3257 οὐδὲ
1294 3208 1567 3277 προσῆκον
1592 3210 1719 3261 άνα-

156 3288 407 3355 χωρήσει,
444 3289 557 3341 ἀλλ’
584 3292 967 3362 ἀπαράσκευον
999 3295 1135 3358 ὅλως
1166 3298 1255 3347 τὸν
1289 3298 1457 3369 ἄνδρα
1492 3301 1722 3353 κατέλα-

156 3375 255 3437 ϐιν,
280 3379 649 3433 ἐπυνθάνοντο
668 3385 715 3434 εί
738 3383 812 3453 μὴ
832 3384 1019 3455 αὔριον
1036 3386 1311 3440 οὰπιέναι.
1330 3389 1388 3442 Ὀ
1422 3390 1477 3442 δὲ
1515 3391 1720 3455 Πᾶσαν,

155 3466 269 3535 ἐστὶ,
289 3470 391 3537 τὴν
410 3470 680 3541 ἑϐδομάδα
722 3476 1015 3545 συνέσομαι
1045 3478 1174 3548 ὑμῖν
1204 3481 1261 3532 ἐν
1291 3483 1356 3550 τῇ
1389 3480 1590 3551 λαύρᾳ,
1629 3484 1723 3535 καὶ

157 3561 234 3612 τοῦ
252 3563 534 3616 Σαϐϐατου
556 3566 735 3633 μέσων
761 3569 987 3635 νυκτῶν,
1008 3572 1099 3639 ἀφ’
1121 3572 1274 3639 ὑμῶν
1289 3573 1717 3643 χωρισθησομαι.

157 3648 311 3703 Τοῦτο
344 3653 402 3705 δὲ
438 3651 592 3720 εἷπε,
625 3659 923 3726 τηνικαῦτα
953 3660 1208 3730 τελευτᾷν
1233 3673 1259 3711 P
1307 3664 1716 3733 προσημαίνων.

217 3745 349 3810 PG".
398 3745 568 3817 Τρίτῃ
607 3748 736 3816 γοῦν
776 3750 834 3801 τὸ
871 3750 1009 3819 μετὰ
1041 3752 1214 3807 ταῦτα
1250 3756 1462 3825 ἡμέρᾳ,
1500 3759 1591 3808 καί
1624 3758 1720 3825 τῆς

168 3831 449 3887 Ἀντωνίου
492 3836 593 3905 ἤδη
633 3837 725 3890 τοῦ
768 3839 910 3894 θείου
955 3843 1147 3913 ἑορτῆς
1190 3845 1717 3914 ἐπιστάσηςηάγρυ-

157 3927 298 3977 mira
322 3928 413 3979 διὰ
443 3930 622 3999 πάσης
645 3931 741 3997 τῆς
764 3934 953 3996 νυκτὸς
978 3935 1034 3987 ὲν
1054 3936 1130 4005 τῷ
1151 3936 1261 4005 ναῷ
1288 3939 1714 4007 παραγγέλλεις.

159 4018 255 4069 Καὶ
284 4020 387 4071 τῶν
418 4023 750 4092 νυκτερινῶν
782 4024 965 4093 ὓμνων
996 4028 1181 4091 αὐτοῖς
1218 4031 1444 4083 ἐκείνων
1472 4032 1717 4084 συντελε-

158 4110 399 4175 σθέντων,
444 4114 571 4176 τοὺς
621 4116 1023 4189 πρεσϐυτέρους
1072 4122 1129 4173 ὲν
1166 4121 1242 4189 τῷ
1284 4121 1575 4191 διακονικῷ
1622 4141 1716 4175 κα-

157 4200 386 4273 λουμένῳ
419 4205 787 4274 παραλαϐὼν,
823 4211 1046 4274 Οὐκέτι,
1082 4212 1276 4281 φησὶν,
1309 4214 1527 4281 ἁδελφοὶ
1548 4256 1561 4277 ,
1598 4214 1713 4282 μεθ’

158 4290 296 4358 ὑμῶν
327 4296 642 4361 ἀγρυπνίαν
670 4297 981 4353 διατελέσω.
1016 4302 1188 4355 Καλεῖ
1224 4304 1331 4373 γάρ
1372 4322 1439 4372 με
1474 4305 1572 4374 ἤδη
1608 4307 1716 4359 ἀπὸ

155 4382 243 4446 τῆς
275 4384 559 4454 παρούσης
595 4387 738 4458 ζωῆς
770 4390 799 4440 ὁ
829 4390 981 4454 Θεός.
1020 4392 1179 4445 Ἀλλά
1214 4393 1306 4447 νῦν
1344 4395 1441 4461 μὲν
1472 4396 1713 4462 ἐξελθόν-

155 4491 233 4537 τες
253 4517 266 4540 ,
300 4480 571 4534 καλέσατέ
605 4500 694 4550 μοι
724 4485 1047 4553 Δομετιανόν
1068 4500 1080 4514 °
1120 4485 1286 4537 ἕωθεν
1315 4486 1371 4538 δὲ
1401 4488 1508 4539 τῶν
1543 4489 1713 4540 Πατέ-

1840 1998 2081 2067 depulsa,
2114 2006 2315 2070 gratias
2357 2007 2439 2075 egi
2473 2008 2583 2063 Deo
2615 2014 2703 2079 qui
2736 2027 2931 2081 praeter
2958 1998 3266 2087 opinionem
3308 2041 3405 2094 per

1840 2104 2025 2147 servos
2053 2110 2181 2149 suos
2215 2097 2341 2151 talia
2372 2100 2481 2153 edit
2507 2103 2787 2162 miracula.

1908 2181 2016 2237 CV.
2054 2185 2185 2239 Cum
2225 2188 2363 2242 hanc
2388 2190 2611 2247 haberet
2645 2199 2781 2265 apud
2815 2198 2979 2255 Deum
3024 2204 3269 2261 ﬁduciam
3294 2208 3404 2263 Et:-

1843 2275 2076 2347 lhymius
2122 2286 2431 2350 tantamque
2480 2285 2712 2353 Spiritus
2755 2293 2983 2356 gratiam
3030 2310 3265 2371 superne
3317 2311 3402 2353 at.-

1840 2369 2109 2434 traxisset,
2155 2386 2220 2426 ne
2250 2376 2552 2429 communis
2593 2378 2810 2446 quidem
2864 2378 3056 2443 ‘n’tortil
3093 2382 3145 2451 ,ι
3189 2388 3400 2461 tempus

1836 2469 1919 2510 est
1941 2462 2335 2529 absconditum,
2368 2481 2466 2519 nec
2495 2483 2826 2539 quaecunque
2872 2488 3128 2532 eventura
3159 2494 3314 2537 erant
3346 2487 3397 2538 in

1835 2549 1955 2617 ejus
1983 2550 2163 2617 Iaura;
2203 2556 2343 2609 sicut
2370 2559 2533 2613 divini
2562 2562 2615 2615 hi
2645 2564 2837 2621 Patres
2868 2570 2933 2621 de
2959 2570 3023 2624 iis
3055 2572 3184 2627 mihi
3213 2591 3405 2630 narra-

1834 2653 2048 2695 vernnt.
2073 2644 2449 2717 Aiuntquippe
2472 2655 2607 2720 quod
2633 2667 2823 2711 octavo
2850 2661 2958 2726 (55)
2987 2672 3113 2718 tunc
3144 2667 3231 2721 die
3279 2672 3401 2735 post

1833 2730 2033 2785 festum
2092 2735 2374 2803 luminum,
2433 2746 2649 2811 quando
2714 2750 2923 2805 solebat
2968 2753 3033 2806 ad
3085 2754 3398 2812 interiorem

1836 2826 2105 2891 proﬁcisci
2145 2832 2510 2899 solitudinem,
2559 2843 2931 2905 convenimus,
2968 2854 3079 2899 tum
3119 2849 3211 2916 qui
3246 2861 3402 2905 erant

1832 2920 2134 2987 deducturi,
2152 2936 2258 2976 tum
2286 2927 2591 2997 quicunque
2616 2933 2732 2999 ejus
2752 2939 3194 3005 peregrinationis
3218 2947 3396 2998 omni-

1833 3025 1902 3063 no
1948 3013 2196 3068 volebant
2238 3032 2361 3073 esse
2402 3022 2569 3087 socii;
2619 3039 2755 3092 quos
2800 3030 2938 3082 inter
2978 3040 3135 3086 erant
3194 3033 3399 3107 Marty-

1832 3102 1942 3155 rius
1985 3114 2038 3157 et
2078 3106 2236 3161 Elias.
2273 3108 2537 3173 Quoniam
2566 3128 2693 3169 vero
2731 3119 2863 3172 nihil
2896 3134 3142 3189 paratum
3175 3126 3398 3183 invene-

1834 3206 1978 3258 runt,
2015 3195 2143 3249 nihil
2176 3210 2500 3267 promptum,
2536 3218 2632 3258 nec
2659 3210 2895 3263 secessui
2921 3214 3270 3280 conveniens,
3304 3219 3397 3273 sed

1832 3288 2001 3340 virum
2042 3287 2376 3343 oﬂenderunt
2410 3292 2565 3360 plane
2598 3297 2942 3366 imparatum,
2971 3304 3233 3360 sciscitati
3266 3319 3398 3362 sunt

1826 3394 1891 3432 an
1936 3395 2039 3433 non
2073 3392 2212 3435 esset
2236 3398 2358 3437 cras
2386 3385 2653 3445 abiturus.
2686 3390 2774 3446 Ille
2808 3408 2933 3448 vero
2964 3410 2976 3447 :
3010 3394 3166 3462 Tota,
3195 3398 3391 3469 inquit,

1828 3470 2162 3526 hebdomada
2194 3489 2287 3529 ero
2333 3479 2606 3533 vobiscum
2640 3482 2689 3535 in
2724 3483 2894 3551 Iaura,
2936 3497 2992 3541 et
3021 3488 3246 3545 Sabbati
3286 3507 3395 3547 me-

1827 3564 1911 3617 dia
1974 3576 2148 3630 nocte,
2201 3585 2229 3621 a
2282 3572 2433 3625 vobis
2471 3577 2786 3643 scparabor.
2847 3579 2957 3634 IIoc
3004 3591 3185 3637 autem
3233 3585 3389 3649 dixit,

1828 3656 2245 3725 prwsigniﬁcans
2285 3677 2343 3715 se
2382 3675 2505 3719 tunc
2534 3681 2652 3721 esse
2686 3671 3029 3727 moriturum.

1891 3747 2025 3802 CVI.
2090 3752 2272 3821 Itaque
2324 3758 2481 3810 tertio
2526 3768 2647 3825 post
2688 3761 2802 3816 haec
2857 3765 2963 3828 die,
3014 3766 3125 3835 jam
3184 3772 3389 3825 adven-

1826 3846 1973 3893 tante
2019 3841 2184 3895 divini
2229 3844 2446 3898 Antonii
2485 3846 2641 3913 iesto,
2682 3855 2936 3919 prazcepit
2974 3863 3031 3908 ut
3083 3872 3177 3926 per
3220 3868 3386 3915 totam

1826 3941 2039 3984 noctem
2095 3934 2377 4002 vigilarent
2446 3937 2497 3989 in
2549 3941 2766 4009 templo.
2824 3943 2891 3997 Et
2949 3952 3229 4005 nocturnis
3284 3952 3390 4009 illis

1822 4027 2033 4094 hymnis
2065 4042 2161 4095 per
2186 4042 2277 4082 eos
2301 4031 2552 4096 peractis,
2585 4048 2708 4087 cum
2739 4040 3121 4106 assumpsisset
3152 4048 3382 4117 presby-

1822 4128 1967 4168 teros
2002 4116 2051 4167 iu
2090 4130 2153 4170 eo
2178 4119 2318 4185 quod
2346 4120 2688 4175 diaconicutn
2737 4126 3041 4192 appellatur
3071 4144 3083 4179 :
3124 4128 3239 4192 Non
3267 4116 3388 4186 am-

1823 4206 1982 4274 plius,
2034 4207 2227 4275 inquit,
2272 4209 2491 4286 fratres,
2547 4214 2827 4269 vobiscum
2865 4214 3080 4287 vigilias
3110 4230 3381 4293 peragam.

1824 4296 1902 4352 Me
1937 4298 2078 4352 enim
2109 4298 2217 4366 jam
2250 4311 2401 4353 vocat
2426 4303 2567 4355 Deus
2600 4319 2628 4355 a
2659 4292 2765 4357 vita
2797 4311 3071 4375 praesenti.
3106 4309 3211 4365 Sed
3242 4292 3383 4367 nunc

1818 4391 2035 4459 quidem
2067 4391 2294 4459 egressi,
2322 4394 2584 4448 arcessite
2611 4395 2739 4449 mihi
2774 4400 3134 4468 Domitianum
3174 4420 3187 4455 ε
3223 4421 3382 4461 mane

1819 4492 1996 4534 autem
2041 4491 2182 4535 totus
2220 4480 2441 4535 Patrum
2480 4495 2654 4539 coetus
2700 4490 3006 4545 conveniat.
3046 4492 3217 4547 Simul
3256 4511 3384 4565 ergo

158 4583 253 4632 ρων
291 4572 439 4623 ἅπαν
473 4573 536 4623 τὸ
574 4574 823 4644 σύστημα
862 4574 1181 4628 συνελθέτω.
1205 4576 1357 4646 Ἅμα
1398 4578 1527 4645 γοῦν
1569 4580 1711 4648 πρωῒ

1831 4574 2001 4626 :uncli
2041 4590 2197 4628 mauc
2236 4574 2302 4627 ad
2334 4591 2455 4628 cum
2496 4576 2736 4632 studiose
2780 4581 3173 4638 conﬂuxerunt.
3208 4588 3383 4656 Atque

157 4659 427 4729 συνέρρεον
466 4663 604 4730 μετὰ
650 4664 883 4733 σπουδῆς
925 4666 1159 4729 ἅπαντες
1206 4668 1341 4737 πρὸς
1384 4668 1567 4720 αὐτόν.
1603 4670 1712 4720 Καὶ

159 4754 332 4818 μικρὸν
361 4754 627 4824 ἐπισχὼν,
662 4755 863 4825 ἤρξατο
893 4758 1028 4826 πρὸς
1062 4760 1259 4822 αὐτοὺς
1289 4760 1449 4827 λόγου
1478 4761 1706 4812 τοιοῦδε·

213 4844 321 4899 ΡΖ’.
339 4847 588 4917 Πατέρες
613 4850 757 4917 ἐμοὶ,
774 4848 866 4902 καὶ
880 4851 1095 4918 ἀδελφοὶ
1117 4853 1393 4920 ἀγαπητοὶ
1411 4854 1467 4904 ὲν
1492 4853 1702 4921 Κυρίῳ,

155 4934 233 4983 καὶ
261 4935 423 4990 τέκνα
447 4955 461 4968 ο
511 4939 622 5006 ἐγὼ
658 4940 755 5008 μὲν
787 4941 1087 5011 πορεύομαι
1130 4943 1229 5012 ἤδη
1260 4943 1359 5011 τὴν
1394 4944 1609 4995 τελευτι.
1623 4945 1705 4995 ίαν

155 5021 254 5074 ὁδὸν
285 5027 389 5077 τῶν
426 5030 683 5100 πατέρων
718 5048 838 5099 μου.
878 5032 1053 5099 Ὑμᾶς
1098 5032 1152 5083 δὲ
1194 5031 1299 5101 χρὴ
1333 5032 1392 5084 τὸ
1433 5032 1567 5101 πρὸς
1606 5032 1706 5100 ἐμὲ

156 5113 375 5184 φίλτρον,
406 5119 496 5171 δια
523 5120 620 5188 τῆς
646 5121 750 5173 τῶν
778 5122 1004 5175 ἐντολῶν
1030 5123 1193 5173 τῶνδε
1226 5122 1468 5191 φυλακῆς
1500 5120 1705 5173 ἐπιδεί-

156 5202 347 5265 ξασθαι.
378 5206 481 5263 ’Ὧν
528 5214 953 5283 προηγουμένως
998 5214 1146 5265 ἐστὶν
1191 5214 1222 5281 ἠ
1267 5213 1476 5282 ἀγάπη,
1524 5211 1707 5264 σύνδεο

158 5312 272 5364 si“;
310 5300 447 5358 οὖσα
480 5308 582 5375 τῆς
616 5307 723 5360 τῶν
759 5306 967 5377 ἀρετῶν
1005 5306 1361 5375 τελειότητος.
1384 5304 1560 5375 Ὅπερ
1598 5303 1705 5372 γὰρ

218 5401 256 5429 ³⁸
283 5402 488 5455 Coloss.
517 5416 601 5465 ιιι,
642 5401 726 5455 Η.

1819 4665 1907 4717 ubi
1939 4679 1997 4719 se
2030 4681 2218 4734 parum
2256 4668 2543 4733 centiuuit,
2579 4672 2743 4733 C(Bpil.
2782 4670 2922 4726 hunc
2961 4674 3027 4728 ad
3059 4690 3150 4731 eos
3182 4677 3381 4732 habere

1813 4770 2119 4811 sermonem
2159 4774 2171 4810 Σ

1884 4846 2043 4900 CVII.
2091 4848 2276 4901 Patres
2306 4849 2406 4901 mei
2437 4860 2493 4903 ct
2522 4848 2717 4905 fratres
2748 4853 2927 4908 dilecti
2958 4854 3011 4908 in
3049 4855 3294 4922 Domino,
3328 4871 3382 4913 et

1816 4937 1907 4989 ﬁlii
1935 4954 1950 5002 ;
1976 4952 2074 5005 ego
2099 4937 2315 5005 quidem
2342 4938 2453 5007 jam
2479 4952 2801 5007 postremam
2833 4946 2972 4997 viam
3002 4961 3241 5001 meorum
3275 4949 3379 5002 Pa-

1813 5037 1952 5081 trum
2001 5030 2293 5095 ingredior.
2328 5029 2433 5084 Vos
2476 5042 2653 5085 autem
2688 5044 2898 5103 oportet
2932 5047 3169 5090 vestrum
3201 5039 3251 5091 in
3295 5055 3379 5093 me

1814 5135 2050 5173 amorem
2113 5137 2205 5189 per
2256 5122 2448 5175 horum
2506 5137 2899 5192 praceptorum
2943 5129 3374 5183 observationem

1811 5216 2118 5270 ostendere.
2170 5212 2313 5267 Inter
2358 5230 2477 5281 qua:
2519 5216 2786 5283 praecipue
2828 5227 2910 5272 est
2954 5219 3212 5287 Charitas,
3257 5238 3375 5289 qua:

1813 5304 2080 5357 vinculum
2140 5314 2223 5359 est
2276 5306 2532 5359 virtutum
2586 5308 3009 5376 perfectionis“.
3053 5310 3185 5364 Nam
3236 5314 3376 5381 quod

1404 5467 1641 5523 VARUE
1667 5464 2066 5521 LECTIONES.

218 5566 237 5601 Ii
261 5566 325 5617 aI.
362 5563 877 5635 παραμυθώμενος.

158 5633 175 5659 ‘
205 5648 263 5686 an
288 5633 454 5690 inscr.
486 5637 674 5705 μέλλῃ.
750 5645 777 5683 P
805 5635 874 5688 al.
908 5637 1005 5704 τὴν
1026 5635 1302 5704 τελευτήν.

986 5564 1000 5600 ι
1044 5566 1112 5617 al.
1163 5563 1274 5615 τοῦ-
1302 5564 1617 5632 συνέχοντος
1661 5564 1844 5631 δίψους
1902 5566 2228 5628 ἀνενεγκων.

1378 5644 1405 5683 ει
1438 5635 1506 5686 al.
1532 5634 1924 5702 παραγγείλας.

2335 5574 2368 5592 ’“
2407 5565 2561 5617 abest
2613 5564 2679 5616 ab
2724 5566 2792 5617 aI.
2898 5565 3021 5617 naI.
3082 5565 3374 5635 εὐπρεπές.

1330 5727 1522 5784 JOAN.
1564 5726 1903 5783 BOLLANDI
1940 5728 2173 5787 NOT.£.

216 5821 316 5887 (55)
339 5823 604 5876 Octavam
636 5820 1105 5891 Theophauiorum
1139 5836 1165 5873 a
1191 5821 1391 5875 Graecis
1447 5822 1706 5901 ceu-brari

164 5890 215 5942 Ii
240 5890 493 5959 Ianuarii,
527 5895 762 5948 diximus
792 5909 975 5962 supra;
998 5908 1157 5961 quam
1192 5894 1635 5947 consuetu-liuent
1668 5909 1694 5945 a

1820 5820 1970 5891 Syris
2032 5826 2197 5876 etiam
2264 5824 2451 5903 fuisse“
2490 5826 2831 5903 observatam
2883 5820 3376 5903 hincnciiliigimus,

1810 5895 1949 5962 φημι
1986 5896 2144 5948 tertio
2176 5894 2243 5948 ab
2276 5895 2375 5948 hoc
2406 5895 2491 5946 die
2524 5893 2685 5947 fuerit
2718 5892 2983 5948 festivitas
3026 5891 3082 5945 S.
3134 5892 3373 5944 Antonii.
