4104 6486
685 437 785 503 5M

1920 436 2201 498 MENSIS
2242 433 2709 499 JANUARIUS.

3851 436 3958 497 092

685 560 965 619 stuporem
1005 550 1305 602 adducebat
1351 549 1687 604 continuatio
1734 549 2142 602 miraculorum.
2185 546 2261 597 Ex

2370 545 2603 615 έπληττε
2638 550 2691 601 δέ
2725 550 2930 613 πάντας
2962 551 2993 620 ὴ
3023 549 3131 602 τῶν
3168 548 3461 617 θαυμάτων
3494 545 3769 617 συνέχεια.
3806 546 3960 616 Πλή-

689 656 959 696 conrursu
996 640 1161 709 igitur
1192 641 1557 696 multitudinis
1598 656 1764 709 prope
1794 640 2043 705 infinitae,
2079 637 2261 707 prohio

688 735 915 786 ltebalur
945 747 1163 786 sacrum
1203 731 1334 786 illud
1370 746 1566 800 corpus
1598 748 1625 785 a
1667 731 1966 799 sepultura,
2002 745 2123 784 cmn
2151 728 2262 797 jam

685 833 832 878 esset
855 824 989 877 hora
1017 839 1189 889 noua;
1216 824 1387 878 donec
1414 822 1630 887 milites,
1664 831 1723 876 ιιι
1751 822 1831 876 eis
1852 823 2063 892 jussum
2088 820 2266 874 fuerat

685 935 715 970 a
747 917 1087 984 patriarcha,
1120 917 1446 970 submovent
1487 913 1911 968 multitudinem.
1949 912 2014 965 Et
2061 902 2141 967 sic
2173 911 2262 963 vix

684 1011 903 1063 tandem
961 1010 1121 1063 datur
1164 1008 1339 1063 aditus
1379 1007 1581 1063 divinis
1624 1006 1900 1071 Patribus,
1944 1014 2002 1058 ut
2051 1002 2262 1071 corpori

688 1101 788 1165 illi,
823 1103 968 1165 quod
993 1100 1129 1154 adeo
1164 1099 1539 1155 decertaverat
1580 1099 1859 1165 multaque
1889 1108 2111 1165 passum
2151 1092 2265 1146 fue-

689 1203 790 1259 rat,
811 1193 957 1262 justa
982 1202 1323 1263 peragerent,
1352 1192 1512 1260 idque
1544 1206 1667 1245 cum
1700 1189 1915 1260 hymnis
1939 1186 2266 1242 convenien-

685 1286 831 1340 tibus
872 1285 925 1339 in
962 1284 1211 1353 locupleti
1250 1284 1584 1354 deponerent
1619 1282 1815 1336 loculo.
1878 1281 2024 1334 Sane
2046 1278 2265 1349 quidem

685 1379 899 1434 cunctis
922 1378 1077 1432 dolor
1101 1378 1166 1431 de
1189 1377 1487 1432 amissione
1510 1374 1810 1447 Euthymii,
1836 1373 2125 1453 ttiultarum
2149 1381 2268 1426 erat

680 1482 844 1524 causa
892 1469 1291 1540 laerymarum;
1334 1471 1429 1531 sed
1462 1468 1781 1540 Martyrium
1814 1476 1870 1521 et
1903 1466 2073 1520 Eliam
2110 1463 2268 1529 longe

684 1562 941 1631 tangebat
971 1561 1385 1626 vehementius,
1422 1571 1584 1629 atque
1615 1560 1772 1615 valde
1819 1558 2128 1627 plorabant.
2163 1555 2268 1610 Vc-

684 1670 803 1708 rum
843 1655 963 1709 illos
1004 1654 1223 1724 quidem
1266 1654 1579 1710 consolatus
1621 1651 1931 1722 patriarcha
1967 1664 2063 1719 per
2097 1648 2268 1717 Chry-

683 1746 896 1813 sippum
942 1746 1124 1800 crucis
1171 1745 1474 1809 custodem,
1509 1752 1564 1799 et
1614 1742 1869 1812 congruis
1911 1755 2044 1795 usus
2074 1739 2267 1793 admo-

683 1837 1005 1903 nitionibus,
1049 1839 1298 1893 hortatus
1361 1847 1447 1892 est
1504 1846 1562 1892 ut
1608 1834 1954 1904 frequentius
2015 1836 2082 1886 ad
2140 1846 2263 1886 eum

694 1932 1035 1987 accederent.
1066 1930 1259 1986 Fidum
1292 1940 1471 1987 autem
1497 1930 1784 1985 diaconum
1820 1929 1871 1981 in
1914 1927 2066 1981 laura
2103 1923 2269 1979 relin-

692 2041 888 2093 qucns,
923 2025 969 2079 ei
1001 2025 1305 2080 mdilicandi
1332 2022 1621 2081 committit
1654 2020 1970 2091 negotium;
1998 2029 2271 2073 reversus-

683 2134 788 2184 que
816 2118 867 2172 in
894 2129 1139 2174 sanctam
1172 2118 1472 2183 civitatem,
1503 2117 1672 2171 mittit
1696 2116 1760 2169 ad
1796 2129 1931 2183 opus
1960 2111 2185 2183 opiﬁces
2214 2119 2271 2165 et

685 2210 993 2274 materiam,
1017 2226 1124 2280 quo
1152 2211 1323 2266 beata:
1353 2209 1458 2264 illac
1488 2207 1769 2279 Eutltymii
1794 2205 2037 2276 reliquiae
2065 2204 2117 2258 in
2143 2211 2269 2273 apto

682 2308 736 2354 et
759 2302 1104 2357 couvenienti
1136 2301 1254 2359 loco
1284 2304 1705 2374 deponerentur.

751 2481 886 2539 CXI.
914 2482 1255 2538 Domitianus
1281 2498 1412 2538 vero
1434 2521 1449 2546 ,
1479 2485 1684 2561 .magni
1728 2496 1956 2552 magnus
1987 2493 2179 2534 revera
2215 2487 2269 2532 et

682 2589 977 2643 germanus
1004 2574 1323 2645 discipulus,
1342 2583 1530 2645 utpote
1548 2574 1664 2642 ejus
1682 2574 1805 2628 vita:
1836 2572 2078 2627 imitator
2104 2585 2265 2625 accu-

685 2672 1014 2734 ratissimus,
1041 2672 1131 2740 qui
1159 2671 1447 2741 plusquam
1475 2671 1868 2741 quinquaginta
1892 2684 2063 2724 annos
2079 2674 2268 2722 sancto

682 2761 952 2824 inserviit;
987 2776 1093 2819 non
1124 2763 1352 2815 recessit
1377 2775 1409 2815 a
1441 2761 1582 2822 loco,
1616 2760 1711 2815 sed
1744 2760 2043 2828 permansit
2070 2759 2136 2811 ad
2172 2771 2264 2811 se-

683 2855 952 2918 pulcrum,
1004 2867 1176 2923 usque
1208 2852 1263 2906 in
1311 2852 1452 2908 diem
1504 2852 1789 2920 postmodo
1833 2860 2078 2912 sextum;
2110 2848 2266 2918 quasi

680 2947 982 3002 arbitratus
1031 2960 1138 3000 non
1170 2959 1293 3000 esse
1338 2946 1441 2999 sibi
1474 2945 1766 3001 vivendum
1806 2946 1873 2999 de
1903 2954 2124 3007 caetero,
2168 2957 2266 2995 nec

682 3037 962 3094 ferendum
1009 3035 1233 3091 omnino
1281 3044 1339 3091 ut
1376 3040 1519 3092 hanc
1567 3038 1743 3091 lucem
1806 3035 2097 3105 aspiceret.
2128 3034 2263 3088 Cum

682 3129 942 3197 septimus
972 3141 1156 3183 autem
1182 3127 1292 3194 jam
1329 3128 1447 3183 dies
1472 3128 1803 3195 advenisset,
1833 3127 1883 3182 ei
1916 3140 2076 3183 noctu
2103 3141 2268 3195 appa—

2369 638 2493 700 θους
2535 635 2630 692 οὖν
2664 641 2895 711 ἀπείρου
2939 640 3133 711 κομιδῇ
3169 639 3593 710 συνδραμόντος,
3638 638 3865 708 εἴργετο
3899 638 3960 689 τὸ

2368 732 2515 801 ἱερὸν
2542 733 2719 787 ἐκεῖνο
2748 732 2907 803 σῶμα
2937 734 3138 803 ταφῆς.
3173 733 3276 802 ἤδη
3309 732 3402 786 καὶ
3438 732 3633 801 ἐνάτης
3673 729 3825 801 ὥρας
3859 747 3958 782 κα·

2366 823 2707 896 ταλαϐούσης
2731 844 2742 857 ·
2790 828 2895 890 ἕως
2946 828 2995 880 oi
3028 824 3399 896 στρατιῶται,
3442 822 3733 877 κελευσθὲν
3768 822 3959 883 αὐτοῖς

2368 919 2471 972 ὑπὸ
2511 918 2604 973 τοῦ
2654 919 3021 992 πατριάρχου,
3070 919 3134 973 τὸ
3184 918 3391 989 πλῆθος
3444 915 3796 970 ἀποσοϐοῦσι.
3844 914 3958 967 Καὶ

2366 1010 2528 1091 ’μόλις
2559 1010 2702 1065 οὕτω
2736 1011 2865 1091 γοῦν
2916 1015 3027 1075 τοῖς
3077 1011 3244 1075 θείοις
3293 1010 3595 1080 Πατράσιν,
3644 1004 3960 1077 ηπαράδο-

2371 1120 2453 1167 σις
2481 1106 2508 1145 ιι
2546 1105 2772 1171 δίδοται,
2806 1084 2947 1161 ῶστε
2989 1105 3067 1178 τῷ
3104 1106 3383 1177 ἀθλητικῷ
3421 1104 3618 1174 ἐκείνῳ
3652 1104 3746 1157 καὶ
3786 1103 3958 1157 πολυ-

2371 1199 2533 1251 παθεῖ
2563 1198 2777 1270 σώματι
2804 1200 2873 1253 τὰ
2896 1199 3265 1270 νενομισμένα
3291 1197 3527 1261 τελέσαι,
3556 1196 3653 1249 καὶ
3683 1196 3820 1263 μετά
3846 1195 3958 1249 τῶν

2370 1292 2763 1363 προσηκόντων
2804 1293 2990 1363 ὓμνων
3024 1293 3175 1362 αὐτῷ
3210 1294 3253 1357 ί,
3287 1295 3352 1363 τῇ
3392 1290 3746 1361 πολυπλούτιρ
3779 1307 3957 1343 κατα-

2370 1383 2560 1438 θέσθαι
2590 1383 2756 1455 σορῷ.
2804 1386 2949 1438 Πᾶσι
2981 1385 3080 1456 μὲν
3113 1385 3206 1439 οὖν
3237 1386 3299 1438 τὸ
3329 1384 3502 1448 πάθος
3542 1384 3644 1453 τῆς
3675 1383 3956 1452 Εὕθυμίου

2373 1479 2709 1549 στερήσεως,
2742 1478 2956 1532 πολλῶν
3004 1478 3258 1549 δακρύων
3288 1478 3461 1532 αἴτιον
3496 1473 3565 1548 ἦν
3587 1490 3600 1505 ·
3631 1476 3956 1546 Μαρτυρίου

2368 1568 2426 1621 δὲ
2459 1567 2553 1621 καὶ
2593 1569 2747 1622 Ἠλία
2802 1570 2897 1623 καὶ
2930 1570 3280 1641 ἰσχυρότερον
3323 1567 3506 1640 πολλῷ
3550 1567 3830 1627 καθίκετο,
3860 1565 3958 1618 καὶ

2373 1662 2619 1734 σφοδρῶς
2650 1661 2869 1715 ἔκλαιον
2890 1679 2904 1693 ·
2935 1660 3053 1713 ἀλλ’
3085 1659 3332 1724 ἐκείνους
3367 1662 3465 1731 μὲν
3501 1659 3905 1730 παρηγορήσας
3931 1659 3959 1708 ὁ

2371 1754 2740 1825 πατριάρχης,
2765 1752 2855 1805 διὰ
2883 1752 3212 1821 Χρυσίππου
3239 1750 3333 1803 τοῦ
3358 1748 3826 1819 σταυροιρωακος,
3862 1747 3958 1799 καὶ

2371 1846 2439 1900 τὰ
2500 1846 2686 1899 εἰκότα
2735 1844 3149 1915 παρακαλέσας,
3208 1841 3541 1913 πυκνότερον
3582 1839 3959 1909 παραϐάλλειν

2374 1938 2525 2006 αὖτῷ
2560 1938 2956 2009 προετρέψατο.
3004 1937 3191 1990 Φεῖδον
3237 1936 3296 1989 δὲ
3345 1937 3426 1997 είς
3460 1936 3560 2005 τὴν
3604 1934 3817 2001 λαύραν
3866 1931 3959 1983 τὸν

2373 2030 2621 2085 διάκονον
2677 2027 3088 2092 καταλελοιπὼς
3129 2030 3177 2095 Ι,
3238 2027 3569 2097 ἐπισκήπτει
3618 2023 3769 2094 αὐτῷ
3828 2022 3959 2089 περὶ

2372 2126 2472 2194 τῆς
2497 2123 2523 2163 ιι
2558 2122 2873 2190 οἰκοδομῆς·
2909 2121 3005 2174 καὶ
3058 2122 3141 2183 εἰς
3189 2120 3290 2190 τὴν
3332 2118 3495 2185 ἁγίαν
3530 2116 3686 2169 πόλιν
3730 2114 3962 2167 ἐπανελ-

2372 2217 2501 2282 θὼν,
2533 2214 2786 2284 τεχνίτας
2817 2214 2953 2284 πρὸς
2987 2214 3047 2266 τὸ
3069 2213 3230 2283 ἔργον
3259 2212 3350 2265 καὶ
3381 2210 3516 2281 ὓλην
3547 2207 3958 2275 ἐξαποστέλλει,

2372 2308 2514 2361 ὥστε
2570 2306 2630 2360 τὸ
2684 2305 2954 2377 μακάριον
3003 2306 3179 2358 ἐκεῖνο
3230 2303 3326 2356 τοῦ
3374 2301 3651 2371 Εὐθυμίου
3702 2301 3960 2369 λείψανον

2373 2400 2432 2451 ἐν
2462 2393 2520 2451 εὖ
2547 2396 2723 2468 ἔχοντι
2750 2396 2845 2449 καὶ
2878 2394 3172 2464 ἐπιτηδείῳ
3205 2392 3575 2462 κατατεθῆναι
3600 2391 3778 2461 τόπῳ.

2442 2487 2594 2545 PIA'.
2652 2485 2980 2557 Δομετιανὸς
3013 2487 3068 2539 δὲ
3108 2489 3138 2538 ὁ
3164 2483 3261 2538 τοῦ
3302 2484 3537 2555 μεγάλου
3573 2482 3747 2552 μέγας
3788 2480 3957 2545 ὅντως

2371 2581 2469 2633 καὶ
2497 2580 2722 2649 γνήσιος
2759 2576 3031 2647 μαθητὴς,
3073 2575 3166 2629 ἆτε
3195 2575 3259 2646 δὴ
3299 2575 3396 2628 καὶ
3426 2573 3522 2627 τοῦ
3565 2573 3682 2643 βίου
3711 2572 3959 2643 μιμητὴς

2370 2670 2791 2741 ἀκριϐέστατος,
2827 2667 2971 2736 ὺπέρ
3008 2668 3074 2720 τά
3107 2668 3449 2738 πεντήκοντα
3483 2665 3565 2737 τῷ
3598 2666 3743 2735 ἁγίῳ
3772 2665 3963 2718 διακο-

2370 2764 2680 2835 νησάμενος
2714 2762 2832 2832 ἔτη.
2874 2762 2974 2827 ουκ
3021 2761 3234 2831 ἀπέστη
3272 2758 3366 2812 τοῦ
3400 2759 3589 2823 τόπου,
3625 2757 3766 2811 ἀλλά
3817 2774 3960 2826 παρ-

2372 2858 2554 2926 έμεινε
2610 2858 2675 2926 τῇ
2723 2855 2901 2927 σορῷ,
2956 2854 3118 2925 μέχρι
3171 2853 3357 2907 λοιπὸν
3412 2853 3581 2922 ἕκτης
3639 2851 3701 2916 ἐξ
3744 2852 3961 2904 ἐκείνου

2372 2949 2617 3020 ἡμέρας·
2644 2948 2834 3018 ῶσπερ
2877 2947 2939 3001 οὐ
2987 2946 3181 3017 βιωτὸν
3222 2944 3372 3015 αὐτῷ
3410 2946 3471 2999 τὸ
3519 2945 3705 2998 λοιπον
3741 2946 3959 3015 κρίνας,

2368 3040 2490 3093 οὐδέ
2520 3038 2679 3092 τοῦτο
2715 3038 2780 3111 δὴ
2809 3038 2871 3093 τὸ
2902 3037 3019 3105 φῶς
3066 3038 3202 3109 όρᾷν
3232 3036 3462 3091 ἀνεκτὸν
3492 3038 3648 3100 ὅλως.
3701 3042 3964 3103 Διαγενο-

2375 3134 2544 3205 μένης
2572 3132 2627 3185 δὲ
2653 3132 2757 3203 ἤδη
2779 3132 2878 3202 τῆς
2906 3131 3161 3201 ἑϐδόμης,
3189 3129 3532 3199 ἐπιφαίνεται
3557 3129 3706 3199 αὖτῷ
3731 3129 3962 3199 φαιδρὸς

683 3233 765 3277 ret
801 3222 925 3276 laeto
968 3221 1120 3275 vultu
1184 3221 1531 3291 Euthymius,
1575 3222 1732 3287 Veni,
1764 3221 1983 3287 dicens,
2035 3220 2128 3274 tibi
2165 3233 2260 3289 pa-

2368 3224 2465 3295 τὴν
2499 3223 2622 3293 ὄψιν
2650 3223 2843 3283 νυκτὸς
2872 3222 2901 3274 ὁ
2933 3220 3228 3292 Εὑθύμιος,
3260 3222 3450 3292 Δεῦρο,
3488 3220 3683 3288 λέγων,
3712 3220 3961 3273 ἀπολαύο

683 3325 797 3368 rata
825 3313 995 3383 gloria
1031 3312 1318 3368 fruiturus.
1358 3311 1498 3367 Ecce
1528 3315 1697 3374 enim,
1729 3313 1924 3382 inquit,
1954 3311 2096 3367 Deus
2129 3326 2265 3366 con-

679 3408 866 3469 cessit,
900 3415 956 3460 ut
977 3407 1283 3462 communis
1310 3406 1464 3461 nobis
1493 3407 1555 3459 sit
1585 3406 1671 3461 hic
1692 3420 1909 3475 quoque
1932 3404 2262 3473 permansio.

682 3501 806 3555 Haec
838 3498 1203 3563 Domitianus,
1236 3514 1358 3552 cum
1395 3498 1630 3553 venisset
1672 3500 1739 3551 ad
1775 3498 2047 3569 synaxim,
2084 3496 2265 3549 fratri-

681 3598 780 3650 bus
827 3595 1119 3649 annuntiat
1154 3611 1165 3644 :
1202 3596 1388 3665 sicque
1421 3596 1536 3663 ipse
1577 3596 1741 3648 etiam
1781 3597 1832 3647 iu
1861 3593 2058 3663 gaudio
2088 3602 2143 3649 et
2178 3593 2264 3647 fu—

685 3695 933 3741 turorum
960 3686 1223 3741 bonorum
1256 3702 1375 3757 spe,
1409 3687 1573 3740 vitam
1608 3674 1887 3755 relinquit.

751 3864 915 3921 CXI].
948 3865 1018 3919 At
1055 3865 1319 3921 diaconus
1358 3866 1546 3933 Fidus,
1573 3866 1739 3920 tuulta
1772 3881 2059 3935 operarum
2100 3882 2261 3920 manu

683 3957 930 4019 collecta,
959 3972 1259 4027 magnoque
1283 3958 1530 4013 adhibito
1561 3961 1761 4024 studio,
1800 3958 2114 4028 speluncam
2145 3973 2263 4027 quae

683 4049 736 4105 in
792 4050 1063 4118 principio
1115 4052 1289 4105 lenuit
1339 4053 1526 4119 quiete
1577 4063 1827 4123 agentem
1886 4052 2259 4122 Euthym-ium.

681 4140 847 4195 aedem
881 4141 1300 4210 pulcherrimam
1330 4151 1383 4197 et
1416 4144 1707 4198 maximam
1732 4143 1927 4209 cllicit;
1964 4145 2119 4213 cujus
2137 4160 2261 4198 eum

682 4228 917 4283 medium
952 4229 1297 4284 attribuisset
1345 4231 1516 4285 theca:
1548 4231 1727 4301 magni
1771 4231 1969 4301 Patris,
2004 4249 2070 4288 ex
2114 4244 2263 4288 utra-

679 4336 784 4391 que
819 4330 977 4390 parte
1012 4321 1257 4378 elaborat
1285 4324 1470 4378 tltceas
1503 4330 1969 4393 presbyterorum,
2014 4328 2263 4395 hegnnte-

682 4427 874 4466 uorum
899 4427 992 4468 seu
1017 4415 1366 4470 monasteriis
1391 4416 1795 4484 prwfeclorttm,
1817 4418 2264 4491 reliquorumque

682 4513 993 4558 sanctorum
1031 4506 1333 4560 hominum.
1377 4506 1673 4578 Postquam
1715 4525 1845 4565 vero
1874 4512 1986 4581 jam
2020 4513 2262 4581 perfecta

2370 3332 2479 3370 σων
2510 3315 2610 3385 τῆς
2664 3314 3074 3385 ἡτοιμασμένης
3104 3329 3186 3364 σοι
3211 3310 3388 3381 δόξης.
3433 3311 3565 3364 Ἰδοὺ
3606 3310 3716 3378 γάρ
3770 3310 3963 3378 ἐχαρὲ-

2368 3423 2520 3471 σατο,
2544 3406 2730 3477 φησὶν,
2750 3405 2924 3469 όθεὸς
2954 3406 3137 3475 κοινὴν
3177 3406 3311 3474 ἡμῖν
3339 3400 3477 3456 εἶναι
3508 3404 3602 3454 καὶ
3629 3402 3732 3471 τὴν
3767 3399 3962 3454 ἐνταῦ-

2367 3500 2435 3553 θα
2464 3500 2761 3570 διαγωγήν.
2811 3498 2997 3551 Ταῦτα
3051 3501 3079 3551 ό
3110 3495 3437 3566 Δομετιανὸς
3481 3495 3559 3555 εἰς
3591 3492 3691 3564 τὴν
3736 3493 3962 3556 σύναξιν

2366 3589 2558 3654 ἐλθὼν,
2588 3592 2700 3654 τοῖς
2725 3588 2974 3658 ἀδελφοῖς
2998 3586 3363 3656 ἀπαγγέλλει·
3399 3586 3491 3638 καὶ
3520 3584 3694 3646 οὕτως
3723 3586 3781 3637 ἐν
3814 3587 3962 3654 χαρᾷ

2367 3682 2465 3734 καὶ
2520 3681 2683 3744 αὐτὸς
2724 3684 2818 3734 καὶ
2869 3685 2935 3751 τῇ
2983 3680 3092 3733 τῶν
3136 3679 3440 3750 μελλόντων
3479 3675 3704 3744 ἀγαθῶν
3755 3677 3959 3739 ἐλπίδι,

2367 3773 2687 3828 καταλείπει
2718 3773 2809 3827 τὸν
2842 3773 2976 3843 βίον.

2438 3863 2586 3920 PlB’.
2624 3865 2759 3933 Ὄγε
2800 3866 2907 3935 μὴν
2932 3865 3178 3927 διάκονος
3196 3863 3402 3928 Φεῖδος,
3434 3865 3596 3933 χεῖρα
3628 3861 3835 3932 συχνὴν
3864 3865 3961 3915 καὶ

2366 3958 2568 4028 πολλὴν
2586 3959 2667 4011 ὅτι
2695 3956 3124 4026 συνεισενεγκὼν
3143 3957 3241 4026 τὴν
3265 3956 3524 4024 σπουδὴν,
3545 3955 3605 4008 τὸ
3638 3955 3910 4025 σπήλαιον
3934 3957 3961 4007 ὃ

2366 4053 2519 4125 παρά
2539 4053 2638 4124 τὴν
2667 4054 2846 4124 ἀρχὴν
2872 4051 3218 4123 ἡσυχάζοντα
3244 4046 3355 4121 εἶχε
3379 4050 3472 4103 τὸν
3494 4050 3766 4118 Εὐθύμιον
3804 4047 3847 4113 ι,
3878 4051 3963 4109 εἰς

2365 4140 2516 4200 οἶκον
2555 4145 2841 4199 κάλλιστόν
2871 4161 2932 4197 τε
2979 4145 3074 4198 καὶ
3111 4143 3370 4214 μέγιστον
3426 4140 3750 4211 ἀπαρτίζει’
3780 4135 3846 4195 οὗ
3896 4142 3963 4194 τὸ

2369 4238 2699 4308 μεσαίτατον
2724 4240 2790 4309 τῇ
2817 4239 2960 4308 θήκῃ
2986 4235 3079 4288 τοῦ
3112 4235 3350 4306 μεγάλου
3382 4235 3593 4305 [ἰατρὸς
3621 4236 3959 4304 ἀπονείμας,

2366 4333 2497 4403 παρ’
2528 4330 2767 4402 ἑκάτερα
2818 4329 3211 4400 πρεσϐυτέρων
3258 4345 3318 4380 τε
3355 4330 3448 4381 καὶ
3480 4329 3808 4398 ἡγουμένων
3864 4331 3963 4381 καὶ

2365 4422 2572 4477 λοιπῶν
2626 4423 2789 4476 ὁσίων
2844 4420 3056 4493 ἀνδρῶν
3106 4419 3388 4485 φιλοπονεῖ
3436 4419 3634 4489 θήκας,
3690 4419 3852 4470 Ἐπεὶ
3905 4418 3962 4470 δὲ

2367 4516 2545 4570 πάντα
2566 4515 2669 4585 ήδη
2701 4515 3028 4585 ἀπήρτιστο,
3064 4514 3163 4584 τὴν
3196 4512 3496 4583 μέλλουσαν
3533 4511 3851 4565 ἐπικεῖσθαι
3882 4511 3964 4577 τῷ

680 4596 912 4651 fuissent
943 4598 1145 4663 omnia,
1198 4599 1457 4666 tabulam,
1496 4618 1617 4671 quae
1648 4613 1767 4657 erat
1797 4606 2049 4673 sepulcro
2080 4606 2256 4675 impo-

2368 4609 2526 4679 τάφῳ
2566 4607 2773 4673 πλάκα,
2831 4608 2926 4660 καὶ
2986 4607 3087 4677 τὴν
3148 4607 3399 4676 ἀργυρᾶν
3455 4603 3666 4675 χώνην,
3727 4606 3824 4656 καὶ
3862 4604 3965 4671 τὴν

679 4690 880 4753 nenda,
913 4700 968 4745 et
1004 4698 1319 4763 argenteam
1354 4709 1570 4762 urnam,
1607 4705 1661 4750 et
1709 4698 2000 4764 cancellos,
2038 4711 2263 4753 ractera-

678 4797 783 4850 que
819 4782 1018 4852 quibus
1047 4784 1223 4840 solent
1253 4788 1449 4855 templa
1488 4790 1768 4854 exornari,
1810 4792 2117 4858 patriartha
2153 4801 2263 4845 sta-

678 4874 774 4926 tim
811 4889 842 4928 c
874 4873 1271 4945 Hierosolymis
1314 4878 1520 4935 mittit:
1569 4882 1765 4936 deinde
1797 4882 1885 4936 ille
1935 4882 2051 4950 ipse
2095 4884 2258 4938 etiam

676 4965 958 5037 descendit
992 4968 1058 5022 ad
1089 4968 1334 5034 laurum;
1374 4987 1604 5043 cumque
1648 4984 1892 5029 sanctum
1942 4976 2069 5030 illud
2114 4977 2259 5032 beati

675 5074 877 5125 corpus
903 5077 1023 5115 cum
1068 5061 1407 5131 lampadibus
1448 5076 1503 5120 et
1534 5067 1755 5136 psalmis
1782 5069 2102 5124 credidisset
2128 5085 2257 5140 pro-

668 5153 810 5220 priis
842 5153 1113 5220 manibus,
1137 5157 1394 5211 transfert
1421 5160 1485 5213 ad
1521 5162 1689 5214 attlem
1727 5163 2033 5230 quamipse
2066 5178 2253 5217 recen-

676 5259 761 5325 ιρι-ι
800 5245 978 5300 fuerat
1026 5246 1353 5316 fabricatus,
1408 5261 1458 5306 et
1504 5253 1555 5306 in
1606 5269 1765 5321 sacro
1811 5254 1990 5309 locqu
2034 5257 2256 5326 deponit

675 5348 820 5403 tute;
856 5348 914 5392 ut
957 5356 1233 5411 nunquam
1269 5356 1446 5411 posset
1482 5345 1713 5413 amplius
1743 5348 1964 5415 aperiri,
2007 5366 2103 5401 nec
2146 5350 2251 5403 ulla

672 5429 756 5483 vel
781 5445 945 5497 parva
973 5430 1097 5485 hinc
1114 5434 1316 5485 auferri
1350 5436 1700 5503 reliquiarth
1736 5436 1833 5488 viri
1858 5440 2052 5504 portio.
2083 5438 2251 5492 Porro

674 5522 927 5590 imposita
960 5524 1137 5578 tabula
1176 5542 1368 5579 urnam
1403 5529 1632 5597 desuper
1664 5531 1816 5599 quasi
1845 5533 1911 5584 ad
1947 5544 2136 5599 pectus
2164 5534 2256 5588 ἀυ-

673 5615 807 5685 ίῖὃίι-
845 5616 920 5671 Et!
958 5635 1086 5674 vero
1132 5622 1194 5673 ait
1233 5621 1321 5673 iliu
1362 5632 1603 5692 tetupme
1641 5628 1688 5676 in
1730 5626 2051 5679 hodiernum
2087 5643 2256 5694 lisque

2367 4704 2644 4772 κιγκλίδα,
2670 4701 2767 4755 καὶ¹
2798 4702 2865 4755 τὰ
2905 4700 3041 4754 ἄλλα
3083 4702 3183 4754 ὅσα
3217 4701 3309 4753 τὸν
3345 4699 3469 4752 ναδν
3500 4694 3608 4752 οἶδε
3646 4701 3905 4769 κοτμεῖν,
3935 4700 3964 4749 ὀ

2367 4797 2717 4866 πατριάρχης
2762 4794 2871 4849 ἀπὸ
2933 4793 3325 4865 Ἰεροσολύμων
3370 4792 3533 4855 εὐθὺς
3590 4792 3959 4847 ἀποστέλλει·

2340 4889 2559 4947 ¹ἔπειτα
2590 4889 2685 4941 καὶ
2719 4886 2883 4950 αὐτὸς
2926 4888 3133 4950 ἐκεῖνος
3164 4886 3380 4940 κάτεισι
3415 4886 3551 4957 προς
3579 4885 3681 4956 τὴν
3706 4884 3923 4954 λαύραν
3948 4904 3959 4915 ·

2366 4984 2459 5036 καὶ
2491 4980 2553 5034 τό
2583 4998 2641 5033 τε
2675 4979 2831 5048 ἅγιον
2858 4980 3034 5033 ἐκεῖνο
3063 4978 3224 5050 σῶμα
3252 4979 3345 5033 τοῦ
3384 4978 3635 5048 μάκαρος
3676 4979 3783 5031 ὑπὸ
3812 4979 3961 5048 λαμ-

2365 5072 2501 5126 πάσι
2547 5070 2643 5123 καὶ
2678 5069 2912 5139 ψαλμοῖς
2944 5072 3133 5140 χερσὶν
3178 5071 3337 5133 ἰδίαις
3372 5069 3692 5133 πιστεύσας,
3724 5070 3868 5139 πρὸς
3898 5072 3959 5123 ὃν

2361 5165 2527 5228 αὐτὸς
2562 5163 2891 5235 ἐνεούργησε
2928 5163 3227 5233 μεταφέρει
3254 5159 3422 5226 οἷκον,
3441 5165 3539 5217 καὶ
3567 5166 3635 5234 τῇ
3668 5164 3708 5214 ἱε
3721 5165 3787 5232 pii
3812 5164 3965 5237 θήκῃ

2364 5256 2623 5327 ἀσφαλῶς
2654 5256 3005 5310 κατατίθεται
3029 5273 3040 5285 °
3067 5259 3141 5320 ὡς
3169 5257 3365 5328 μηκέτι
3392 5256 3798 5329 παρανοιγῆναέ
3826 5276 3966 5312 ποτε

2361 5349 2642 5411 δύνασθαι,
2680 5349 2815 5418 μηδέ
2867 5365 2919 5400 τι
2960 5348 3157 5418 μικρὸν
3189 5349 3399 5401 ἐκεῖθεν
3431 5347 3802 5420 ὑφαιρεθῆναι
3865 5351 3963 5402 τοῦ

2365 5442 2558 5513 ἀνδρὸς
2605 5442 2876 5511 λείψανον.
2932 5442 3173 5506 Ἐπιθεὶς
3207 5444 3304 5512 μέν
3337 5460 3418 5496 τοι
3451 5445 3550 5511 τὴν
3593 5443 3805 5503 πλάκα,
3862 5448 3967 5493 τὶν

2366 5536 2545 5606 χώνην
2584 5534 2791 5589 ἄνωθεν
2826 5537 2996 5606 αὗτῆς
3034 5535 3107 5598 ὡς
3144 5537 3273 5606 πρὶς
3311 5537 3389 5605 τις.
3430 5536 3614 5607 στήθει
3653 5537 3899 5605 πήγνυτι
3924 5568 3963 5585 ι.

2376 5629 2440 5681 'II
2474 5628 2529 5679 δέ
2583 5627 2952 5691 παντοδαπαῖς
3002 5629 3059 5693 ἐξ
3106 5631 3313 5681 ἐκείνου
3375 5631 3467 5683 καὶ
3507 5632 3584 5691 εἰς
3649 5630 3805 5699 τήνδε
3863 5648 3970 5696 2.7.

1968 5766 2194 5822 VARI/IS
2243 5769 2639 5826 LECTIONES.

765 5893 795 5935 ι’
829 5900 897 5950 al.
935 5894 1183 5966 πάροδος.
1302 5913 1312 5940 ι
1354 5900 1420 5953 al.
1462 5901 1613 5957 αὐτὸ.
1706 5914 1727 5963 ,ι
1767 5901 1813 5955 al
1882 5904 2230 5975 καταστήσας

2336 5906 2356 5943 ι
2394 5903 2439 5957 al
2492 5901 2593 5958 ius.
2636 5903 2718 5958 τό.

2808 5902 2819 5941 ¹
2860 5903 2927 5957 ul.
2967 5905 3132 5974 il-Sff.
3164 5903 3326 5959 θεῖον.
