4104 6486
152 426 249 489 693

1417 422 1589 482 VITA
1622 423 1682 482 S.
1731 422 2142 485 EUTHYMII.

3303 418 3409 484 694

155 536 365 603 ἡμέραν
402 538 511 600 τοῖς
566 535 775 597 πιστῶς
813 529 1101 602 προσιοῦσι
1133 529 1387 599 δωρεῖται
1422 532 1538 592 ταῖς
1568 532 1727 599 χάρι-

1841 534 1977 589 diem
2020 535 2088 588 ad
2115 546 2275 588 omne
2307 532 2605 603 gratiarum
2635 548 2804 603 genus
2848 535 3288 606 consequendum
3317 539 3407 589 do-

157 646 251 682 σιν.
299 628 357 681 '0
393 629 492 698 μὲν
522 628 664 681 οὕτω
697 622 964 696 λαμπρῶς
996 620 1137 674 κατὰ
1166 622 1265 690 τὴν
1294 619 1527 690 ἑϐδόμην
1552 622 1730 674 Μαΐου

153 720 243 789 τὴν
261 721 358 774 τοῦ
382 721 637 790 λειψάνου
671 718 967 789 μετάθεσιν
996 715 1395 786 ἐργασάμενος,
1417 714 1733 783 Μαρτύριον

158 812 273 880 μεθ’
318 813 517 866 ἑαυτοῦ
555 813 652 867 καὶ
688 811 872 865 Ἠλίαν
922 806 1279 879 παραλαϐὼν,
1312 809 1392 869 είς
1442 805 1540 876 τήν
1572 806 1733 873 ἁγίαν

155 907 238 958 καὶ
270 903 432 968 αὖθις
459 906 709 959 ἐπάνεισι
742 905 899 956 πόλιν
920 920 931 935 ο
974 900 1067 954 καὶ
1103 898 1515 969 πρεσϐυτέρους
1537 900 1734 963 αὐτοὺς

156 1000 472 1069 χειροτονεῖ,
502 999 599 1052 καὶ
632 997 707 1064 τῷ
730 997 830 1065 τῆς
865 995 1027 1063 ἁγίας
1063 994 1416 1056 ἀναστάσεως
1442 992 1733 1059 καταλέγει

158 1093 358 1161 κλήρῳ.
389 1091 501 1145 Καὶ
533 1089 710 1143 ταῦτα
746 1089 846 1158 μὲν
876 1087 1069 1150 οὕτως.

218 1180 365 1235 PII".
405 1181 547 1251 Ὥρα
587 1181 645 1235 δὲ
703 1179 890 1233 λοιπὸν
934 1180 1119 1232 ἐκεῖνα
1158 1176 1473 1243 διεξελθεῖν,
1504 1176 1625 1230 ὅθεν
1655 1177 1736 1240 εἰς

156 1274 420 1327 κοινόϐιον
442 1273 540 1327 καὶ
566 1275 766 1344 ὃπωςή
794 1271 1069 1341 Εὐθυμίου
1097 1271 1275 1341 λαύρα
1304 1270 1733 1341 μετεσκευάσθη.

158 1365 365 1434 Μικρὸν
394 1364 452 1417 δὲ
512 1364 721 1418 ἄνωθεν
753 1365 846 1418 τὸν
890 1365 1049 1433 λόγον
1080 1364 1379 1431 ἀναγκαῖον
1422 1362 1734 1425 ἀναλαϐεῖν,

160 1455 220 1508 ἶν’
251 1456 400 1510 οὕτω
441 1456 633 1526 σαφῶς
674 1455 907 1526 ἔχουσαν
940 1452 1299 1525 ποιησώμεθα
1332 1454 1432 1525 τὴν
1464 1454 1733 1525 διήγησιν.

163 1549 350 1611 Ἐτους
382 1548 484 1619 ήδη
507 1546 724 1617 πρώτου
762 1547 898 1617 μετὰ
924 1546 1022 1615 τὴν
1051 1545 1330 1615 Εὑθυμίου
1365 1546 1459 1598 τοῦ
1493 1544 1733 1614 μεγάλου

161 1642 412 1710 τελευτὴν
446 1643 847 1710 διαγεγονότος,
900 1641 1052 1694 Λέων
1087 1643 1115 1694 6
1151 1641 1325 1710 μέγας
1356 1642 1452 1693 καὶ
1491 1640 1738 1709 φιλόχρι-

164 1749 276 1795 στος
309 1732 375 1803 βα
388 1732 590 1797 σιλεὺς,
620 1732 883 1786 καταλύει
912 1733 1003 1786 τὸν
1032 1733 1165 1803 βίον,
1194 1734 1400 1785 Λέοντα
1422 1733 1514 1785 τὸν
1540 1735 1739 1786 οἰκεῖον

1837 640 1998 680 natur
2029 627 2095 681 iis
2128 627 2217 695 qui
2261 641 2381 681 cum
2424 626 2527 680 [ide
2574 626 2856 681 accedunt.
2892 630 3068 698 Atque
3116 628 3161 682 is
3207 628 3295 682 ubi
3332 630 3407 683 sic

1834 719 2118 787 Splendidc
2142 718 2361 774 fecisset
2393 718 2745 787 reliquiarum
2780 719 3192 774 translationem
3242 726 3409 788 septi-

1838 828 1923 868 mo
1948 812 2095 877 Maii,
2125 811 2439 883 Martyrium
2461 822 2515 868 et
2548 812 2714 866 Eliam
2741 828 2926 868 secum
2962 827 3266 877 assumens,
3295 829 3413 867 rur-

1837 918 1931 957 sus
1983 904 2031 956 in
2083 911 2324 956 sanctam
2378 904 2652 958 civitatem
2712 905 3038 970 revertitur;
3098 915 3258 972 atque
3318 920 3413 959 eos

1838 996 2051 1050 ordinat
2069 996 2435 1065 presbyteros,
2454 1005 2506 1050 et
2531 996 2696 1050 refert
2716 996 2764 1047 in
2784 996 3100 1063 Catalognm
3125 998 3253 1051 cleri
3277 996 3414 1050 San-

1838 1088 2404 1145 ctmResurreetionis.
2432 1090 2498 1144 Et
2521 1090 2635 1144 hanc
2661 1089 2876 1159 quidem
2906 1094 2970 1142 ad
3002 1091 3145 1142 hunc
3174 1090 3413 1143 modum.

1909 1180 2091 1237 CXlIl.
2120 1181 2313 1236 Restat
2345 1196 2487 1234 nunc
2516 1190 2574 1234 ut
2606 1182 2692 1234 illa
2736 1196 3151 1252 persequamur,
3198 1181 3336 1233 unde
3365 1190 3418 1233 et

1839 1289 1945 1344 quo
1974 1275 2129 1329 modo
2158 1273 2432 1344 Euthymii
2465 1272 2614 1327 laura
2655 1281 3013 1328 transmutata
3042 1274 3113 1328 sit
3149 1273 3201 1327 in
3236 1287 3420 1327 cinno-

1839 1368 2007 1424 bium.
2045 1368 2151 1423 Sed
2189 1381 2413 1422 necesse
2458 1375 2547 1423 est
2592 1366 2894 1421 orationem
2930 1367 3091 1436 paulo
3120 1366 3282 1419 altius
3329 1380 3417 1419 re-

1842 1470 2045 1531 petere,
2071 1458 2231 1513 utsic
2252 1458 2543 1513 dilucidam
2564 1458 2828 1513 faciamus
2851 1457 3241 1512 narrationem.
3263 1459 3415 1510 Anno

1835 1554 1947 1623 jam
1993 1551 2169 1620 primo
2215 1558 2337 1619 post
2380 1557 2611 1603 mortem
2663 1551 2843 1617 magni
2890 1548 3166 1620 Euthymii
3212 1548 3416 1615 elapso,

1842 1644 1950 1699 Leo
1985 1642 2211 1711 Magnus
2252 1651 2307 1697 et
2340 1642 2542 1697 Chri5ti
2572 1657 2760 1696 amans
2814 1643 3105 1710 imperator
3147 1642 3357 1695 excedit
3392 1657 3421 1694 e

1844 1738 1948 1790 vita
1970 1734 2108 1805 (6|).
2132 1749 2447 1789 successore
2471 1734 2681 1802 imperii
2705 1734 2895 1789 relicto
2913 1732 3090 1788 Leone
3112 1741 3305 1801 nepote
3321 1748 3421 1785 suo

163 1824 383 1891 ἔκγονον
420 1824 503 1877 ἔτι
536 1826 735 1895 κομιδῇ
767 1826 963 1893 νήπιον
992 1824 1144 1889 ὄντα,
1174 1825 1417 1894 διάδοχον
1450 1826 1548 1895 τῆς
1584 1824 1739 1895 βασι-

1842 1842 2064 1896 prorsus
2082 1825 2289 1880 infante
2308 1824 2520 1895 (62).Ei
2546 1834 2746 1887 autem,
2769 1834 3051 1893 postquam
3077 1839 3267 1894 parum
3286 1826 3422 1878 vixit

160 1912 297 1975 λείας
344 1914 689 1969 καταλιπών.
739 1915 924 1979 Τόνδε,
980 1914 1154 1986 βραχύ
1203 1932 1254 1968 τι
1308 1917 1626 1970 ὲπιϐιοῦντα
1668 1920 1735 1985 τῇ

164 2004 432 2075 βασιλεία,
466 2007 652 2076 Ζήνων
681 2007 708 2058 6
742 2008 925 2077 πατὴρ
949 2007 1278 2078 διαδέχεται.
1324 2008 1463 2061 ’Δ·λλ’
1488 2010 1515 2062 6
1547 2009 1646 2079 μὲν
1679 2007 1740 2071 ἐξ

161 2096 453 2166 ἐπιϐουλῆς
492 2097 821 2152 Βασιλίσκου
872 2099 1017 2162 τινὸς
1050 2101 1161 2164 τοῖς
1195 2099 1487 2169 βασιλείοις
1534 2101 1739 2169 ἐπιπη-

160 2191 441 2258 δήσαντος,
471 2193 668 2261 φεύγει
702 2193 838 2260 πρδς
881 2192 1176 2262 Ἱσαυρίαν.
1203 2192 1525 2254 Βασιλίσκος
1555 2191 1611 2243 δὲ
1641 2190 1740 2260 τὴν

162 2282 331 2350 ἀρχὴν
358 2281 671 2352 κατασχὼν,
711 2282 1032 2350 Ἐγκύκλιον
1059 2280 1200 2335 κατὰ
1231 2281 1328 2350 τῆς
1358 2284 1417 2335 ὲν
1435 2282 1738 2351 Χαλκηδόνι

162 2373 304 2436 θείας
344 2375 568 2427 συνόδου
600 2377 834 2428 ποιεῖται
859 2392 872 2406 ·
897 2367 941 2441 ᾧ
970 2374 1035 2445 δὴ
1062 2374 1237 2428 καὶτὸ
1266 2373 1612 2445 περιλειφθὲν
1635 2374 1741 2426 ἀνὰ

159 2465 250 2533 τὴν
283 2466 455 2533 ἁγίαν
491 2465 647 2517 πόλιν
699 2466 809 2518 τῶν
854 2466 1224 2544 Ἀποσχιστῷν
1258 2469 1422 2538 μέρος
1463 2469 1737 2538 ἐπερειδό-

166 2573 333 2625 μενοι,
366 2562 465 2611 καὶ
490 2558 531 2609 Γ
535 2558 775 2628 ερόντιόν
804 2575 927 2611 τινα
954 2560 1035 2620 είς
1068 2560 1502 2629 ἀρχιμανδρίτην
1531 2559 1739 2613 ἑαυτῶν

164 2651 634 2720 προστησάμενοι,
674 2650 846 2703 πολλὰ
882 2650 1022 2702 καεὰ
1053 2650 1152 2719 τῆς
1192 2649 1517 2720 Ἐκκλησίας
1548 2667 1742 2703 νεωτε-

165 2741 389 2809 ρίζουσι,
417 2742 514 2794 καὶ
541 2740 695 2794 οὐδὲν
724 2742 874 2811 ἥττω
904 2742 1011 2794 τῶν
1038 2742 1143 2793 ὑπὸ
1169 2741 1452 2795 Θεοδοσίου
1478 2743 1741 2811 πρότερον

161 2832 561 2902 τολμηθέντων.
592 2834 833 2903 Πέμπτῳ
860 2831 917 2886 δὲ
957 2831 1094 2901 μετὰ
1124 2834 1295 2885 ταῦτα
1322 2833 1575 2902 ἐνιαυτῷ,
1612 2832 1740 2901 Ονή-

165 2942 274 2979 σκει
334 2926 441 2995 μὲν
481 2925 834 2988 ’Δναστάσιος
876 2926 905 2979 6
958 2927 1307 2997 πατριάρχης
1332 2935 1395 2991 ιι,
1433 2925 1740 2997 ἀρχομένου

163 3017 255 3085 ἥδη
299 3018 478 3089 μηνὸς
521 3017 882 3089 Ἰαννουαρίου
907 3034 922 3051 ο
956 3020 1143 3088 Ζήνων
1172 3018 1228 3071 δὲ
1268 3022 1368 3085 τῆς
1396 3019 1575 3087 φυγῆς
1610 3021 1743 3071 ἁνα-

168 3110 432 3179 στρέψας,
465 3110 743 3181 χειροῦται
770 3112 869 3182 μὲν
896 3110 987 3164 τὸν
1012 3110 1355 3177 Βασιλίσκον,
1385 3111 1629 3180 ὲγκρατῆ
1664 3110 1742 3163 ἔτι

164 3203 254 3271 τῆς
288 3204 580 3272 βασιλείας
628 3205 966 3275 ὑπάρχοντα,
1000 3205 1299 3269 ἀνακτᾶται
1350 3204 1405 3256 δὲ
1437 3204 1601 3255 πάλιν
1646 3202 1743 3271 τὴν

166 3297 332 3365 ἀρχὴν
366 3297 441 3366 ἢν
472 3297 727 3351 ἀπέθετο.
760 3297 869 3350 Καὶ
895 3296 1198 3365 διαδέχεται
1244 3296 1336 3348 τὸν
1370 3295 1556 3366 Θρόνον
1583 3296 1745 3362 Μαρ-

166 3388 366 3457 τύριος,
395 3388 426 3441 ὃ
453 3390 564 3442 ἄνω
595 3407 683 3458 μοι
714 3389 809 3441 τοῦ
840 3390 998 3455 λόγου
1031 3388 1288 3449 πολλάκις
1316 3386 1711 3456 μνημονευθείς
1732 3402 1744 3415 ·

1844 1918 1896 1971 in
1916 1916 2144 1985 imperio
2168 1914 2304 1986 (65),
2323 1915 2567 1969 succedit
2584 1922 2735 1983 pater
2748 1914 2912 1969 Zeno.
2941 1913 3046 1970 Sed
3067 1916 3157 1968 ille
3175 1915 3415 1983 quidem.

1841 2024 1963 2065 cum
1996 2008 2289 2062 Basiliscus
2320 2007 2538 2076 quidam
2577 2022 2642 2061 ex
2682 2007 2890 2061 insidiis
2921 2007 3212 2061 invasisset
3247 2009 3418 2076 impe-

1842 2101 2006 2164 rium,
2026 2098 2227 2168 fugitin
2250 2098 2510 2153 Isauriam
2530 2098 2663 2167 (64).
2682 2097 2747 2151 At
2769 2098 3064 2152 Basiliscus
3081 2098 3309 2167 imperio
3325 2110 3419 2158 po-

1841 2194 1995 2259 titus,
2030 2190 2369 2262 encyclicum
2403 2189 2532 2245 facit
2562 2190 2823 2245 adversus
2879 2190 3119 2244 divinam
3155 2188 3418 2260 synodum

1840 2282 2369 2344 Chalcedonensem;
2422 2295 2530 2350 quo
2572 2280 2790 2350 quidem
2830 2280 3012 2335 nitens
3058 2294 3179 2349 quae
3212 2280 3419 2344 reliqn-i

1842 2384 1962 2430 erat
2002 2374 2055 2429 in
2098 2383 2289 2429 sancta
2339 2373 2560 2428 civitate
2598 2375 3049 2443 Aposchistarum
3099 2388 3244 2441 pars.
3300 2390 3420 2425 Lttttt

1841 2468 2154 2530 Gerontium
2173 2468 2464 2536 quemdam
2480 2466 2579 2521 sibi
2599 2465 3094 2537 praefecissent(65)
3115 2465 3422 2520 archiman-

1842 2562 2061 2626 dritam,
2089 2563 2256 2614 multa
2289 2560 2341 2613 in
2374 2559 2671 2615 Ecelesiam
2697 2560 2938 2626 innovat,
2975 2574 3074 2613 nec
3107 2558 3315 2612 minora
3358 2558 3423 2610 iis

1842 2670 1959 2724 quae
1982 2664 2139 2709 antea
2169 2669 2335 2709 ausus
2358 2651 2533 2708 fuerat
2556 2652 2917 2709 Theodosius.
2945 2652 3211 2708 Caeterum
3233 2652 3423 2721 quinto

1844 2758 1965 2815 post
1994 2748 2107 2801 hrec
2133 2761 2275 2800 anno
2302 2746 2436 2815 (66),
2474 2747 2706 2799 moritur
2734 2745 2952 2813 quidem
2979 2744 3303 2798 Anastasius
3330 2758 3421 2810 pa-

1846 2838 2104 2901 triarcha,
2120 2836 2231 2906 jam
2252 2836 2546 2906 incipiente
2568 2835 3053 2903 menseJanuario;
3079 2835 3225 2890 Zeno
3243 2846 3421 2889 autem

1847 2945 2097 2985 reversus
2124 2944 2153 2983 a
2184 2929 2327 3000 fuga,
2360 2929 2525 2984 vineit
2555 2928 2897 2996 Basiliscum,
2928 2931 3017 2998 qui
3049 2930 3225 2983 adhuc
3252 2930 3425 2996 impe-

1849 3023 1985 3076 rium
2046 3023 2301 3084 tenebat,
2360 3034 2661 3091 rursusque
2718 3030 3004 3091 recuperat
3061 3022 3423 3091 principatum

1846 3129 2005 3183 quem
2041 3113 2297 3167 amiserat
2324 3113 2457 3185 (67).
2481 3114 2677 3169 Etsedi
2713 3113 3218 3183 Hierosolgmilauw
3235 3128 3424 3167 succe-

1774 3236 1817 3294 c
1849 3204 1923 3255 dit
1953 3202 2267 3274 Martyrius,
2314 3203 2401 3258 ille
2420 3219 2446 3256 a
2474 3218 2559 3257 me
2586 3204 2838 3273 superius
2860 3218 3003 3272 saepe
3048 3212 3382 3258 memoratus
3410 3224 3423 3267 ;

1848 3295 1938 3361 qui
1988 3298 2053 3347 ad
2091 3296 2266 3361 ipsum
2314 3295 2696 3365 imperatorem
2747 3295 3021 3350 Zenonem
3059 3304 3114 3349 et
3170 3297 3426 3349 Acaetum

1848 3384 2520 3456 Constantinopolitanum
2572 3389 2886 3455 episcopum
2940 3389 3134 3443 scribit
3174 3389 3239 3442 de
3282 3386 3425 3454 Apo-

165 3476 214 3535 6;
246 3476 401 3547 αύτῷ
471 3494 529 3529 τε
577 3478 653 3548 τῷ
705 3477 915 3546 βασιλεῖ
949 3477 1197 3546 Ζήνωνι,
1256 3476 1352 3529 καὶ
1397 3474 1635 3543 Ἀκακίῳ
1674 3474 1739 3543 τᾷ

1852 3477 2099 3538 schistis,
2150 3490 2449 3545 eorumque
2502 3476 2839 3546 blasphemia
2881 3486 2933 3530 et
2957 3478 3173 3531 vitanda
3201 3476 3425 3540 haeresi;

169 3568 828 3635 Κωνσταντινουπόλεως,
858 3569 924 3622 τὰ
954 3570 1083 3639 περὶ
1112 3568 1219 3620 τῶν
1256 3567 1627 3636 Ἀποσχιστῶν
1661 3568 1754 3619 καὶ

168 3656 258 3722 τῆς
283 3658 516 3711 ἐκείνων
555 3657 907 3728 βλασφημίας
938 3660 1031 3711 καὶ¹
1066 3657 1306 3727 φευκτῆς
1335 3658 1598 3729 αἱρέσεως
1634 3658 1754 3709 ἐπι-

1855 3580 2013 3638 atque
2048 3570 2184 3624 Fido
2212 3571 2441 3624 diacono
2473 3571 2670 3624 litteris
2702 3570 2936 3635 traditis,
2965 3586 3070 3624 non
3104 3584 3275 3637 pauca
3317 3570 3428 3649 viro

1857 3674 1951 3714 ore
1976 3660 2136 3714 etiam
2164 3660 2388 3713 dicenda
2431 3660 2673 3714 mandat.

169 3704 408 3801 στέλλει·
478 3704 580 3801 καζ
631 3704 813 3819 Φείδίῖ
852 3704 922 3801 τά
964 3704 1626 3819 γράὶιματάιὲγχειρίσάς
1672 3748 1751 3819 τῷ
1791 3748 2042 3819 διακόνῳ,
2107 3752 2207 3804 οὒκ
2233 3751 2389 3819 ὀλίγα
2420 3752 2595 3804 εἰπεῖν
2628 3751 2707 3822 τῷ
2737 3732 2894 3820 ἀνδρῖ
2929 3714 3024 3803 {cui
3063 3728 3150 3803 διά

166 3840 495 3894 ἐντέλλεται.

230 3931 375 3985 ΡΙΔ’.
423 3931 485 3983 Ὀ
512 3930 569 3982 δὲ
599 3932 698 4000 τὴν
736 3930 959 4001 Ἰόππην
990 3938 1019 3965 τι
1045 3928 1389 3991 καταλαϐὼν,
1429 3930 1523 3983 καὶ
1557 3930 1743 3983 πλοίου

166 4026 305 4088 τινος
345 4024 712 4093 καταίροντος
757 4024 836 4086 είς
878 4021 1149 4092 Κορύκιον
1172 4023 1193 4053 ⁰
1224 4022 1443 4089 ἐπιϐὰς,
1474 4024 1597 4077 ἐπεὶ
1623 4023 1743 4077 κατ’

167 4120 291 4170 αὐτὸ
336 4119 443 4187 ἤδη
478 4117 543 4169 τὸ
589 4115 922 4185 Παρθενικὸν
976 4116 1196 4181 ἐγένετο
1226 4116 1482 4182 πέλαγος,
1514 4116 1744 4185 χειμῶνι

1926 3927 2110 3982 CXIV.
2159 3926 2253 3982 llle
2284 3935 2463 3981 autem
2497 3942 2619 3981 cum
2656 3925 2863 3995 Joppen
2896 3924 3229 3993 pervenisset
3255 3934 3309 3976 et
3339 3941 3429 3975 ua—

1855 4022 2053 4091 vigium
2110 4019 2446 4073 ascendisset
2489 4018 2634 4087 quod
2676 4016 3127 4087 proﬁciscebatur
3171 4015 3222 4067 in
3259 4014 3432 4087 Corr

1853 4115 1996 4169 cium
2023 4114 2159 4184 (68),
2185 4112 2272 4167 ubi
2299 4111 2409 4179 jam
2433 4110 2534 4164 fuit
2563 4111 2618 4163 in
2638 4110 2754 4177 ipso
2776 4110 2908 4163 mari
2932 4108 3257 4161 Parthenico
3291 4108 3428 4176 (ϐυ).

170 4206 386 4275 μεγάλῳ
419 4206 519 4258 καὶ
568 4204 798 4257 κλύδωνι
840 4203 1137 4273 συντυχὼν,
1182 4205 1355 4274 μέσης
1408 4205 1597 4267 νυκτὸς
1640 4207 1739 4273 ὑφ-

1854 4208 1907 4260 in
1935 4220 2182 4275 magnam
2204 4203 2449 4258 incidens
2470 4202 2758 4271 procellam
2780 4210 2834 4256 et
2853 4209 3255 4270 tempestatem,
3284 4201 3429 4268 pati-

169 4298 378 4351 ίσταται
413 4298 479 4351 τὸ
506 4297 791 4363 ναυάγιον.
827 4296 1237 4365 Καταδυόμενος
1271 4298 1329 4351 δὲ
1362 4298 1485 4367 ἤδη,
1510 4300 1601 4351 καὶ
1633 4300 1740 4352 οὐδ’

1852 4310 1938 4353 tnr
1958 4300 2126 4351 media
2146 4308 2302 4352 nocte
2322 4295 2686 4364 naufragium.
2703 4293 3071 4363 Cumqnejant
3088 4294 3429 4360 demergere-

166 4391 411 4443 ὀπωσοίν
436 4389 637 4442 ἑαυτὸν
661 4388 940 4457 ὑπερέχων
967 4398 991 4436 P
1012 4386 1103 4440 τοῦ
1128 4388 1415 4452 κλύδωνος,
1436 4389 1549 4441 ἀλλ’
1572 4389 1739 4451 οὓτως

1844 4401 1947 4455 tur,
1978 4406 2075 4444 nec
2098 4404 2156 4443 se
2185 4404 2348 4457 supra
2369 4386 2565 4443 ﬂuctus
2596 4387 3088 4457 quumodocuuque
3129 4382 3431 4436 attolleret.

166 4481 265 4533 ὑπὸ
289 4481 449 4551 μέσῳ
482 4481 715 4547 πελάγει
744 4482 837 4532 καὶ
867 4480 1102 4548 ἀσαφείᾳ
1133 4478 1325 4540 νυκτὸς
1348 4480 1550 4532 ἁπολλύ
1561 4497 1740 4548 μενος,

167 4572 302 4642 ξύλῳ
335 4574 449 4625 τινὶ
492 4574 559 4624 ὲκ
619 4570 951 4642 παραλόγου,
1006 4571 1206 4640 μᾶλλον
1256 4570 1313 4623 δὲ
1355 4570 1491 4624 Θεοῦ
1542 4571 1743 4638 δόντος,

169 4665 599 4736 περιτυγχάνει·
638 4664 733 4717 καὶ
765 4664 1172 4735 άπονηξάμενος
1203 4662 1297 4717 ἐπὶ
1327 4663 1540 4727 τούτου,
1571 4664 1663 4717 καί
1694 4682 1744 4716 τι

1842 4481 1932 4535 sed
1968 4482 2044 4534 sic
2085 4481 2137 4533 in
2176 4480 2355 4534 medio
2392 4480 2553 4546 mari,
2584 4480 2869 4546 noctisque
2912 4476 3249 4531 obscuritate
3296 4476 3433 4543 peri-

1846 4585 1947 4639 ret,
1978 4574 2041 4639 ,in
2092 4574 2363 4641 quoddam
2414 4575 2641 4644 lignum,
2685 4590 2749 4627 ex
2802 4570 3103 4639 inopinato,
3156 4568 3264 4621 imo
3300 4582 3429 4618 vero

1850 4665 1958 4719 Deo
1983 4666 2165 4731 dante,
2196 4666 2460 4731 incurrit;
2497 4683 2525 4719 c
2551 4686 2617 4720 litl
2662 4684 2769 4733 quo
2804 4674 3059 4727 enatans,
3121 4659 3422 4730 paululum-

1439 4758 1671 4812 VARle
1711 4758 2118 4815 LEC'I‘IONES.

232 4862 269 4891 ω
299 4850 373 4905 al.
398 4850 538 4906 add.
583 4848 993 4920 Ἰεροσολύμων.
1069 4858 1094 4886 ³³
1124 4849 1196 4904 al.
1237 4847 1435 4920 Ἰόπην.
1516 4856 1541 4883 °
1576 4849 1647 4903 al.
1680 4850 1987 4919 Κωρύκιον.
2066 4850 2180 4903 Pal.
2210 4850 2585 4921 ὑπερανέχων.

1378 4944 1569 5001 JOAN.
1612 4944 1945 5001 BOLLANDI
1981 4945 2213 5004 NOTAE.

232 5035 339 5100 (6i)
382 5035 493 5089 An.
523 5033 626 5088 Ch.
657 5034 784 5097 474,
815 5049 997 5090 mense
1026 5034 1303 5089 Januario.

231 5106 340 5175 (ΒΞ)
381 5105 467 5159 Ex
500 5103 613 5158 ﬁlia
651 5105 907 5171 Ariadna,
940 5116 1103 5175 nupta
1130 5104 1357 5161 Zenoni.

231 5178 341 5243 (63)
386 5176 677 5230 Mensihus
710 5175 798 5228 10.

237 5246 343 5315 (64)
385 5249 496 5300 An.
529 5243 635 5298 Ch.
656 5244 783 5299 476.
827 5244 1025 5299 Basilio
1055 5255 1108 5301 et
1136 5247 1360 5299 Arman
1387 5260 1556 5309 coss.,
1584 5254 1640 5297 ut
1679 5259 1741 5297 ex

172 5316 423 5376 Simplicii
459 5329 621 5386 papre
643 5316 869 5386 epistola
905 5317 1190 5385 colligitur,
1220 5317 1301 5370 his
1329 5317 1450 5369 data
1499 5331 1643 5370 coss.
1671 5330 1743 5375 tv,

176 5386 243 5441 Id.
273 5385 535 5450 Ianuar”
574 5401 679 5451 qua
721 5385 991 5439 Zenonem
1031 5397 1082 5439 ut
1111 5402 1207 5455 pro
1244 5389 1567 5454 imperatore
1602 5400 1747 5451 (tute-

175 5458 284 5509 dam
313 5470 530 5527 ageret,
571 5457 821 5510 hortatur
851 5473 863 5509 :
894 5471 992 5510 nec
1018 5456 1106 5511 diu
1138 5468 1260 5526 post
1294 5456 1453 5511 isthic
1484 5456 1746 5517 substitit,

178 5530 304 5581 uter
333 5529 516 5581 reditu
545 5527 778 5593 patebit.

236 5596 347 5667 (65)
387 5597 928 5667 Pseudqepiscopum
988 5605 1177 5651 contra
1242 5597 1625 5661 Anastasinm,
1695 5604 1751 5648 ut

176 5666 300 5720 bene
328 5665 579 5721 advertit
605 5665 869 5719 Baronius
897 5682 983 5719 an.
1012 5666 1136 5726 476.
1159 5684 1305 5722 unm.
1340 5668 1431 5721 41.

238 5738 342 5805 (66)
385 5737 523 5791 Post
558 5747 787 5807 mortem
825 5737 880 5789 S.
911 5737 1181 5807 I'luthymii
1217 5756 1302 5791 an.
1335 5740 1435 5789 (ΙΙΙ.
1463 5736 1743 5807 477,__cutn

179 5803 474 5872 pnefuisset
512 5806 583 5859 18
614 5820 802 5869 annos,
842 5818 898 5858 ut
929 5803 1125 5863 dicitur
1171 5808 1222 5863 in
1272 5809 1536 5864 Chronico
1590 5803 1744 5861 Nice-

182 5878 338 5946 phori,
368 5888 420 5934 et
454 5877 673 5946 aliquot
699 5892 928 5932 menses.

1924 5037 2033 5107 (67)
2077 5037 2202 5091 Post
2219 5038 2288 5090 ΞΟ
2314 5050 2549 5107 menses,
2571 5047 2731 5102 quam
2752 5031 2958 5107 eiectus
2975 5038 3110 5107 er_:_tt,
3133 5038 3190 5081 ut
3210 5027 3426 5107 tradunt,

1852 5099 2083 5174 Cy'rillns
2130 5110 2179 5160 in
2223 5108 2338 5160 Vita
2381 5106 2438 5160 S.
2483 5099 2656 5165 Sabie,
2709 5113 2759 5156 et
2798 5101 2978 5154 Victor
3021 5099 3425 5174 Tttnnunensis.

1855 5170 2166 5245 Simplicius
2206 5192 2337 5244 papa
2377 5178 2444 5229 de
2475 5176 2702 5241 imperio
2742 5179 3057 5237 rei-nperato
3084 5170 3431 5245 congratula'

1854 5258 1941 5300 tur
1966 5236 2184 5311 [Zenoni
2207 5236 2313 5299 'Vll
2349 5247 2472 5298 Idus
2503 5236 2696 5297 (li-Ioh.
2736 5236 2881 5311 post,
2910 5236 3248 5295 consulatum
3277 5236 3428 5291 Basi-

1852 5319 1969 5373 lisci
2002 5319 2285 5370 etArmati
2311 5332 2400 5368 an.
2437 5315 2533 5369 Clt.
2566 5314 2688 5367 477.

1921 5390 2030 5458 (68)
2073 5385 2299 5455 Corycus
2337 5385 2658 5458 Ptoletnatg.
2694 5382 2894 5458 Plinio,
2934 5378 3301 5458 Straboni._Q.
3328 5379 3429 5433 Ca-

1849 5449 2023 5520 labro,
2048 5449 2245 5512 Cilil'Itl:
2267 5457 2517 5520 oppidum
2542 5471 2555 5518 ;
2583 5454 2868 5523 Corycium
2892 5449 3345 5523 promontorium,
3376 5460 3431 5502 et

1852 5529 1904 5581 in
1947 5544 2012 5582 eo
2053 5538 2261 5580 antrum
2311 5525 2623 5595 Corycium,
2688 5521 2739 5576 in
2788 5538 2893 5591 quo
2946 5521 3187 5589 Optimus
3232 5536 3428 5575 crocus

1852 5608 2111 5652 Itascttttr.

1925 5670 2033 5734 (69)
2078 5668 2187 5720 lum
2246 5665 2665 5726 Parthenicum,
2723 5677 2815 5716 seu
2875 5661 3225 5734 Parthenium
3282 5674 3429 5712 mare

1857 5731 2124 5790 Mart-ultio
2158 5738 2187 5788 '7
2233 5737 2475 5797 Satttrtt.,
2521 5745 2606 5787 est
2648 5750 2771 5800 pars
2816 5736 2980 5787 utaris
3023 5731 3423 5792 Mediterranei,

1855 5811 1994 5878 quod
2027 5808 2205 5862 Asiam
2237 5810 2583 5874 Africamque
2609 5804 2871 5859 iit-siluit.
