4104 6486
656 436 764 506 695

1891 431 2179 491 MISNSIS
2219 429 2460 491 JANUA
2472 431 2550 490 lil
2565 428 2685 503 US,

3809 417 3924 481 696

661 565 765 615 qua
797 563 860 601 cx
903 557 1046 600 tanta
1092 546 1399 599 calamitate
1449 553 1751 608 recreatus,
1791 545 1842 598 in
1898 544 2230 599 recordatio-

2363 542 2533 612 ιικρδν
2579 542 2642 593 ἐκ
2695 537 3027 605 τηλικαύτης
3085 533 3394 602 ἀνενεγκὼν
3455 547 3775 602 συμφοράς,
3837 535 3922 590 εἰς

665 657 785 691 ltl'm
840 639 984 692 venit
1028 636 1365 690 admirabilis
1413 635 1684 705 liutbymii
1729 650 1742 686 :
1783 642 1835 686 et
1873 633 2054 686 statim
2087 633 2234 686 illum

663 734 923 785 adversus
957 728 1262 798 periculum
1290 726 1668 782 auxiliatorem
1704 725 2011 789 invocabat,
2038 734 2092 778 et
2117 740 2234 778 ant-

663 825 757 878 ltas
781 826 827 877 ei
859 823 1109 877 tendebat
1137 835 1349 885 manus,
1386 820 1636 889 illiusque
1667 833 1860 872 nomen
1895 831 2038 886 smpe
2069 816 2236 870 incla-

665 916 868 972 mabat.
923 915 1016 970 Sic
1069 931 1198 983 ergo
1245 914 1293 968 ci
1355 911 1644 974 laboranti,
1709 919 1931 979 apparet
1987 908 2238 962 alicunde

664 1023 892 1075 magnus
914 1006 1258 1074 Entbymius,
1292 1005 1562 1060 transiens
1585 1019 1682 1070 per
1709 1018 1876 1064 mare,
1893 1012 1942 1053 ct
1964 1015 2126 1068 super
2145 998 2238 1050 flu-

662 1113 782 1157 ctus
817 1117 1005 1156 secure
1035 1101 1315 1156 incedens.
1361 1099 1460 1166 Qui
1481 1097 1671 1152 Fidum
1695 1105 1916 1165 repente
1940 1095 2236 1157 videntem,

665 1199 725 1251 in
765 1197 1178 1250 admirationem
1224 1195 1445 1261 conjicit
1483 1211 1496 1246 :
1543 1193 1633 1247 sed
1665 1205 1786 1244 eum
1827 1205 2017 1242 rursus
2051 1187 2239 1242 volens

663 1289 731 1341 ab
783 1301 988 1355 angore
1039 1296 1093 1339 et
1140 1295 1285 1338 metu
1341 1285 1523 1338 statim
1582 1281 1835 1340 liberare.
1878 1287 2132 1333 consueta
2162 1277 2238 1331 uti

662 1379 894 1433 faciebat
927 1378 1076 1448 prius
1105 1377 1430 1431 allocutione
1466 1391 1480 1427 :
1510 1373 1863 1442 Noli,inquit,
1889 1372 2076 1424 timere
2101 1387 2115 1435 ;
2141 1385 2241 1439 ego

665 1489 783 1528 sum
813 1472 1136 1545 Eutbymius
1184 1485 1373 1525 servus
1413 1469 1500 1538 Dei
1537 1481 1551 1520 :
1586 1468 1727 1522 scias
1768 1474 1978 1528 autem,
2016 1463 2108 1516 tibi
2145 1462 2240 1516 bo-

666 1581 794 1618 num
851 1581 953 1618 non
1008 1580 1127 1619 esse
1162 1564 1265 1617 boc
1301 1563 1403 1616 iter
1435 1562 1486 1615 in
1532 1568 1825 1626 conspectu
1875 1556 1990 1612 Dei.
2025 1554 2238 1608 Nullam

663 1657 807 1711 enim
847 1655 1033 1710 aﬂ'eret
1087 1655 1591 1710 utilitatem'matri
1651 1651 2040 1705 Ecclesiarum.
2099 1646 2242 1712 Qua-

665 1756 884 1816 propter
907 1757 1119 1816 oportet
1151 1757 1202 1800 te
1226 1746 1419 1802 reverti
1451 1745 1514 1799 ad
1546 1759 1669 1798 eum
1692 1743 1782 1811 qui
1815 1751 1864 1796 te
1894 1741 2060 1804 misit,
2082 1743 2242 1806 eique

668 1855 791 1892 meo
822 1839 1041 1892 nomine
1068 1838 1410 1898 denuntiare,
1453 1851 1519 1891 ne
1563 1835 1634 1890 sit
1669 1834 1941 1888 ullatenus
1975 1829 2241 1885 sollicitus

668 1933 736 1986 de
765 1932 1129 2001 disiunctione
1176 1930 1662 1998 Aposcbistarum;
1703 1941 1808 1980 non
1845 1927 1990 1977 enim
2025 1923 2113 1977 diu
2144 1921 2239 1976 ab-

668 2025 815 2088 binc,
867 2025 961 2078 sed
1005 2024 1104 2078 sub
1134 2024 1250 2092 ejus
1277 2022 1590 2090 pontificatu
1635 2019 1740 2072 erit
1786 2017 1933 2078 unio.
1967 2025 2020 2070 et
2053 2028 2242 2069 omnes

675 2115 1147 2184 Ilierosolymitani
1190 2115 1316 2167 fient
1341 2128 1479 2166 unus
1507 2126 1658 2179 grex,
1696 2120 1855 2176 atque
1885 2108 1983 2160 sub
2013 2119 2120 2160 uno
2149 2117 2244 2173 pa-

671 2217 839 2260 store.
875 2205 950 2259 Te
980 2215 1156 2260 autem
1189 2213 1402 2272 oportet
1439 2202 1624 2255 venire
1675 2201 1739 2254 ad
1787 2213 1960 2252 meam
1993 2197 2198 2250 [auram
2227 2212 2241 2261 ;

673 2307 727 2351 ct
768 2298 994 2352 fratrum
1045 2300 1260 2366 quidem
1311 2295 1478 2350 cellas
1522 2293 1738 2346 diruere
1771 2290 1838 2344 ab
1889 2289 2020 2355 ipsis
2060 2287 2245 2341 funda-

674 2400 896 2462 mentis,
921 2394 1229 2449 coenobium
1264 2405 1390 2444 vero
1421 2387 1752 2442 remtlilicare
1783 2384 1914 2447 illic,
1951 2382 2042 2437 ubi
2068 2397 2244 2436 meum

679 2489 952 2546 aedilicasti
977 2483 1374 2541 coemeterium.
1403 2480 1604 2536 Locum
1637 2479 1780 2533 enim
1807 2476 1916 2532 Deo
1939 2474 2112 2545 placet
2139 2488 2245 2528 non

681 2589 886 2641 Iauram
918 2594 1058 2647 esse,
1093 2578 1184 2633 sed
1215 2576 1393 2647 potius
1428 2570 1756 2628 coenobium.

758 2849 920 2904 CXV.
954 2848 1080 2903 llaec
1111 2846 1202 2902 ille
1237 2843 1457 2914 quidem
1493 2838 1712 2894 mandat
1742 2835 1899 2902 Fido,
1923 2843 1976 2890 et
2002 2846 2097 2887 suo
2128 2845 2249 2886 eum

685 2948 849 3019 pallio
886 2944 1080 2998 induit.
1108 2941 1155 2994 Is
1189 2953 1315 2991 vero
1347 2950 1559 2998 revera,
1588 2949 1692 2986 non
1733 2932 1785 2985 in
1820 2928 2024 2985 somnis
2065 2925 2248 2980 confe-

687 3043 815 3094 stim
858 3039 1136 3102 abreptus,
1172 3045 1277 3083 non
1312 3025 1564 3082 dissimili
1603 3023 1783 3074 forsan
1812 3019 1970 3072 modo
2011 3030 2075 3068 ac
2113 3014 2256 3067 Aba-

689 3147 808 3194 cue,
833 3127 990 3182 facile
1019 3125 1090 3178 ita
1115 3133 1170 3178 et
1205 3130 1479 3175 momento
1505 3115 1764 3184 temporis
1799 3112 2043 3166 redditur
2071 3107 2253 3172 littori;

2341 636 2646 706 ὑπόμνησιν
2696 630 2827 703 ἦλθε
2867 631 2962 684 τοῦ
3003 628 3318 699 θαυμαστοῦ
3352 625 3627 696 Εὑθυμίου
3649 640 3662 652 ”
3697 625 3790 676 καὶ
3823 623 3922 674 αὑ-

2338 729 2465 782 τίκα
2525 727 2716 798 βοηθὸν
2747 727 2956 778 ἐκεῖνον
2987 722 3130 777 κατὰ
3163 722 3259 774 τοῦ
3295 719 3543 773 κινδύνου
3585 719 3793 780 ἐκάλει,
3827 717 3922 768 καὶ

2340 821 2657 890 ἀμφοτέρας
2703 817 2880 888 ὤρεγε
2928 818 3117 885 χεῖρας
3175 811 3345 880 αὐτῷ,
3386 813 3480 864 καὶ
3541 809 3602 862 τὸ
3634 810 3804 875 ὄνομα
3858 807 3922 857 τι»

2340 915 2551 967 ἐκείνου
2581 911 2840 973 πολλάκις
2876 909 3162 962 ἐπεϐοᾶτο.
3196 906 3380 965 υῦτως
3407 896 3501 956 οῦν
3530 902 3781 970 πονήρως
3813 899 3918 951 αύ-

2341 1005 2415 1074 τῷ
2472 1004 2684 1074 ἔχοντι,
2738 999 3081 1069 ἐπιφαίνεταί
3136 997 3297 1049 ποθεν
3332 997 3360 1047 6
3407 995 3578 1064 μέγας
3618 990 3920 1060 Εὑθύμιος,

2341 1095 2491 1151 διῗὼν
2525 1097 2616 1148 ἐπὶ
2656 1095 2755 1162 τῆς
2784 1093 3081 1161 θαλάσσης,
3113 1091 3206 1143 καὶ
3237 1089 3419 1150 αὐτοῖς
3449 1087 3507 1140 δέ
3533 1087 3644 1147 τοῖς
3675 1084 3922 1152 κύμασιν

2341 1188 2599 1256 ἀσφαλῶς
2657 1185 3151 1255 ἐπιπορευόμενος·
3205 1181 3382 1235 ἰδόντα
3431 1179 3489 1233 δὲ
3548 1178 3785 1245 ἀθρόον,
3840 1176 3919 1236 εἰς

2342 1281 2604 1350 ἔκπληξιν
2627 1282 2651 1332 ἐ
2661 1278 2886 1349 μὸἀλλει
2904 1277 2996 1330 τὸν
3011 1275 3195 1329 Φεῖδον
3217 1291 3228 1304 ·
3249 1275 3346 1326 καὶ
3370 1273 3468 1342 τῆς
3491 1270 3729 1339 ἀγωνίας
3752 1269 3920 1321 πάλιν

2343 1374 2503 1436 εὐθὺς
2538 1372 2632 1425 καὶ
2663 1370 2758 1424 τοῦ
2794 1369 2948 1433 δέους
2971 1369 3137 1424 αὑτὸν
3162 1365 3430 1420 ἀπολῦσαι
3471 1363 3818 1432 βουλόμενος,
3850 1362 3922 1428 τῇ

2345 1466 2565 1537 συνήθει
2616 1467 2691 1527 ὼς
2732 1461 2845 1535 εἶχε
2880 1464 2970 1516 καὶ
3001 1462 3264 1532 πρότερον
3304 1457 3560 1524 ἐντεύξει,
3595 1455 3687 1526 Μὴ
3724 1452 3922 1522 φοϐοῦ,

2342 1560 2453 1630 ἐγώ
2479 1561 2596 1628 εἰμι
2628 1557 2903 1622 Εὑθύμιος
2926 1557 2952 1608 6
2991 1553 3086 1606 τοῦ
3107 1551 3241 1605 Θεοῦ
3271 1551 3474 1614 δοῦλος,
3510 1549 3649 1617 ἔφη·
3681 1545 3920 1614 γίνωσκε

2341 1657 2398 1708 δὲ
2430 1655 2504 1716 ὡς
2531 1653 2632 1705 ούκ
2666 1649 2860 1704 ἀστεία
2886 1665 2968 1702 σοι
2997 1648 3030 1717 ή
3059 1646 3174 1708 ὁδὸς
3205 1644 3344 1714 αῦτη
3371 1640 3603 1697 ἐνώπιον
3635 1638 3727 1692 τοῦ
3756 1637 3920 1690 Θεοῦ.

2343 1749 2477 1801 Οὐδὲ
2523 1747 2634 1818 γὰρ
2667 1743 2852 1813 ὄνησίν
2885 1759 3006 1793 τινα
3057 1738 3192 1792 οἴσει
3221 1739 3287 1806 τῇ
3325 1735 3494 1804 μητρὶ
3537 1733 3646 1785 τῶν
3685 1729 3922 1797 Ἐκκλη-

2347 1839 2498 1894 σιῶν.
2533 1838 2632 1892 Διὰ
2678 1835 2850 1891 ταῦτα
2891 1830 3246 1903 ἐπιστρέφειν
3277 1845 3334 1881 σε
3375 1829 3459 1880 δεῖ
3485 1825 3624 1896 πρὸς
3650 1822 3743 1876 τδν
3785 1825 3924 1876 ἁπο-

2346 1929 2632 1985 στείλαντά
2666 1943 2746 1991 σε,
2795 1924 2889 1978 καὶ
2921 1921 3244 1993 παρεγγυᾷν
3275 1915 3425 1987 αὐτῷ
3469 1915 3598 1984 παρ’
3643 1911 3803 1980 ἐμοῦ,
3847 1910 3923 1979 μὴ

2349 2022 2619 2095 μεριμνᾷν
2656 2018 2820 2089 μηδὲν
2850 2016 2979 2087 περὶ
3007 2014 3109 2082 τῆς
3143 2010 3253 2064 τῶν
3290 2005 3663 2078 Ἀποσχιστῶν
3693 2003 3924 2058 διαστά-

2349 2134 2486 2178 σεως
2508 2132 2520 2144 ·
2552 2116 2651 2167 οὐκ
2687 2114 2765 2173 εἰς
2803 2108 3021 2178 μακρὰν
3057 2105 3187 2174 γὰρ,
3219 2101 3335 2156 ἀλλ’
3365 2101 3458 2153 ἐπὶ
3479 2100 3575 2167 τῆς
3604 2097 3704 2165 σῆς
3733 2097 3925 2164 ἱεραρ-

2347 2208 2469 2278 χίας
2500 2206 2652 2259 ἔσται
2685 2205 2718 2267 ή
2756 2203 2970 2262 ἓνωσις,
3006 2199 3101 2251 καὶ
3131 2195 3232 2266 μία
3271 2192 3477 2262 ποίμνη
3526 2190 3728 2250 πάντες
3775 2187 3822 2238 οἱ
3867 2186 3926 2236 ἐν

2359 2297 2776 2369 Ἰεροσολύμοις,
2812 2293 2908 2347 καὶ
2939 2290 3028 2360 ὑφ’
3076 2289 3159 2342 ἐνὶ
3207 2286 3426 2355 ποιμένι
3477 2282 3819 2352 γενήσονται.
3859 2276 3929 2328 Σὲ

2347 2393 2406 2446 δὲ
2439 2367 2584 2461 πρὸς
2615 2389 2712 2456 τὴν
2748 2386 2888 2455 ἐμὴν
2933 2380 3228 2450 ἀφικέσθαι
3267 2377 3477 2447 λαύραν
3527 2374 3668 2443 χρή·
3721 2371 3816 2422 καὶ⁵
3860 2367 3932 2420 τὰ

2354 2484 2452 2552 μὲν
2479 2480 2664 2534 κελλία
2691 2478 2798 2530 τῶν
2828 2473 3091 2542 ἀδελφῶν,
3115 2474 3178 2524 ἐκ
3205 2469 3418 2540 βάθρων
3449 2464 3630 2519 αύτῶν
3657 2459 3928 2518 καθελεῖν,

2351 2573 2622 2629 κοινόόιον
2651 2571 2708 2625 δὲ
2734 2555 3183 2635 ἀνοικοδομῆσαι,
3210 2566 3268 2615 ἐν
3300 2556 3342 2627 ᾧ
3372 2560 3433 2613 τὸ
3464 2557 3597 2627 ἐμὸν
3640 2553 3929 2625 ᾠκοδόμη-

2356 2685 2453 2730 σας
2500 2663 2878 2733 κοιμητήριον.
2916 2657 3050 2710 Οὐδὲ
3085 2655 3193 2725 γὰρ
3222 2651 3450 2722 λαύραν,
3484 2646 3621 2701 ἀλλὰ
3661 2643 3931 2700 κοινόὸιον

2359 2757 2560 2830 μᾶλλον
2591 2751 2731 2807 εἶναι
2758 2752 2849 2804 τὸν
2880 2749 3065 2809 τόπον,
3103 2746 3180 2814 τῷ
3212 2743 3338 2812 Θεῷ
3359 2743 3523 2796 δοκεῖ.

2426 2851 2575 2905 PIE'.
2609 2846 2795 2901 Ταῦτα
2827 2847 2853 2898 ὁ
2893 2844 2988 2913 μὲν
3033 2840 3367 2908 ἐπισκήπτει
3397 2834 3473 2904 τῷ
3498 2832 3690 2901 Φείδῳ,
3720 2830 3819 2882 καὶ
3855 2828 3934 2895 τῷ

2358 2943 2570 3013 παλλίῳ
2601 2941 2763 2994 αὑτὸν
2793 2937 2869 3006 τῷ
2896 2933 3088 2989 ἐαυτοῦ
3109 2930 3443 3000 περιϐάλλει.
3483 2928 3541 2980 Ὀ
3570 2926 3624 2977 δὲ
3656 2923 3807 2992 ῦπαρ
3837 2924 3937 2974 οὐκ

2357 3039 2490 3107 ὄναρ
2515 3035 2854 3103 παραχρῆμα
2877 3023 3382 3097 ἀναρπασθεὶς,ούκ
3408 3018 3672 3088 ἀνομοίιιις
3696 3016 3840 3084 τάχα
3861 3014 3940 3083 τῷ

3694 3107 3706 3117 ι
3736 3106 3758 3116 η
3814 3105 3890 3118 ..κ

2371 3127 2718 3200 ’Λμὸακοὺμ,
2743 3124 2870 3195 ῥᾷον
2896 3119 3040 3173 οὓτω
3067 3117 3159 3171 καὶ
3192 3112 3396 3185 ἀκαρῆ,
3433 3111 3511 3178 τῷ
3539 3109 3770 3175 αἰγιαλῷ
3808 3109 3940 3156 δίδοι

688 3233 741 3277 et
780 3221 926 3275 velut
959 3234 990 3274 e
1019 3231 1206 3270 somno
1232 3213 1499 3268 excitatus
1550 3217 1604 3277 (0
1633 3207 1867 3260 divinam
1894 3200 2256 3271 dispensatio-

2365 3239 2472 3278 ται⁶
2489 3222 2578 3274 καὶ
2599 3214 2710 3271 οἷον
2726 3215 2818 3269 τοῦ
2840 3213 3007 3266 ὕπνου
3024 3207 3313 3269 διαναστάς
3333 3203 3397 3270 (ὦ
3410 3202 3558 3264 θείας
3575 3197 3939 3266 οἱκονομίαςῗ)

693 3329 813 3369 nem
833 3315 896 3382 l),
921 3313 970 3364 in
995 3318 1176 3363 sancta
1199 3305 1470 3358 invenitur
1492 3302 1730 3355 civitate.
1752 3299 1839 3350 Sic
1864 3304 2041 3349 autem
2067 3307 2260 3364 praeter

690 3405 998 3470 opinionem
1050 3398 1101 3450 itt
1143 3395 1300 3448 domo
1350 3400 1730 3450 conservatus,
1774 3385 1993 3455 deponit
2041 3381 2254 3450 quidem

692 3496 936 3548 divinum
971 3490 1096 3544 illud
1135 3485 1408 3554 Eutltytnii
1455 3482 1697 3552 pallium,
1732 3479 1871 3546 quod
1903 3476 2156 3531 effecerat
2185 3473 2257 3525 uti

699 3601 902 3646 tanttnn
926 3588 1146 3659 pelagus
1171 3602 1344 3655 penna
1374 3585 1537 3638 citius
1567 3583 1840 3648 tutiusque
1872 3575 2257 3636 transvolaret;

698 3676 973 3739 consueta
1001 3693 1177 3736 autem
1216 3680 1454 3733 induitur
1480 3688 1646 3730 reste.
1682 3678 1744 3726 At
1775 3672 1900 3733 illud
1943 3671 2058 3739 (scd
2091 3678 2264 3720 atten-

699 3775 933 3829 dendum
961 3783 1084 3827 est:
1118 3786 1238 3824 nam
1277 3769 1541 3823 miraculo
1567 3764 1909 3820 connectitur
1943 3760 2262 3815 miraculum

699 3876 986 3935 cognatum
1023 3865 1183 3918 veluti
1215 3871 1269 3916 et
1298 3860 1604 3928 consimile)
1627 3858 1777 3927 quasi
1807 3857 1872 3908 ab
1901 3855 2077 3922 aliqua
2105 3867 2263 3904 manu

700 3964 1002 4027 abreptum,
1055 3972 1084 4012 e
1125 3956 1298 4010 medio
1341 3953 1610 4008 sublatum
1651 3949 1945 4003 eraneScit.
1999 3946 2267 3998 Reversus

702 4053 883 4119 itaque
911 4051 972 4102 ad
999 4065 1056 4102 se
1081 4047 1264 4109 Fidus,
1292 4062 1411 4101 cum
1439 4043 1833 4097 considerasset
1854 4039 2042 4108 quales
2070 4037 2119 4088 in
2147 4049 2266 4087 eum

702 4144 1039 4199 ealatuitates
1067 4141 1438 4200 advenissent,
1460 4138 1648 4196 undas,
1681 4134 1873 4186 fluctus
1903 4127 2268 4183 vehementis-

705 4237 895 4299 simoc,
932 4241 1171 4297 noctem,
1207 4230 1666 4300 desperationem.
1706 4234 2014 4291 cmteraquc
2041 4232 2271 4289 tempes-

707 4329 834 4381 tatis
862 4327 1019 4393 bujus
1067 4326 1240 4388 mala;
1289 4324 1480 4377 deinde
1516 4336 1642 4374 vero
1684 4319 2016 4388 repentinam
2057 4316 2276 4381 inexpu-

708 4422 938 4489 gnabilis
1019 4420 1176 4473 istius
1252 4431 1505 4470 a'rumna'
1573 4412 1936 4471 solutionem,
2020 4419 2272 4472 magnum

709 4514 1054 4582 Euthyminm
1100 4527 1113 4562 :
1153 4519 1206 4562 et
1235 4504 1686 4576 quemadtnmlum
1715 4517 1839 4556 cum
1887 4499 1996 4566 jam
2029 4496 2276 4550 defessus

2365 3317 2457 3369 ἐπὶ
2486 3315 2583 3383 τῆς
2606 3311 2765 3378 ἁγίας
2787 3307 3099 3376 εῧρίσκεται
3120 3297 3514 3360 πόλε‹ι›ς.οῦτω
3538 3295 3591 3346 δὲ
3618 3291 3941 3362 παραδόξως

2365 3427 2387 3460 ε
2399 3410 2444 3469 ίς
2463 3406 2558 3475 τὴν
2574 3402 2748 3456 οἰκίαν
2763 3396 3080 3456 ἀνασωθεὶς,
3097 3389 3408 3446 ἀποτίθεται
3431 3389 3526 3453 μὲν
3539 3387 3596 3436 τὸ
3609 3385 3748 3437 θεῖον
3765 3382 3943 3434 ἐκεῖνο

2365 3496 2460 3549 τοῦ
2487 3493 2763 3561 Εὑθυμίου
2791 3487 3033 3545 παλλίον,
3064 3484 3091 3535 ὃ
3118 3479 3316 3550 πτεροῦ
3345 3477 3544 3547 μᾶλλον
3569 3474 3802 3540 πέλαγος
3827 3473 3944 3524 δια-

2371 3589 2570 3655 πτῆναι
2605 3582 2878 3643 τοσοῦτον,
2914 3575 3166 3644 ὀξύτερόν
3198 3590 3255 3624 τε
3288 3574 3379 3622 καί
3412 3567 3821 3636 ἀσφαλέστερον
3850 3567 3945 3616 αὖ·

2370 3679 2460 3732 τὸν
2488 3673 2889 3746 παρεσκεύασε,
2925 3669 3020 3735 τὴν
3065 3664 3269 3734 συνήθη
3305 3663 3357 3715 δὲ
3396 3661 3584 3729 στολὴν
3622 3657 3949 3728 περιϐάλλεο

2371 3789 2480 3824 ται.
2518 3769 2721 3820 Ἐκεῖνο
2746 3766 2819 3816 δέ·
2857 3762 2990 3816 ἀλλὰ
3016 3757 3348 3829 προσεκτέον
3369 3772 3381 3784 ·
3417 3751 3696 3807 ἀκολουθεῖ
3724 3752 3837 3818 γάρ
3874 3750 3950 3818 τῷ

2377 3863 2615 3930 θαύματι
2671 3857 2854 3926 θαῦμα
2908 3852 3166 3919 συγγενὲς
3215 3848 3327 3901 οἷον
3377 3847 3471 3898 καὶ
3527 3843 3946 3912 παραπλήσιον·

2377 3954 2628 4022 καθάπερ
2657 3949 2759 4003 ὑπό
2785 3965 2925 4008 τινος
2947 3943 3278 4012 διαρπασθέν
3304 3938 3504 4010 χειρὸς,
3532 3936 3731 4002 ἀφανὲς
3758 3936 3825 3985 ἐκ
3859 3931 3951 3984 τοῦ

2381 4053 2544 4118 μέσου
2574 4048 2806 4114 γίνεται.
2851 4037 3192 4094 Ἐπανελθὼν
3234 4033 3521 4102 τοιγαροῦν
3566 4035 3644 4092 εἰς
3696 4030 3893 4082 ἐαυτξν
3926 4029 3953 4079 6

2375 4143 2576 4204 Φεῖδος,
2613 4138 2708 4190 καὶ
2735 4131 2822 4189 οἶα
2857 4130 3154 4187 καταλάϐοι
3187 4128 3351 4180 αὑτὸν
3384 4126 3532 4177 δεινά
3566 4124 3953 4192 λογισάμενος,

2377 4235 2466 4286 τὶν
2500 4232 2768 4293 κλύδωνα,
2803 4231 2899 4288 τὰς
2933 4222 3250 4295 τρικυμίας,
3296 4220 3392 4288 τὴν
3445 4218 3634 4279 νύκτα,
3671 4217 3768 4284 τὴν
3814 4215 3978 4268 ἀπό--

2378 4341 2602 4392 γνωσιν,
2634 4321 2726 4375 καὶ
2752 4322 2851 4372 ὅσα
2877 4318 2970 4370 τοῦ
3006 4314 3272 4384 χειμῶνος
3305 4310 3496 4364 τούτου
3540 4308 3683 4362 κακά
3708 4323 3722 4335 ·
3760 4307 3960 4359 ἔπειτα

2377 4418 2478 4486 τὴν
2499 4416 2700 4486 ἁθρόαν
2728 4414 2825 4480 τῆς
2858 4410 3071 4480 ἀμάχου
3105 4407 3305 4474 ταύτης
3342 4405 3624 4474 συμφορᾶς
3657 4400 3830 4462 λύσιν,
3866 4399 3958 4451 τὸν

2385 4510 2558 4575 μέγαν
2589 4503 2860 4572 Εὐθύμιον
2886 4518 2899 4531 ·
2944 4500 3038 4554 καὶ
3075 4501 3223 4558 ὅπως
3261 4493 3699 4564 ἁπαγορεύσαντι
3727 4491 3831 4559 ἤδη
3863 4493 3962 4542 καὶ

710 4607 1017 4660 concideret
1049 4603 1250 4662 animo,
1283 4612 1336 4652 et
1368 4595 2000 4666 gravitersuﬂ‘ocarctur,
2034 4597 2248 4657 apparet

2385 4597 2806 4664 ἀποπνιγομένῳ
2868 4592 3076 4652 δεινῶς,
3121 4588 3470 4655 ἐπιφαίνεται
3520 4583 3764 4647 πεζεύων
3813 4583 3964 4635 κατὰ.

707 4700 932 4768 pedibus
978 4711 1074 4765 per
1124 4696 1319 4746 lluctus
1373 4691 1652 4750 incedens,
1714 4701 1777 4738 ac
1843 4684 2005 4737 veluti
2058 4696 2272 4733 manum

711 4791 1013 4859 porrigens,
1050 4786 1277 4839 ltilaretu
1321 4782 1534 4851 penitus
1568 4778 1712 4833 illam
1743 4776 1936 4830 faciem
1967 4783 2019 4828 et
2061 4787 2274 4834 vocem,

712 4893 872 4949 atque
899 4881 1004 4947 iam
1039 4877 1178 4930 dicta
1214 4875 1473 4927 mandans
1507 4871 1576 4935 ei,
1628 4869 1950 4936 tandemque
1979 4866 2142 4934 pallio
2173 4865 2278 4918 cir-

714 4973 995 5034 runtdans,
1041 4979 1094 5022 et
1142 4967 1514 5020 transmittens
1561 4964 1731 5017 instar
1771 4961 1893 5014 alati
1938 4959 1991 5012 in
2023 4973 2146 5012 acre
2187 4972 2279 5024 per

717 5075 923 5117 tantum
968 5076 1140 5122 mare,
1181 5067 1237 5111 et
1267 5056 1408 5110 domi
1451 5069 1561 5108 suae
1608 5052 1836 5106 reddens
1878 5048 2279 5103 insensibiliter.

720 5157 840 5208 lla-c
871 5171 992 5208 cum
1044 5151 1183 5221 apud
1228 5165 1287 5205 se
1338 5148 1729 5203 considerasset
1767 5144 1949 5205 Fidus,
1999 5145 2132 5195 istas
2163 5157 2282 5194 cum

721 5263 912 5319 magna
940 5245 1293 5300 admiratione
1319 5241 1501 5295 emisit
1536 5254 1692 5293 voces
1724 5254 1737 5292 :
1772 5235 1923 5290 Nunc
1953 5236 2073 5287 novi
2100 5249 2282 5287 rerum

720 5355 838 5395 esse
861 5347 913 5390 et
937 5350 1248 5406 germanqu
1274 5333 1365 5386 Dei
1391 5346 1604 5384 servum
1637 5345 1885 5397 maguum
1920 5326 2284 5395 Eutbytuium,

726 5432 790 5484 ab
821 5445 991 5499 eoque
1030 5430 1249 5482 missqu
1283 5425 1538 5478 liberasse
1572 5440 1654 5475 me
1691 5438 1716 5472 a
1751 5419 2078 5474 calamitate.

796 5519 979 5576 CXVI.
1041 5520 1300 5585 Deinceps
1365 5529 1540 5569 autem
1603 5515 1715 5566 bzcc
1780 5525 1995 5579 quoque
2051 5508 2289 5562 narravit

731 5614 910 5667 matri.
965 5611 1054 5663 Illa
1106 5626 1232 5662 vero
1265 5610 1343 5663 eis
1375 5624 1558 5659 aurem
1586 5606 1813 5657 libenter
1840 5601 2286 5662 accommodans;

733 5706 940 5784 amabat
971 5704 1112 5758 enim
1142 5718 1243 5755 non
1278 5702 1442 5755 liliunt
1478 5701 1676 5755 duntax
1702 5708 1756 5760 ιι,
1789 5694 1878 5748 sed
1907 5694 2065 5747 etiam
2092 5692 2286 5757 Deum;

2385 4690 2665 4758 κυμάτων,
2706 4686 2800 4737 καὶ
2833 4684 2995 4736 οἱονεὶ
3025 4683 3182 4750 χεῖρα
3215 4679 3426 4748 ὀρέγων
3458 4678 3556 4745 τὴν
3589 4675 3780 4744 ἱλαρὰν
3815 4673 3964 4724 ἐκεί-

2385 4798 2483 4850 νην
2507 4779 2599 4833 καὶ
2639 4778 2760 4847 ὄψιν
2792 4775 3032 4844 ἀτεχνῶς
3080 4775 3175 4825 καὶ
3210 4771 3410 4839 φωνὴν,
3447 4770 3537 4822 καὶ
3575 4769 3640 4820 τὰ
3691 4767 3966 4836 εἰρημένα

2387 4873 2741 4938 ἐπισκήπτων
2769 4868 2937 4936 αὐτῷ,
2965 4866 3058 4917 καὶ
3095 4863 3248 4924 τέλος
3279 4862 3338 4913 τὸ
3377 4861 3598 4913 παλλὲον
3634 4859 3964 4928 περιτιθεὶς,

2388 4961 2479 5013 καὶ
2506 4960 2740 5026 πέλαγος
2765 4954 3017 5008 τοσοῦτον
3053 4953 3360 5020 ὑπόπτερον
3390 4951 3577 5017 ὥσπερ
3603 4949 3800 5015 ἁερίως
3848 4947 3968 4998 δια-

2388 5053 2650 5116 ϐιϐάζων,
2701 5049 2794 5101 καὶ
2832 5047 2904 5116 τῷ
2936 5045 3069 5114 οἴκῳ
3108 5041 3525 5110 ἀνεπαισθήτους
3563 5038 3850 5099 ἀποδιδοὺς
3887 5038 3971 5106 τῷ

2388 5143 2593 5212 οἰκείῳ.
2634 5141 2820 5194 Ταῦτα
2872 5138 3231 5206 λογισάμενος
3274 5134 3397 5187 καθ’
3439 5131 3628 5184 ἑαυτὸν
3678 5131 3705 5181 6
3755 5129 3969 5191 Φείδος,

2389 5233 2606 5295 ἐκείνας
2628 5231 2807 5299 ἀφῆκε
2835 5229 2951 5298 μετ’
2977 5224 3290 5295 ἐκπλήξεως
3312 5233 3338 5273 q
3357 5222 3454 5284 τὰς
3480 5219 3684 5288 φωνάς’
3709 5217 3825 5271 Νῦν
3850 5213 3972 5270 οἶδα

2389 5328 2470 5380 ὅτι
2511 5326 2730 5394 γνήσιος
2775 5320 2910 5374 Θεοῦ
2943 5320 3197 5389 θεράπων
3236 5318 3263 5368 6
3309 5317 3478 5384 μέγας
3533 5310 3830 5380 Εὖθύμιος,
3875 5314 3975 5362 καὶ

2392 5418 2522 5488 παρ’
2552 5415 2718 5468 αὑτοῦ
2751 5413 3044 5482 πεμφθεὶς,
3072 5409 3306 5474 ἐξείλετό
3336 5425 3400 5476 με
3426 5406 3520 5474 τῆς
3549 5405 3858 5473 συμφορεῖς.

2464 5506 2603 5561 ΡΙΣ’.
2661 5507 2819 5572 Ἐξῆς
2849 5505 2904 5557 δὲ
2952 5505 3043 5556 καί
3084 5505 3146 5571 τῇ
3199 5500 3364 5570 μητρὶ
3393 5499 3630 5565 διηγεῖτο
3665 5494 3865 5546 ταῦτα.
3909 5494 3974 5545 Ἡ

2393 5603 2448 5654 δὲ
2479 5603 2536 5654 τὸ
2562 5595 2653 5663 οὖς
2685 5601 2862 5660 αὐτοῖς
2895 5597 3064 5664 ἡδέως
3096 5594 3372 5661 ύπὲχουσα
3406 5607 3419 5622 ·
3451 5590 3623 5656 ἐφίλει
3659 5588 3763 5656 γὰρ
3793 5587 3856 5637 οὗ
3885 5587 3976 5636 τὶι

2397 5694 2507 5744 υἱὸν
2539 5693 2720 5761 μόνον,
2767 5689 2899 5743 ἀλλὰ
2944 5687 3036 5740 καὶ
3074 5687 3159 5738 τὶν
3190 5684 3363 5737 Θέον·
3405 5683 3496 5734 καὶ
3544 5680 3629 5732 διὰ
3676 5677 3847 5731 ταῦτα
3879 5676 3977 5728 τοῦ

2015 5787 2248 5841 κίιιξιιιίί
2295 5784 2698 5844 LEC'I'lONES.

797 5902 826 5943 η
866 5893 929 5946 al.
970 5897 1105 5958 μετὰ
1142 5893 1332 5962 πολλῆς
1369 5891 1483 5959 τῆςα
