4104 6486
167 426 275 493 69⁸1

1461 429 1633 489 VITA
1684 428 1742 487 S.
1788 426 1997 488 EUTll
2010 431 2200 493 ΥΜΙΙ.

3361 428 3469 493 698

168 539 437 603 σώζοντκ
462 555 521 592 τε
548 539 642 593 καὶ
668 538 764 593 τοῦ
796 538 1105 609 σωζομένου
1145 540 1209 607 τῇ
1242 538 1495 609 διηγήσει
1532 538 1756 608 μάλιστα

1874 550 1925 593 et
1960 554 2248 611 propterea
2288 548 2398 594 tum
2420 541 2689 595 servantis
2724 548 2835 594 tum
2868 540 3066 595 servati
3103 539 3339 595 maxime
3369 544 3461 595 de—

169 631 433 701 ἡδομένη,
464 630 557 683 καί
582 649 682 683 που
714 630 808 683 καὶ
830 630 1039 699 δᾶκρυα
1074 629 1180 681 τῶν
1207 628 1501 697 ὀφθαλμῶν
1529 629 1769 681 ἀποστά-

169 729 359 791 ζουσα,
380 726 653 795 ἐκπλῆσαι
682 726 895 779 ᾶπαντα
919 725 994 794 τῷ
1016 724 1116 791 υίῷ
1138 722 1544 776 συνεϐούλευεν.
1578 722 1769 774 "Exst-

165 838 233 873 τα
270 822 372 889 μέν
411 838 491 872 τοι
528 822 621 872 καὶ
654 820 790 888 πρδες
823 820 910 871 τὸν
954 818 1299 886 πατριάρχην
1334 818 1547 879 διαϐὰς,
1588 818 1770 885 ἀπήγ-

165 914 315 979 γειλε
346 912 442 964 καὶ
471 910 617 979 αύτῷ
647 912 819 961 πάντα
852 912 878 961 ὁ
900 910 1104 970 Φεῐδος.
1139 910 1409 969 Κάκεῖνος
1434 908 1571 974 ἄγαν
1604 924 1768 959 καταο

165 1004 401 1069 πλαγεὶς
424 1002 500 1071 τῷ
520 1002 815 1072 παραλόγῳ
842 998 932 1053 τοῦ
952 1002 1314 1071 διηγήματος,
1330 997 1405 1054 Ἶί
1433 1002 1536 1071 μὴν
1554 1000 1767 1069 προφή-

162 1113 262 1164 της
299 1096 395 1147 τοῦ
446 1094 602 1156 θεοῦ*
660 1089 834 1156 dm",
866 1096 893 1146 ὁ
932 1095 1105 1162 μέγας
1144 1092 1432 1161 Εὑθύμιος.
1470 1093 1561 1145 καὶ
1601 1092 1767 1162 πολλὴ

164 1192 259 1241 καὶ
293 1190 503 1257 ἀραῖος
538 1187 688 1257 αύτῷ
715 1187 848 1257 πρὸς
899 1189 1105 1240 ἐκεῖνον
1140 1188 1171 1257 ἠ
1202 1186 1515 1257 παρῤησίγ
1546 1187 1611 1238 τὰ
1659 1187 1766 1255 γὰρ

165 1287 298 1353 περὶ
338 1284 441 1349 τῆς
470 1282 700 1349 λαύρας,
734 1282 825 1333 καὶ
861 1280 965 1333 ὑπὸ
1013 1283 1178 1333 πᾶσιν
1206 1283 1337 1349 ἡμῖν
1372 1281 1605 1349 μάρτυσι
1636 1298 1769 1348 προη

161 1374 442 1445 ηγόρευσε
502 1374 713 1443 μέλλων
758 1373 816 1425 ὲν
877 1373 1101 1443 Χριστῷ
1156 1371 1514 1426 τελειοῦσθαι.
1578 1372 1764 1426 Ταῦτα

162 1468 361 1530 είπῶν,
390 1470 679 1540 ἐπιτρέπει
708 1470 785 1538 τῷ
814 1468 985 1537 Φείδῳ
1022 1466 1115 1519 καὶ
1145 1466 1307 1528 αὐτὸς
1336 1464 1433 1536 τὴν
1454 1464 1547 1517 τοῦ
1584 1483 1760 1517 κοινο-

163 1562 284 1614 6Ξου
346 1562 684 1630 οἰκοδομήν·
725 1562 819 1613 καὶ
880 1558 979 1629 τὴν
1038 1560 1217 1610 ἐκεῖσε
1265 1556 1491 1610 κάθοδον
1547 1555 1765 1609 δίδωσιν

165 1652 322 1721 αὐτῷ
355 1669 370 1681 ·
408 1650 881 1720 ἐπαγγειλάμενος
912 1649 1024 1719 ἅμα
1061 1648 1157 1701 καὶ
1200 1647 1415 1712 ἑαυτὸν,
1444 1648 1605 1700 παντὶ
1643 1647 1763 1699 σθέ-

164 1762 243 1796 νει
286 1744 382 1797 τοῦ
413 1744 577 1813 ἔργου
616 1742 1081 1811 συνεφαψάμενοι).

234 1840 362 1892 PIZ'
406 1840 581 1907 Χεῖρα
622 1837 804 1890 τοίνυν
849 1836 1049 1907 πολλὴν
1084 1840 1111 1889 ὁ
1141 1837 1323 1900 Φεῖδος
1370 1833 1659 1905 ὑπηρετῶν
1699 1850 1757 1885 τε

164 1934 259 1983 καὶ.
292 1932 615 2001 οἰκοδόμων,
650 1933 742 1983 καὶ
769 1930 877 1982 τῶν
910 1930 1229 2001 μηχανικῶν
1265 1931 1358 1981 ’ἐνα
1398 1926 1753 1998 παραλαϐὼν,

167 2026 417 2077 κάτεισιν
448 2026 527 2086 εἰς
567 2023 663 2093 τὴν
690 2014 913 2092 λαύραν·
940 2025 1032 2074 καὶ
1065 2022 1124 2075 τὸ
1171 2021 1435 2074 xor/66w:
1471 2020 1757 2087 οἰκοδομή-

168 2135 287 2179 σας,
330 2116 428 2169 καλ⁵
479 2116 722 2185 φραγμῷ
763 2116 948 2182 κύκλῳ
980 2116 1074 2166 καὶ
1120 2114 1307 2182 τειχίῳ
1354 2111 1663 2183 περιλαίών
1700 2122 1755 2164 ν.

166 2210 253 2261 τὸν
291 2210 391 2278 μὲν
426 2210 654 2261 παλαιὸν
687 2211 834 2271 ναδν,
868 2210 947 2269 εἰς
976 2209 1295 2279 ἀριστήριον
1320 2208 1340 2235 ⁸
1370 2209 1479 2267 τοῖς
1511 2205 1757 2272 ἀδελφοῖς

166 2303 461 2372 ἀπονέμει,
490 2302 681 2371 ἕτερον
709 2302 762 2353 δὲ
790 2302 1049 2371 ὑπεράνω
1078 2300 1197 2353 νέον
1226 2300 1520 2366 οἰκοδομεῖ.
1545 2298 1757 2367 Πύργον

163 2399 219 2451 δὲ
246 2398 345 2450 τοῦ
376 2396 649 2450 κοινοὸίου
681 2396 847 2458 ἔνδον,
884 2394 1045 2447 οίονεί
1080 2411 1132 2445 τι
1162 2396 1261 2463 τῆς
1292 2395 1498 2463 ἐρήμου
1526 2392 1709 2461 ἔρυμα
1738 2392 1753 2426 ί

168 2494 352 2561 πάσης
386 2491 707 2561 περιφανῶς
747 2490 1060 2558 ἀνεγείρει·
1111 2488 1206 2541 καὶ
1252 2487 1394 2539 κατά
1426 2486 1589 2555 μέσον
1627 2485 1758 2537 αὐτὸ

166 2588 467 2639 ἀποτάττει
492 2586 551 2639 τὸ
596 2585 977 2654 κοιμητήριον.
1020 2584 1131 2652 Τὴν
1186 2581 1242 2634 δὲ
1279 2580 1374 2633 τοῦ
1414 2582 1580 2632 τόπου
1612 2579 1759 2632 θέσιν

168 2682 265 2747 ἐφ’
366 2679 426 2730 τὸ
464 2678 610 2747 ἱερὸν
639 2676 796 2728 τοῦτο
846 2676 1116 2728 κοινὲϐιον
1150 2677 1386 2746 ἵδρυται,
1432 2674 1492 2727 εὖ
1520 2692 1577 2726 τε
1612 2674 1758 2744 ὧρας

166 2774 399 2840 ἔχουσαν
446 2770 532 2822 δια
569 2768 770 2837 πολλὴν
809 2768 1142 2835 ὁμαλότητα,
1179 2770 1273 2819 καὶ
1327 2769 1580 2835 μοναχοῖς
1623 2766 1758 2834 πρὸς

168 2867 403 2933 ἄσκησιν
429 2861 594 2914 οὖσαν
618 2859 951 2927 ἐπιτηδείαν,
988 2859 1065 2910 δι’
1094 2859 1272 2928 ἀέρων
1296 2858 1394 2927 οὐχ
1438 2859 1636 2927 ἣκιστα
1664 2857 1755 2909 εὐ·

168 2955 405 3025 κρασίαν
464 2953 581 3006 καθ’
612 2955 735 3004 ὅσον
759 2946 870 3004 οἷόν
917 2968 975 3003 τε
1000 2950 1285 3021 διαγρὰψω
1319 2952 1394 3019 τῷ
1424 2952 1585 3019 λόγῳ.

235 3045 395 3101 Ριῃι.
420 3046 576 3097 ἐστι
611 3062 692 3105 τις
722 3044 883 3110 λόγως
913 3042 1251 3112 βραχύτατος
1284 3044 1487 3111 μεταξὺ
1522 3043 1615 3096 δύο
1646 3062 1758 3098 κοι-

164 3139 340 3191 λάδων
361 3136 420 3201 ἐξ
439 3134 713 3189 ἀνατολῶν
733 3137 826 3187 καὶ
841 3134 899 3186 δύ
910 3146 1087 3187 σεωνιι
1108 3133 1402 3186 συνιουσῶν
1421 3134 1604 3203 ἠρέμα
1624 3137 1758 3204 πρὸς

163 3232 223 3283 τὸ
239 3232 391 3290 αὐτὸ.
433 3232 525 3281 καὶ
555 3230 812 3298 ἀλλήλαις
837 3227 980 3281 κατά
1000 3226 1061 3279 τὸ
1090 3227 1264 3279 νότιον
1287 3228 1751 3295 ὲπιμιγνυμένων.
1783 3261 1830 3323 c

167 3322 246 3374 Τὰ
295 3320 485 3388 μέντοι
533 3319 667 3389 πρὸς
702 3318 905 3388 βορῤαν
942 3317 1107 3370 αὐτοῦ
1169 3318 1471 3388 διήπλωται
1528 3318 1754 3387 λαμπρὰ

167 3411 357 3472 πεδιὰς
412 3410 506 3460 ἐπὶ
553 3410 700 3478 τρισὶ
755 3407 990 3477 μάλιστα
1029 3409 1309 3477 κεχυμένη
1378 3408 1632 3470 σταδίοις,
1666 3404 1752 3459 οἷα

168 3506 299 3572 πρὸς
361 3503 556 3571 ἡδονὴν
612 3502 871 3555 κάλλιστα
923 3504 1017 3554 καὶ
1076 3501 1267 3571 τέρψιν
1333 3502 1748 3571 ὲπινενοημένη.

165 3599 391 3667 Διαρρεἰ
417 3596 473 3649 δὲ
503 3596 590 3648 διᾶ⁸
625 3596 795 3663 μέσης
825 3594 996 3661 αὐτῆς
1028 3596 1055 3646 ὁ
1101 3594 1426 3663 χείμαρρος,
1457 3594 1662 3646 ἄνωθεν
1689 3596 1753 3645 ὲκ

164 3692 258 3744 τοῦ
290 3692 424 3761 7:90;
478 3690 743 3750 ἀνατολὰς
780 3688 969 3757 βουνοῦ
1014 3686 1239 3749 κατιὼν,
1278 3688 1372 3738 καὶ
1408 3686 1596 3759 ῶσπερ
1670 3704 1754 3749 τις

165 3789 307 3855 ζώνη
372 3784 451 3852 τῷ
499 3786 649 3851 τόπῳ
687 3782 991 3849 γινόμενος.
1029 3779 1169 3849 Πρὸς
1206 3779 1340 3847 αὐτῇ
1372 3796 1433 3845 γε
1466 3780 1572 3848 μὴν
1602 3781 1664 3849 τῇ
1694 3796 1751 3830 τε

166 3879 257 3931 τοῦ
287 3878 456 3944 λόφου
493 3874 627 3942 πρὸς
650 3874 709 3926 τὸ
746 3872 925 3924 πεδίον
955 3870 1245 3932 ἐπικλίσει,
1284 3872 1377 3920 καὶ
1409 3873 1471 3937 τῇ
1508 3870 1602 3920 σὺν
1634 3868 1753 3938 ῶρᾳ

164 3971 373 4021 τούτων
424 3965 568 4035 μίξει
628 3964 723 4016 καὶ
780 3965 1014 4029 συναφὴ,
1049 3962 1136 4011 ὅτε
1182 3959 1388 4028 πύργος
1432 3959 1749 4027 ἀνέστηκεν,

168 4055 279 4111 οἷον
304 4075 386 4119 τις
416 4055 635 4125 κορυφὴ
655 4057 749 4106 καὶ
777 4051 1093 4122 ἀκρόπολις.
1121 4052 1229 4101 Καὶ
1262 4050 1351 4101 τὸν
1382 4050 1591 4117 πύργον
1626 4050 1753 4119 ὲξῆς

164 4154 194 4215 ὴ
228 4148 367 4219 πρὸς
418 4148 479 4197 το
528 4144 707 4196 πεδίον
766 4142 1071 4209 διαδέχεται
1119 4141 1263 4209 πύλη
1302 4142 1752 4211 παραπέμπουσα

166 4260 289 4302 τους
319 4240 565 4305 ἐξιόντας
612 4236 728 4305 μεθ’
754 4234 969 4304 ἡδονῆς,
1004 4232 1255 4303 καθάπερ
1285 4236 1392 4287 ἀπό
1422 4252 1563 4297 τινος
1599 4252 1753 4305 περι-

164 4334 319 4400 ωπῆς
376 4331 491 4389 τοῖς
544 4327 725 4388 καλοῖς
758 4326 987 4386 ἐκείνοις
1038 4325 1139 4391 τῆς
1190 4325 1438 4388 πεδιάδος
1484 4326 1752 4395 θεάμασιν

166 4425 595 4485 ἐπικύπτοντας.
639 4420 800 4473 Ἀλλὰ
830 4419 880 4472 τί
914 4420 979 4471 ἄν
1010 4436 1095 4483 τις
1130 4420 1231 4489 τὴν
1261 4420 1353 4473 τοῦ
1385 4421 1551 4474 τόπου
1580 4440 1751 4474 κατα-

168 4522 296 4591 λέγῃ
323 4518 489 4586 φύσιν
517 4535 526 4543 ν
556 4517 707 4577 ὅπως
745 4514 839 4581 μὲν
870 4514 1076 4582 ἥμερός
1106 4530 1161 4565 τε
1200 4514 1289 4565 καὶ
1321 4512 1523 4580 εὖγεως
1559 4524 1581 4546 ν
1612 4532 1623 4544 ·
1656 4516 1751 4583 οἵῳ

1878 635 2071 687 Icctata
2134 634 2323 695 relatu,
2381 644 2545 702 atque
2592 635 2753 687 etiam
2809 635 3079 703 Iacrymas
3130 634 3464 702 profundcns

1874 744 1935 781 ex
1989 728 2177 792 oculis,
2232 728 2501 780 consuluit
2556 726 2665 779 lilio
2720 738 2915 781 cuncta
2974 728 3243 796 impleret.
3294 726 3463 780 Porro

1873 820 2143 873 transiens
2195 828 2379 887 postea
2419 820 2482 871 ad
2527 818 2922 886 patriarcham,
2952 819 2998 871 ei
3032 832 3245 886 quoque
3279 820 3461 869 omnia

1875 913 2207 965 renuntiavit
2260 910 2443 966 Fidus.
2502 911 2563 963 Et
2620 912 2706 964 ille
2759 911 3108 964 vehementer
3163 910 3463 963 admiratus

1873 1010 2237 1061 narrationem
2289 1007 2543 1074 Opinione
2592 1007 2893 1070 majorem:
2941 1006 3212 1064 Profecto,
3263 1004 3457 1069 inquit,

1873 1097 1964 1151 Dei
2002 1099 2260 1165 propheta
2293 1108 2375 1152 est
2420 1112 2649 1165 magnus
2682 1097 3033 1166 Eulhymius,
3074 1110 3377 1163 magnaque
3407 1106 3460 1146 et

1873 1189 2162 1244 ineffabilis
2191 1200 2272 1243 est
2301 1190 2346 1243 ei
2388 1190 2527 1256 apud
2582 1188 2728 1241 illum
2768 1189 2960 1242 fiducia
2996 1205 3011 1241 :
3051 1203 3172 1255 quae
3216 1186 3359 1240 enim
3392 1185 3459 1238 ad

1869 1284 2076 1337 Iauram
2128 1291 2394 1351 spectant,
2428 1296 2487 1333 ea
2520 1296 2702 1333 coram
2739 1280 2898 1333 nobis
2943 1280 3194 1333 omnibus
3229 1279 3458 1333 testibus

1868 1376 2137 1445 praedixit,
2166 1376 2277 1445 jam
2330 1375 2381 1427 in
2413 1375 2632 1427 Christo
2676 1389 2769 1441 per
2801 1382 3029 1427 mortem
3063 1387 3456 1426 consumman-

1868 1475 1987 1525 dus.
2034 1471 2127 1525 llis
2163 1469 2349 1530 dictis,
2391 1470 2503 1536 ipse
2553 1468 2716 1522 etiam
2757 1466 2891 1521 Fido
2934 1466 3230 1521 committit
3275 1479 3458 1521 emno-

1870 1562 1938 1614 bii
1970 1561 2414 1623 :edificatiuuem;
2449 1560 2809 1628 conceditque
2839 1558 2886 1612 ei
2921 1566 2979 1610 ut
3015 1558 3107 1612 illo
3142 1558 3455 1625 proﬁcisca-

1867 1666 1985 1721 tur;
2013 1655 2171 1711 simul
2201 1654 2480 1724 professus
2503 1670 2559 1707 se
2579 1669 2791 1723 quoque
2816 1652 3069 1707 omnibus
3089 1652 3295 1707 viribus
3319 1668 3456 1721 Opus

1866 1771 1894 1806 Il
1906 1771 1969 1807 113
2004 1770 2125 1807 esse
2157 1767 2559 1820 aggressurum.

1935 1846 2143 1901 CXVII.
2175 1846 2339 1899 Fidus
2370 1846 2571 1913 itaque,
2600 1850 2818 1912 accepta
2852 1856 3043 1910 magna
3073 1856 3234 1894 manu
3266 1839 3457 1895 minis-

1867 1949 2072 1991 trormn
2123 1945 2177 1991 et
2204 1946 2559 1999 structorum,
2592 1950 2714 1989 cum
2752 1949 2858 1989 uno
2893 1949 2957 1987 ex
2993 1932 3327 1986 mechanicis
3360 1946 3453 1985 seu

1864 2031 2201 2095 architectis,
2231 2028 2511 2082 descendit
2541 2028 2591 2081 iu
2622 2027 2830 2081 Iauram
2867 2044 2880 2078 :
2912 2040 3143 2094 cumque
3183 2024 3453 2077 aediﬁcas-

1864 2136 1944 2178 set
1984 2123 2313 2185 cmnobium,
2372 2130 2636 2188 septoque
2687 2129 2741 2171 et
2788 2134 2943 2173 muro
2986 2117 3039 2171 in
3090 2119 3277 2171 orbem
3311 2123 3456 2171 esset

1864 2214 2213 2285 complexus,
2264 2221 2419 2266 vetus
2459 2212 2678 2282 quidem
2722 2210 2978 2279 templum
3046 2210 3293 2262 attribuit
3344 2207 3453 2261 fra-

1866 2311 2037 2364 tribus
2073 2312 2138 2363 ad
2176 2306 2517 2363 caenaculum
2554 2324 2568 2359 :
2614 2305 2756 2358 aliud
2791 2314 2970 2357 autem
3023 2302 3282 2371 templum
3320 2303 3453 2355 ardi-

1864 2404 1989 2459 ficat
2052 2404 2323 2470 superius.
2389 2401 2533 2453 Inter
2592 2398 2899 2453 cmuohium
2962 2412 3114 2461 vero,
3174 2397 3455 2465 splendide

1864 2498 2065 2551 exeitat
2096 2496 2313 2555 turrim,
2347 2493 2494 2549 velut
2539 2492 2813 2561 quoddam
2845 2490 3009 2545 totius
3048 2490 3216 2544 eremi
3256 2504 3453 2559 propu-

1864 2587 2187 2655 gnaculum;
2241 2595 2295 2638 et
2346 2583 2397 2636 in
2454 2583 2634 2637 medio
2676 2583 2993 2637 ccemeterio
3024 2581 3273 2636 collocat.
3322 2580 3451 2635 Loci

1864 2696 1993 2733 vero
2018 2680 2342 2746 posituram.
2373 2676 2425 2729 in
2459 2690 2561 2743 qua
2600 2675 2702 2728 hoc
2730 2690 2941 2727 sacrum
2971 2684 3345 2728 constructum
3370 2684 3452 2727 est

1864 2772 2194 2833 cmnobium,
2224 2779 2277 2823 et
2309 2768 2591 2837 pulchram
2624 2768 2809 2821 multa:
2832 2766 3161 2836 arqnalitatis
3188 2781 3374 2827 causa,
3397 2779 3453 2820 et

1864 2862 2147 2917 monachis
2172 2861 2235 2915 ad
2256 2861 2575 2915 exercitium
2603 2871 2784 2928 aptam
2805 2871 3029 2927 propter
3050 2859 3191 2913 aeris
3214 2857 3453 2911 maxime

1864 2953 2337 3022 temperationem,
2376 2951 2620 3006 oratione
2644 2950 2950 3005 describam
2981 2965 3076 3020 pro
3109 2949 3338 3003 viribus.

1932 3046 2161 3102 CXVIII.
2190 3048 2286 3099 Est
2317 3047 2535 3115 quidam
2566 3044 2721 3099 collis
2758 3045 3112 3098 brevissimus
3144 3044 3286 3098 inter
3314 3044 3451 3099 duas

1865 3145 2031 3198 valles
2052 3158 2116 3197 ex
2141 3143 2355 3196 oriente
2378 3151 2431 3196 et
2466 3142 2751 3195 occidente
2780 3116 2938 3193 simul
2964 3138 3219 3207 paulatim
3248 3153 3452 3194 coeun-

1864 3247 1969 3303 tes,
2004 3246 2057 3293 et
2094 3238 2159 3291 ad
2191 3246 2434 3290 austrum
2469 3236 2614 3289 inter
2649 3250 2709 3289 se
2733 3236 3068 3290 commistas.
3112 3234 3193 3287 Ad
3226 3233 3448 3288 boream

1865 3340 2044 3383 autem
2081 3338 2227 3397 patet
2263 3327 2630 3396 pulcherrima
2675 3326 2850 3395 campi
2898 3324 3175 3393 planities,
3232 3339 3352 3393 quae
3384 3325 3449 3376 ad

1865 3421 1965 3473 tria
2008 3418 2181 3472 stadia
2229 3419 2467 3471 maxime
2505 3417 2864 3483 diffunditur,
2902 3416 3055 3485 quasi
3096 3418 3161 3470 ad
3199 3416 3451 3485 volupta-

1864 3522 1971 3566 tem
2003 3524 2056 3566 et
2090 3512 2509 3565 delectationem
2543 3512 2746 3581 optime
2793 3521 2938 3564 esset
2991 3512 3314 3579 excogitata.
3350 3508 3452 3563 I‘er

1861 3619 1980 3658 eam
2016 3618 2146 3658 vero
2172 3603 2405 3657 mediam
2444 3611 2661 3656 torrens
2694 3600 2931 3670 perﬂuit,
2966 3602 3199 3670 desnper
3222 3603 3451 3656 descen-

1862 3701 1994 3753 dens
2024 3714 2089 3752 ex
2124 3698 2260 3753 colle
2290 3698 2381 3765 qui
2409 3708 2491 3751 est
2527 3700 2593 3750 ad
2625 3699 3116 3767 orientem,-fitque
3144 3698 3261 3753 loco
3288 3700 3449 3754 veluti

1862 3790 2106 3859 quaedam
2142 3804 2298 3843 zona.
2336 3788 2393 3843 In
2425 3791 2541 3857 ipsa
2574 3803 2736 3856 porro
2766 3790 2918 3842 collis
2950 3791 3002 3843 in
3031 3790 3311 3859 planitiem
3368 3792 3451 3845 in-

1864 3884 2181 3945 clinatione,
2230 3898 2530 3949 eornmque
2580 3882 2813 3952 eleganti
2852 3883 3079 3937 mistura
3124 3896 3180 3937 et
3225 3884 3450 3951 conjun-

1864 3978 2064 4041 ctione,
2095 3976 2343 4045 exsurgit
2379 3976 2569 4039 turris,
2601 3977 2753 4045 quasi
2775 3985 2963 4031 vertex
2993 3987 3046 4030 et
3080 3993 3199 4031 arx.
3232 3977 3447 4032 Turrim

1864 4071 2121 4138 deinceps
2151 4069 2505 4137 consequitur
2554 4084 2747 4123 versus
2783 4071 3057 4137 planitiem
3098 4081 3291 4139 porta,
3328 4088 3450 4140 qum

1863 4180 1985 4218 cum
2018 4163 2293 4232 voluptate
2330 4163 2646 4216 transmittit
2672 4178 2765 4217 eos
2804 4165 2897 4232 qui
2927 4174 3152 4225 exeunt,
3194 4176 3444 4233 tanquam

1862 4270 1889 4306 a
1928 4254 2150 4321 specula
2188 4252 2363 4319 aliqua
2412 4252 2775 4318 despicientes
2812 4252 3036 4320 pulchra
3071 4253 3154 4305 illa
3204 4255 3444 4321 plauitiei

1864 4346 2195 4413 spectacula.
2249 4344 2447 4397 Verum
2502 4345 2632 4412 quid
2695 4345 2795 4398 loci
2858 4354 3107 4397 naturam
3166 4357 3448 4400 recenseat

1864 4435 2397 4505 aliquis?Quomodo
2423 4436 2745 4503 estquidem
2780 4437 2925 4489 mitis
2956 4444 3010 4488 et
3040 4435 3231 4489 fertilis
3258 4454 3272 4501 ;
3298 4437 3443 4504 quali

1865 4538 2043 4582 autem
2074 4544 2236 4595 super
2260 4537 2420 4597 caput
2456 4543 2583 4581 aere
2620 4538 3085 4596 contempcretur,
3120 4539 3173 4583 et
3210 4544 3308 4583 nec
3332 4546 3446 4583 ma-

168 4614 219 4665 δὲ
249 4612 326 4679 τῷ
384 4610 526 4677 ὑπὲρ
574 4607 818 4675 κεφαλῆς
869 4608 995 4675 ἀέρι
1050 4605 1333 4674 κέκραται,
1390 4605 1484 4657 καὶ
1530 4604 1651 4657 οὗτε
1684 4608 1749 4675 τῇ

1864 4623 1975 4690 iorc
2008 4636 2171 4688 quam
2219 4635 2355 4688 opus
2403 4621 2476 4674 sit
2505 4620 2706 4685 calore,
2747 4636 2849 4674 nec
2882 4621 3081 4689 frigore
3108 4630 3311 4684 utatur,
3350 4623 3444 4677 sed

168 4707 341 4774 θέρμῃ
377 4704 585 4755 πλείονι
620 4701 716 4769 τῆς
758 4700 967 4769 χρείας,
1000 4698 1124 4751 οὔτε
1156 4698 1233 4766 τῷ
1266 4698 1425 4765 ψύχει
1458 4698 1745 4769 κέχρηται,

165 4800 290 4851 ἀλλ’
338 4796 672 4865 ἀμφοτέρων
719 4792 787 4844 τὰ
835 4791 1105 4844 λυποῦντα
1146 4791 1355 4858 φυγὼν,
1388 4791 1483 4858 τὴν
1515 4792 1746 4844 ἑκάστου

167 4893 385 4943 πλουτεί
437 4888 732 4957 μεσότητα,
791 4886 884 4935 καὶ
936 4883 1049 4935 ἔστι
1083 4884 1189 4935 τῶν
1242 4884 1339 4952 μὲν
1390 4885 1746 4955 ψυχροτέρων

168 4985 518 5052 θερμότερος,
550 4978 659 5030 τῶν
689 4977 744 5029 δὲ
768 4975 1113 5045 θερμοτὲρων
1140 4978 1329 5045 ἠρέμα
1362 4977 1523 5029 πάλιν
1542 4978 1747 5047 ψυχρά-

167 5094 338 5145 τερος,
399 5070 712 5133 ἀκολούθως
776 5086 834 5121 τε
884 5069 991 5120 τῶν
1043 5066 1162 5119 λίαν
1201 5070 1383 5137 ὑγρῶν
1436 5070 1749 5141 ξηρότερος,

167 5171 257 5221 καὶ
286 5166 400 5219 τῶν
432 5166 685 5233 ἀμέτρως
714 5161 895 5232 ξηρῶν
934 5161 1245 5231 ὑγρότεροςν
1282 5161 1420 5230 μετά
1446 5163 1543 5231 τῆς
1574 5164 1750 5231 ἀρμο·

169 5260 362 5325 εούσης
389 5256 475 5325 ἐφ’
506 5256 709 5307 ’ἐκαστσ
745 5254 1108 5323 συμμετρίας.

235 5353 347 5404 ΡΙΘ
365 5351 397 5402 '.
436 5349 547 5417 Τῆς
572 5347 700 5414 γοῦν
723 5346 979 5415 τοιαύτης
1004 5346 1131 5415 ὅλης
1170 5346 1263 5400 τοῦ
1294 5348 1564 5401 κοινοὸίου
1593 5351 1742 5403 οἰκο-

167 5441 333 5509 δομῆς
372 5439 488 5507 ἅμα
523 5439 613 5491 καὶ
655 5436 973 5506 εὐκοσμίας,
1005 5438 1065 5489 ού
1121 5438 1280 5491 πλέον
1315 5439 1346 5509 ἢ
1399 5440 1567 5511 τριῶν
1608 5440 1743 5495 ἐτῶν

168 5531 448 5601 δεηθείσης
478 5531 561 5583 διὰ
596 5530 797 5598 πολλὴν
824 5530 981 5599 χεῖρα
1017 5529 1110 5582 καὶ
1140 5528 1389 5582 σύντονον
1412 5531 1737 5601 ὑπουργίαν,

172 5626 458 5687 ἠϐούλοντο
518 5624 614 5693 μὲν
658 5626 705 5675 οἱ
755 5624 889 5675 θεῖοι
928 5624 1170 5693 Πατέρες
1220 5626 1415 5676 ἐκεῖνοι
1476 5627 1613 5694 μετά
1648 5628 1743 5696 τῆς

172 5714 331 5785 ἄλλης
381 5713 797 5783 διακοσμήσεὼς
828 5731 884 5767 τε
938 5718 1027 5766 καὶ
1077 5713 1295 5783 τέχνης,
1337 5717 1627 5769 ἀποδοῦναι
1676 5724 1741 5791 τῇ

1859 4730 1923 4768 ex
1954 4714 2220 4768 ambobus
2263 4728 2325 4767 ea
2357 4728 2475 4781 qua:
2522 4713 2744 4768 molesta
2771 4723 2898 4766 sunt
2941 4713 3225 4784 etIugiens,
3259 4716 3446 4771 unius-

1860 4808 2122 4875 cujusque
2152 4806 2353 4859 ditetur
2388 4806 2586 4868 medio,
2620 4806 2799 4873 sitque
2829 4805 3200 4875 frigidioribus
3227 4808 3442 4875 quidem

1860 4898 2106 4961 calidior,
2140 4895 2494 4949 calidioribus
2519 4907 2697 4949 autem
2724 4912 2910 4951 rursus
2933 4897 3136 4951 sensim
3169 4898 3441 4968 frigidior,

1857 4997 1911 5039 et
1942 4997 2339 5056 consequenter
2370 4986 2525 5040 valde
2558 4986 2796 5040 humidis
2831 4987 3049 5053 siccior,
3084 4998 3139 5042 et
3178 4990 3443 5044 immode-

1858 5090 1974 5134 rate
2014 5080 2176 5133 siccis
2221 5080 2521 5144 humidior,
2562 5094 2684 5135 cum
2716 5094 2781 5135 eo
2812 5079 2906 5149 qui
2936 5081 3164 5152 singulis
3188 5083 3443 5137 convenit

1855 5186 2194 5227 commensu.

1927 5357 2115 5415 CXIX.
2182 5358 2315 5413 Cum
2369 5360 2551 5427 itaque
2613 5358 2924 5429 huiusmodi
2972 5370 3140 5415 totum
3202 5359 3435 5415 cmnobii

1855 5451 2139 5505 aedificium
2177 5449 2335 5503 simul
2365 5460 2420 5503 et
2449 5462 2828 5505 ornamentum
2862 5468 2965 5507 non
2996 5467 3131 5521 opus
3159 5453 3439 5505 habuisset

1857 5545 2137 5611 plusquam
2177 5542 2347 5596 tribus
2379 5545 2553 5602 annis,
2589 5543 2657 5595 ob
2689 5543 2885 5597 multas
2914 5558 3107 5596 manus
3138 5542 3437 5595 intensum-

1857 5650 1959 5703 que
1992 5634 2373 5697 ministerium,
2403 5633 2655 5687 volebant
2684 5633 2898 5701 quidem
2924 5634 3090 5686 divini
3119 5633 3189 5686 illi
3224 5631 3435 5697 Patres,

1858 5746 1977 5782 cum
2005 5726 2110 5779 alin
2140 5738 2331 5777 ornatu
2370 5736 2423 5779 et
2456 5725 2690 5778 artificio
2723 5725 3119 5779 dedicationem
3145 5726 3307 5778 etiam
3341 5737 3435 5777 ec-

1454 5828 1687 5884 VARl/E
1724 5830 2131 5887 LECTIONES.

240 5920 260 5950 τ
297 5913 347 5967 aI
406 5912 733 5985 περιϐαἲὼν.
836 5928 854 5953 ³
882 5917 951 5970 aI.
994 5916 1399 5990 ἀριστητήριον.

1510 5924 1523 5959 ι
1562 5926 1627 5978 aI.
1663 5927 1917 5998 ἔρεισμα.

2000 5934 2024 5961 ιι
2064 5924 2129 5978 aI.
2178 5922 2400 5984 δύσεως.
2484 5930 2502 5951 "
2538 5920 2607 5972 aI.
2652 5917 2895 5987 αῦγειος.
