4104 6486
665 403 773 466 699

1912 387 2194 449 MENSIS
2233 381 2694 444 JANUAlllUS.

3834 373 3949 437 700

675 510 857 564 clesiae
906 506 1178 569 tribuere;
1227 516 1320 555 eos
1368 511 1546 553 autem
1595 499 1817 552 arcebat
1862 510 2051 549 rursus
2098 506 2251 562 aqua:

2373 489 2656 559 Εκκλησίᾳ
2691 505 2781 541 και
2812 505 2880 540 τα
2921 488 3174 556 ὲγκαίνια
3201 505 3214 517 ³
3253 483 3403 558 εῐργε
3433 487 3491 541 δὲ
3542 486 3702 540 πάλιν
3734 488 3946 550 αὐτοὺς

667 603 922 669 penuria.
957 597 1088 654 Nam
1115 596 1166 648 in
1193 595 1279 648 illa
1313 592 1601 647 solitudine
1623 590 1756 660 pluit
1801 597 2008 642 tantum
2043 588 2240 641 hieme.

667 699 797 762 Quae
826 691 1080 763 quoniam
1111 689 1320 759 majore
1355 702 1416 740 ex
1454 695 1603 752 parte
1641 683 1815 736 fuerat
1857 695 2009 750 aqum
2049 693 2244 748 expers

668 801 722 846 et
746 790 916 852 sicea,
958 800 1052 841 eos
1083 799 1221 854 aqua
1257 782 1549 845 defecerat,
1582 779 1816 833 maxime
1844 777 1988 832 circa
2025 789 2244 828 vernam

668 882 1118 944 conversionem;
1165 878 1266 933 nisi
1314 875 1452 932 forte
1495 875 1546 929 in
1590 874 1845 927 concavis
1887 873 2246 924 cisteruarum

668 977 1040 1032 consisterent
1083 975 1276 1041 aliqme
1313 970 1501 1024 imbris
1546 970 1737 1023 breves
1786 967 2058 1035 reliquias;
2105 963 2246 1034 quod

671 1070 888 1138 quidem
918 1084 1012 1122 eos
1053 1065 1116 1118 ad
1163 1063 1375 1118 consilii
1422 1062 1662 1130 inopiam
1711 1057 2010 1126 redigebat,
2058 1066 2115 1110 ut
2158 1055 2248 1123 qni

676 1158 1098 1218 iacxorabilibus
1139 1163 1518 1224 premerentur
1558 1160 1764 1204 natura:
1813 1146 2244 1202 necessitatibus.

674 1256 858 1322 Itaque
891 1253 1036 1306 Elias
1066 1249 1384 1319 praepositus
1401 1256 1454 1302 ct
1480 1247 1741 1300 diaconus
1763 1243 1928 1298 Fidus
1946 1239 2252 1310 significant

676 1347 919 1417 Longino
948 1344 1220 1400 inferioris
1240 1339 1556 1395 monasterii
1585 1335 1697 1408 (70)
1729 1335 1999 1404 praefecto,
2017 1342 2068 1386 et
2090 1330 2252 1385 Paulo

676 1441 966 1508 praeposito
1003 1435 1315 1491 monasterii
1340 1433 1579 1503 Martyrii
1611 1431 1745 1501 (7|),
1792 1438 1851 1482 ttt
1893 1427 2254 1497 perjnmenta

681 1549 775 1589 eos
803 1533 1063 1601 adjuvent
1092 1532 1157 1584 ad
1184 1544 1377 1598 aquam
1406 1540 1472 1580 ex
1508 1523 1697 1580 Pharis
1730 1519 2180 1576 transferendam.

752 1708 914 1764 CXX.
949 1706 1204 1775 Sequenti
1238 1719 1371 1773 ergo
1398 1710 1576 1764 nocte,
1609 1699 1812 1768 paratis
1843 1697 1908 1751 iis
1943 1697 2086 1751 circa
2114 1695 2254 1748 dilu-

679 1805 856 1858 culum
884 1802 949 1854 ad
984 1803 1108 1865 iter,
1139 1801 1357 1867 jamque
1401 1794 1740 1864 congregatis
1767 1790 2049 1861 jumentis,
2089 1804 2256 1854 appa-

683 1905 762 1948 ret
797 1905 960 1948 nocte
991 1893 1080 1947 illa
1120 1893 1276 1944 beato
1306 1888 1432 1941 Elite
1466 1900 1695 1954 magnus
1729 1882 2086 1953 Ettthyutius:
2120 1881 2256 1946 Quid

685 1987 918 2040 hocsihi
958 1985 1090 2047 vult,
1124 1997 1342 2051 rogans,
1376 1980 1519 2048 quod
1555 1977 1712 2031 hodie
1741 1975 1981 2042 jumeuta
2029 1990 2258 2042 congre-

683 2080 858 2144 actis?
901 2077 1034 2133 Cum
1076 2078 1120 2130 is
1167 2090 1298 2129 vero
1347 2071 1722 2142 respondisset
1766 2088 1778 2123 :
1829 2067 1902 2121 Ut
1946 2082 2139 2136 aquam
2194 2082 2258 2120 ex

683 2175 878 2229 Pharis
912 2172 1222 2232 aﬂ'eratnus,
1258 2185 1324 2223 eo
1357 2167 1494 2236 quod
1529 2181 1626 2219 nos
1659 2179 1802 2218 nunc
1847 2163 2070 2217 omnino
2113 2164 2261 2216 dele-

685 2271 814 2322 cerit
839 2310 853 2333 ,
884 2265 1183 2334 increpavit
1207 2263 1316 2327 ille,
1341 2263 1527 2315 dicens
1553 2278 1565 2312 :
1591 2258 1815 2312 Modica:
1842 2257 1959 2310 ﬁdei
1990 2257 2261 2321 homines,

689 2375 924 2429 quanam
952 2358 1019 2410 de
1050 2371 1214 2411 causa
1246 2354 1412 2407 Deum
1443 2367 1548 2406 non
1586 2351 1792 2418 precati
1836 2348 2006 2403 estis?
2047 2348 2184 2402 Num
2221 2348 2266 2402 is

687 2451 777 2519 qui
822 2465 852 2504 e
885 2456 1156 2520 prterupta
1208 2452 1357 2514 petra
1407 2441 1808 2496 inobedientem
1852 2441 2056 2509 potavit
2097 2454 2268 2508 popu-

687 2544 822 2609 lum,
856 2552 910 2597 et
941 2553 1138 2609 aquam
1179 2553 1244 2592 ex
1275 2536 1411 2590 asini
1444 2532 1660 2587 maxilla
1697 2531 1942 2585 Samsoni
1980 2532 2268 2599 aliquando

687 2634 819 2690 fecit
852 2632 1141 2697 scaturire,
1181 2647 1285 2685 non
1321 2627 1520 2698 poterit
1559 2626 1709 2680 vobis
1748 2640 1961 2693 quoque
2001 2627 2065 2678 ad
2111 2641 2266 2678 usum

690 2725 1063 2796 suppeditare,
1099 2722 1391 2777 dummodo
1443 2737 1565 2776 cum
1615 2721 1719 2776 ﬁde
1767 2718 2006 2772 olfcratis
2049 2717 2270 2786 petitio-

694 2815 857 2870 nem?
884 2815 1083 2869 Deinde
1112 2815 1190 2867 eis
1219 2814 1380 2866 etiam
1410 2813 1684 2879 prohibuit
1711 2813 1813 2864 iter
1848 2810 1914 2862 ad
1949 2807 2179 2869 Pharas,
2215 2817 2274 2860 ut

693 2909 915 2962 minime
952 2908 1342 2962 necessarium.
1395 2907 1546 2974 Aqua
1597 2904 1738 2958 enim
1785 2903 1936 2955 vobis
1972 2897 2272 2967 implebun-

693 3010 802 3063 tur,
830 2999 1027 3069 inquit,
1058 2999 1142 3052 vel
1176 3000 1424 3055 maxima:
1457 2997 1730 3061 cisterna,
1765 3010 1832 3048 ne
1862 2993 2032 3047 tribus
2056 2992 2272 3061 quidem

693 3092 841 3147 horis
864 3094 1214 3162 exspectatis.
1241 3103 1248 3116 '

765 3262 953 3319 CXXI.
1015 3262 1294 3319 Excitatus
1341 3279 1371 3317 e
1417 3277 1607 3318 somno
1660 3263 1726 3317 ad
1774 3262 2036 3317 visionem
2082 3261 2273 3313 beatus

697 3357 861 3420 Elias,
900 3359 1196 3426 statimque
1243 3372 1302 3411 ea
1352 3356 1486 3410 Fido
1540 3365 1594 3410 et
1646 3356 1873 3424 reliquis
1928 3354 2274 3416 annuntiata,

690 3450 933 3520 jntnenta
962 3452 1176 3519 quidem
1207 3465 1232 3503 a
1267 3450 1548 3520 proposito
1581 3449 1740 3503 solvit
1772 3446 2073 3501 ministerio
2101 3464 2112 3499 :
2152 3459 2274 3498 cum

696 3557 802 3593 nox
835 3550 1013 3596 autem
1037 3540 1148 3608 jam
1191 3542 1518 3604 transiissct,
1550 3548 1604 3593 et
1641 3538 1723 3592 sol
1766 3553 1980 3591 onmem
2021 3545 2274 3604 quantam

695 3634 845 3688 videt
873 3643 1071 3688 terram
1101 3635 1375 3687 radiorum
1410 3633 1707 3687 illustraret
1734 3631 1950 3699 jacnlis,
1982 3630 2151 3683 nubes
2182 3628 2278 3681 ali-

696 3728 873 3780 cunde
900 3741 1077 3780 aerem
1135 3727 1313 3780 subito
1355 3725 1632 3793 complexa
1666 3712 1915 3778 cmnubio
1964 3723 2279 3776 incumben-

699 3825 829 3883 tem,
864 3818 1041 3886 erupit
1087 3817 1336 3886 protinns
1365 3817 1416 3870 in
1460 3815 1727 3884 pluviam;
1766 3822 1820 3867 et
1847 3812 2029 3866 omnia
2061 3811 2276 3879 quidem

699 3907 1056 3961 circumcirca
1088 3908 1261 3962 simile
1304 3907 1480 3961 adhuc
1511 3906 1768 3975 puniebat
1813 3904 2080 3972 flagellum
2116 3902 2277 3957 sicci-

702 3998 865 4063 tatis;
906 3999 940 4051 ii
984 4010 1164 4051 autcm
1214 3997 1312 4051 soli
1355 3998 1446 4066 qui
1500 4005 1659 4052 erant
1709 3997 1763 4050 in
1814 3996 2087 4060 coenobio,
2144 4009 2279 4062 aqua

702 4096 902 4157 prmter
933 4091 1238 4157 opinionem
1276 4089 1629 4154 fruebantur;
1665 4091 1887 4157 perinde
1917 4102 1979 4141 ac
2010 4088 2052 4140 si
2084 4085 2282 4154 aliquis

700 4180 936 4249 pluviam
984 4181 1520 4248 circumscripsisset,
1579 4193 1878 4246 rursusque
1923 4194 2026 4232 non
2079 4177 2281 4231 sineret

705 4271 932 4324 ulterius
961 4273 1230 4340 progredi.
1262 4271 1550 4340 Postquam
1576 4282 1754 4324 autem
1784 4270 2033 4323 cisterna:
2065 4267 2283 4321 fuerunt

703 4376 843 4431 aqua
871 4363 1061 4431 plenze,
1109 4377 1209 4416 nec
1258 4362 1291 4415 ii
1328 4363 1559 4429 amplius
1593 4360 1905 4429 indigebant
1943 4359 2210 4412 imbribus
2251 4373 2281 4412 e

703 4453 864 4520 cozlo,
897 4455 1078 4508 statim
1111 4454 1278 4508 nubes
1314 4453 1576 4520 dissipata
1615 4462 1716 4517 est,
1753 4461 1806 4505 et
1849 4452 2139 4505 vehemens
2179 4449 2281 4502 im-

2350 580 2507 652 ἡτοῦ
2569 579 2760 644 ὓδατος
2813 580 3027 644 σπάνις.
3088 581 3282 634 ’Ὑεται
3331 580 3432 649 μὲν
3491 578 3600 650 γάρ
3657 580 3946 650 ήέρημος

2349 672 2530 740 ἐκείνη
2563 673 2725 742 μόνου
2756 672 3042 742 χειμῶνος.
3074 672 3278 726 Τούτου
3307 671 3363 725 δὲ
3407 671 3639 742 ἀνύδρου
3670 671 3730 726 τὸ
3774 673 3948 724 πλέον

2352 765 2444 818 καὶ
2476 765 2639 837 ξηροῦ
2673 764 3082 835 διαγενομένου,
3111 763 3442 817 ἐπιλελοίπει
3472 765 3532 817 τὸ
3561 764 3707 832 ὕδωρ
3736 764 3947 825 αὐτοὺς

2350 857 2476 925 περὶ
2503 856 2711 927 τροπὰς
2748 857 2982 927 μάλιστα
3027 855 3127 918 τὰς
3177 856 3398 925 ὲαρινάς
3428 872 3440 884 ·
3494 855 3633 924 πλὴν
3669 857 3716 907 εί
3752 855 3944 922 μήπου

2349 950 2456 1020 ἀρα
2489 951 2545 1001 ὲν
2567 951 2678 1013 τοῖς
2711 948 2913 1008 κοίλοις
2943 947 3052 1000 τῶν
3077 949 3298 1001 λάκκων
3327 947 3658 1018 συνεστηκὸς
3683 942 3751 1018 ἦν
3781 945 3948 998 ὑετοῦ

2349 1061 2403 1096 τι
2432 1042 2604 1113 βραχὺ
2631 1041 2883 1112 λείψανον
2935 1042 3074 1112 ὅπερ
3101 1041 3297 1104 αὐτοὺς
3349 1043 3428 1104 είς
3457 1041 3772 1111 ἀμηχανίαν
3805 1039 3946 1092 καθ-

2355 1131 2476 1199 ίστη
2509 1134 2630 1194 ταῖς
2666 1133 3064 1202 ἀπαραιτήτοις
3109 1131 3379 1199 ἀνάγκαις
3431 1131 3790 1198 πιεζομένους
3845 1130 3947 1199 τῆς

2353 1227 2587 1294 φύσεως.
2621 1223 2840 1294 Ἀμέλει
2865 1225 2959 1278 καὶ
2979 1223 3231 1294 δηλοῦσιν
3261 1224 3310 1276 οἱ
3339 1224 3469 1293 περὶ
3492 1223 3581 1276 τὸν
3603 1222 3942 1292 ἡγούμενον.

2355 1319 2544 1372 Ἠλίαν
2566 1318 2767 1372 καὶτὸν
2799 1317 3048 1371 διάκονον
3074 1317 3258 1370 Φεῖδον
3287 1316 3536 1386 Λογγίνῳ
3560 1315 3636 1386 τῷ
3668 1315 3767 1386 τῆς
3793 1315 3948 1368 κάτω

2359 1411 2545 1480 μονῆς,
2575 1412 2672 1463 καὶ
2702 1411 2898 1480 Παύλῳ
2921 1409 2997 1479 τῷ
3019 1408 3116 1480 τῆς
3138 1411 3228 1462 τοῦ
3260 1410 3579 1480 Μαρτυρία.)
3613 1407 3946 1478 προεστῶτι,

2359 1505 2696 1574 συνάρασθαι
2734 1503 2822 1555 διὰ
2855 1503 2963 1555 τῶν
2994 1501 3308 1570 ὑποζυγίων
3339 1503 3523 1566 αὐτοῖς
3551 1501 3688 1572 πρὸς
3720 1501 3823 1571 τὴν
3849 1499 3949 1551 τοῦ

2358 1594 2546 1658 ὓδατος
2575 1597 2683 1649 ἀπὺ
2720 1595 2912 1666 Φαρῶν
2944 1609 2969 1636 ι
3006 1594 3396 1664 μετακομιδὴν.
3545 1582 3552 1588 ’

2429 1691 2560 1742 ΡΚ’.
2589 1689 2700 1757 Τῆς
2722 1683 2812 1740 οῦν
2841 1689 3101 1757 ἐπιούσης
3126 1686 3251 1756 ἀρτι
3279 1685 3474 1749 νυκτὸς
3501 1685 3562 1737 ἰδ
3590 1685 3718 1752 περὶ
3746 1683 3950 1754 apem

2361 1778 2803 1849 ἐτοιμαζομένοις
2845 1777 2981 1849 πρὸς
3011 1778 3111 1847 τὴν
3154 1775 3398 1847 πορείαν,
3467 1776 3558 1828 καὶ
3604 1776 3711 1827 τῶν
3747 1774 3952 1837 ὑποζυ-

2291 1854 2330 1908 Β
2361 1871 2493 1938 γίων
2522 1869 2706 1932 αὐτοῖς
2746 1868 2844 1938 ἤδη
2893 1867 3414 1937 συναθροισθέντων,
3450 1865 3801 1933 ἐπιφαίνεται
3846 1864 3951 1930 τῆς

2363 1959 2554 2022 νυκτὸς
2590 1961 2807 2029 ἐκείνης
2866 1959 3024 2030 Ἠλίᾳ⁴
3054 1958 3132 2029 τῷ
3179 1959 3458 2029 μακαρίτῃ
3503 1959 3532 2010 ὀ
3564 1957 3736 2026 μέγας
3774 1953 3952 2007 Εὐθύ-

2368 2069 2486 2124 μιος
2513 2070 2526 2085 ο
2557 2052 2610 2104 τί
2649 2050 2897 2120 βούλεται
2931 2053 3117 2114 αὐτοῖς
3161 2052 3405 2120 σήμερον
3438 2047 3862 2116 πυνθανόμενος,
3917 2046 3950 2114 ἡ

2363 2145 2471 2197 τῶν
2503 2144 2814 2213 ὑποζυγίων
2875 2145 3169 2213 συναγωγή
3194 2160 3207 2173 ⁶
3241 2143 3334 2197 τοῦ
3379 2143 3459 2206 δὲ,
3500 2141 3566 2195 δι’
3599 2141 3792 2203 ὓδατος
3840 2138 3953 2191 ἀπὸ

2362 2235 2556 2307 Φαρῶν
2591 2236 2958 2307 μετακομιδὴν
2989 2235 3456 2305 ἀποκριναμένου,
3487 2233 3574 2286 διὰ
3601 2232 3661 2284 τὸ
3687 2231 3953 2302 παράπαν

2363 2333 2456 2386 νῦν
2479 2334 2624 2402 ἡμᾶς
2651 2331 3054 2385 ἐπιλελοιπέναι
3089 2345 3102 2360 ⁸
3136 2327 3472 2398 ἐπετίμησεν
3499 2327 3729 2388 ἐκεῖνος,
3753 2322 3947 2376 εἰπών·

2364 2424 2754 2492 Ὀλιγόπιστοι,
2783 2424 2907 2476 ὅτου
2935 2421 2992 2473 δὲ
3018 2421 3179 2492 χάριν
3199 2422 3273 2490 μὴ
3296 2419 3550 2488 ἐδεήθητε
3574 2418 3667 2470 τοῦ
3687 2415 3849 2479 Θεοῦ;
3876 2416 3952 2484 μὴ

2365 2515 2474 2586 γὰρ
2495 2518 2522 2568 ὁ
2553 2515 2611 2579 ἐξ
2631 2514 2939 2584 ἀκροτόμου
2964 2513 3168 2582 πέτρας
3191 2510 3519 2564 ἀπειθοῦντα
3545 2508 3772 2568 ποτίσας
3799 2506 3953 2567 λαὸν,

2366 2607 2460 2659 καὶ
2492 2605 2633 2677 ὕδωρ
2665 2605 2770 2656 ὑπὸ
2801 2613 2828 2652 Y
2861 2603 3110 2670 σιαγόνος
3138 2601 3261 2654 ὄνου
3287 2598 3486 2668 βλύσας
3516 2598 3648 2650 ποτὲ
3678 2595 3766 2664 ,τῷ
3803 2595 3953 2662 Σαμ-

2367 2697 2505 2767 ψὼν,
2536 2699 2734 2767 ἀπορεῖ
2763 2697 2858 2748 καλ⁸
2896 2696 3034 2765 πρὸς
3075 2692 3172 2764 τὴν
3225 2690 3419 2763 χρείαν
3476 2690 3568 2742 καὶ
3602 2688 3731 2757 ὑμῖν
3763 2689 3954 2756 ἐπιχο-

2374 2791 2585 2861 ρηγεῖν,
2625 2790 2674 2840 εί
2715 2788 2896 2840 πίστει
2934 2785 3094 2856 μόνον
3146 2783 3244 2854 τὴν
3290 2781 3507 2851 αἴτησιν
3555 2779 3906 2846 είσενέγκητε
3940 2793 3956 2840 ς

2371 2879 2524 2948 Εἶτα,
2571 2883 2664 2934 καὶ
2687 2881 2786 2950 τὴν
2839 2878 2934 2931 ἐπὶ
2963 2878 3146 2946 Φαράς
3173 2886 3194 2912 ι
3239 2873 3354 2928 ὁδὸν
3416 2873 3492 2932 ὡς
3525 2873 3624 2924 οὐκ
3657 2869 3963 2938 ἀναγκαίαν

2373 2975 2556 3035 αὐτοῖς
2610 2971 2944 3041 ἀπηγόρευε.
3001 2965 3414 3036 Πλησθήσονται
3488 2965 3596 3032 γὰρ
3629 2963 3779 3031 ὑμῖν,
3829 2959 3958 3026 ἐτη,

2380 3062 2512 3135 μηξὲ
2558 3063 2748 3133 τρίτην
2799 3059 3189 3130 περιμέναντες
3236 3056 3408 3126 ὥραν,
3441 3057 3489 3108 oi
3531 3053 3778 3124 μέγιστοι
3851 3050 3963 3104 τῶν

2380 3155 2616 3209 λάκκων
2632 3153 2842 3214 ὓδατος.

2450 3249 2622 3300 PKA'.
2657 3241 3008 3304 Διυπνισθεὶς
3065 3240 3122 3293 δὲ
3152 3240 3288 3310 πρὸς
3309 3239 3408 3308 τὴν
3438 3237 3560 3307 ὄψιν
3588 3239 3617 3289 ὁ
3652 3233 3966 3305 μακαρίτης

2391 3337 2599 3400 Ἠλίας,
2640 3336 2736 3388 καὶ
2784 3333 2954 3402 Φείδῳ
2985 3330 3188 3398 ταύτην
3236 3329 3398 3391 εὐθὺς
3452 3328 3545 3380 καὶ
3588 3329 3698 3388 τοῖς
3760 3326 3966 3383 λοιποῖς

2379 3428 2738 3497 ἀπαγγείλας,
2775 3427 2843 3478 τὰ
2870 3427 2967 3494 μὲν
2999 3423 3288 3490 ὑποζύγια,
3319 3425 3417 3491 τῆς
3441 3419 3813 3489 προκειμένης
3853 3419 3962 3468 ἀπ-

2379 3519 2501 3572 έλυε
2526 3517 2868 3586 λειτουργίας
2892 3531 2904 3543 ⁸
2937 3515 3060 3583 ἀρτι
3081 3514 3136 3564 δὲ
3157 3511 3349 3574 νυκτὸς
3367 3509 3677 3579 οἰχομένης,
3701 3509 3792 3558 καὶ
3814 3507 3966 3574 ἡλίου

2381 3613 2562 3665 πᾶσαν
2603 3611 2735 3679 ὅσην
2767 3609 2868 3678 ὁρᾷ
2900 3607 3004 3676 γῆν
3037 3608 3158 3668 ταῖς
3187 3605 3296 3657 τῶν
3330 3605 3564 3657 ἀκτίνων
3585 3600 3766 3670 βολαῖς
3799 3617 3970 3654 κατα-

2380 3705 2710 3775 λάμποντος,
2747 3703 2944 3772 νεφέλη
2995 3700 3157 3752 ποθὲν
3197 3699 3537 3769 περισχοῦσα
3566 3701 3656 3752 τὸν
3686 3699 3829 3767 ὑπὲρ
3876 3695 3969 3749 τοῦ

2383 3798 2649 3853 κοινοόίου
2682 3797 2880 3864 αἴφνης
2925 3793 3084 3862 ἀέρα,
3117 3794 3195 3854 εἰς
3233 3791 3386 3844 ὑετὸν
3439 3791 3596 3851 εὐθὺς
3647 3791 3923 3862 ἐξερράγη

2381 3891 2474 3942 καὶ
2519 3887 2586 3939 τὰ
2616 3889 2712 3955 μὲν
2740 3884 2922 3949 κύκλῳ
2955 3882 3151 3940 πάντα.
3184 3882 3214 3950 ἡ
3240 3881 3400 3949 ὁμοία
3431 3884 3523 3934 καὶ
3546 3884 3623 3933 ἔτι
3648 3885 3747 3950 τῆς
3785 3882 3962 3950 ἀνομ-

2381 3979 2538 4049 6ρίας
2565 3975 2791 4038 ἐκόλαζε
2814 3973 3038 4044 μάστιξ·
3070 3974 3119 4025 οἱ
3147 3972 3203 4024 δὲ
3233 3972 3383 4043 ἐντῷ
3401 3973 3650 4042 κοινοϐίῳ
3674 3975 3828 4042 μόνοι
3877 3971 3970 4023 τοῦ

2383 4069 2575 4129 ὓδατος
2631 4065 2951 4136 παραδόξως
3005 4062 3276 4116 ἀπέλαυον
3310 4079 3324 4094 ο
3382 4063 3631 4130 καθάπερ
3682 4063 3829 4124 τινος
3882 4063 3971 4113 τὶν

2382 4162 2537 4214 ὑετὸν
2569 4156 3030 4229 περιγράψαντος,
3068 4156 3162 4207 καὶ
3205 4155 3515 4225 περαιτέρω
3562 4155 3721 4206 πάλιν
3773 4153 3971 4223 προελ-

2382 4254 2495 4306 θεῖν
2524 4253 2623 4305 οὐκ
2653 4252 2868 4311 ἐῶντος.
2908 4247 3064 4300 Ἐπεὶ
3104 4248 3160 4301 δὲ
3214 4248 3325 4300 οἵτε
3351 4247 3548 4300 λάκκοι
3589 4246 3778 4316 μεστοὶ
3808 4247 3971 4312 γεγά-

2382 4364 2536 4400 νασιν
2592 4343 2803 4405 ὓδατος,
2865 4343 2958 4394 καὶ
3021 4340 3202 4392 οὐκέτι
3259 4340 3420 4408 χρεία
3471 4339 3575 4390 τῶν
3633 4337 3690 4401 ἐξ
3737 4337 3970 4405 ούρανοί

2383 4439 2602 4510 δμὸρων
2646 4436 2851 4499 αὐτοῖς,
2881 4432 3092 4502 διέσχεν
3128 4431 3332 4494 εὐθέως
3363 4431 3424 4483 τὸ
3458 4431 3617 4498 νέφος
3648 4429 3746 4482 καὶ
3839 4446 3973 4495 σιρο-

705 4546 882 4600 brium
911 4545 1145 4614 procella
1173 4547 1238 4600 ad
1261 4546 1606 4599 serenitatem
1638 4545 1832 4598 iterum
1870 4542 2084 4597 redacta
2121 4540 2242 4595 fuit.

2383 4533 2483 4604 δρά
2510 4529 2762 4598 καταιγὶς
2803 4525 2911 4580 τῶν
2947 4524 3191 4596 ὖμϐρων,
3224 4527 3304 4588 είς
3337 4523 3556 4594 αἰθρίαν
3615 4518 3770 4584 αὖθις
3833 4521 3973 4572 καθ-

775 4722 989 4777 CXXII.
1031 4722 1163 4777 Cum
1201 4736 1329 4777 vero
1352 4721 1672 4776 miraculum
1695 4719 1847 4775 brevi
1880 4727 2048 4773 totam
2088 4733 2280 4788 perva-

707 4814 870 4870 sisset
903 4815 1271 4879 solitudinem,
1303 4825 1466 4883 atquc
1496 4815 1561 4867 ad
1596 4815 1769 4883 ipsum
1804 4811 1967 4866 etiam
2009 4810 2281 4877 archiepi-

708 4919 930 4973 scopum
960 4903 1273 4974 Martyrintn
1303 4907 1410 4975 jam
1443 4905 1800 4974 pervenisset,
1840 4903 2170 4958 descendens
2195 4901 2285 4955 ille

707 5003 831 5050 cum
871 4996 1036 5050 multa
1076 5012 1252 5052 rerum
1286 4995 1552 5049 afﬂuentia
1597 4995 1662 5048 ad
1692 4994 2021 5057 coenobium,
2055 4994 2282 5061 praecla-

710 5102 826 5141 ram
863 5087 976 5156 agit
1017 5089 1270 5158 synaxim
1319 5097 1373 5142 et
1413 5087 1671 5157 vigiliam,
1703 5101 1825 5140 cum
1859 5087 2043 5139 multis
2073 5085 2282 5154 lampa-

711 5179 869 5234 dibus
896 5191 950 5234 ει
989 5181 1288 5246 sumtibus;
1321 5181 1412 5234 sed
1447 5191 1502 5234 et
1531 5178 1866 5247 Splendidam
1911 5162 2283 5245 magniﬁcam-

707 5291 811 5346 qne
871 5277 1004 5331 facit
1078 5275 1511 5340 dedicationem;
1576 5275 1854 5343 deponens
1931 5273 2032 5326 sub
2119 5270 2278 5324 altari

2383 4628 2584 4680 ίστατο.

2451 4713 2628 4770 ΡΚΒ¹.
2688 4712 2797 4766 Τοῦ
2858 4711 3135 4782 θαύματος
3195 4709 3253 4761 δὲ
3310 4706 3411 4775 τὴν
3467 4706 3674 4776 ἔρημον
3719 4707 3778 4758 ὲν
3809 4706 3976 4774 ὀλίγῳ

2382 4813 2560 4864 πᾶσαν
2601 4805 3020 4878 περιλαϐόντος,
3065 4802 3158 4856 καὶ
3205 4803 3286 4864 είς
3338 4800 3502 4853 αὑτὸν
3560 4799 3617 4851 δὲ
3679 4797 3771 4851 τὸν
3824 4802 3977 4866 ἀρχι-

2380 4903 2680 4957 σπίσκοπον
2745 4894 3064 4967 Μαρτύριον
3129 4894 3230 4964 ἤδη
3313 4891 3621 4954 διαϐάντος.
3699 4890 3978 4943 κατελθὼν

2386 4993 2593 5054 ὲκεῖνος
2625 4989 2764 5058 μετά
2817 4987 3024 5056 πολλῆς
3056 4986 3153 5039 καὶ
3202 4983 3488 5052 δαψιλείας
3522 4984 3656 5054 πρὸς
3690 4982 3749 5034 τὸ
3800 4983 3974 5035 aceter-

2386 5087 2524 5148 ὄιον,
2567 5082 2828 5153 λαμπρὰν
2903 5081 3001 5149 μὲν
3068 5079 3192 5146 ἄγει
3233 5077 3352 5147 ⁸τὴν
3425 5075 3645 5141 σύναξιν
3720 5075 3817 5126 καὶ
3882 5076 3979 5140 τὴν

2389 5175 2720 5249 ἀγρυπνίαν,
2791 5173 2894 5225 ὑπὸ
2953 5170 3173 5232 πολλαῖς
3231 5169 3478 5234 λαμπάσι
3535 5167 3628 5220 καὶ
3672 5167 3980 5235 θυμιάμασι

2391 5269 2668 5338 φιλότιμον
2721 5265 2778 5318 δὲ
2828 5264 2921 5316 καὶ
2962 5261 3226 5334 πολυτελῆ
3261 5263 3351 5315 τὸν
3388 5259 3743 5330 ὲγκαινισμδν
3791 5258 3976 5310 ποιεῖ·

2049 5383 2286 5439 νΑῐὶιᾶζ
2325 5381 2740 5437 LECTIONES.

779 5494 806 5523 ι
841 5486 909 5540 al.
938 5485 1122 5557 Φαρὲν
1153 5495 1208 5540 et
1237 5485 1428 5555 Φαρὼν
1459 5494 1513 5540 et
1547 5482 1704 5536 infra.
1784 5490 1811 5530 )·
1843 5482 1911 5536 al.
1945 5481 2075 5535 ἀπό.

2157 5490 2177 5517 ι
2211 5480 2283 5534 al.
2310 5480 2496 5550 Φαρὰς
2527 5488 2582 5533 et
2607 5477 2820 5546 Φαράν.

1940 5593 2134 5652 JOAN.
2173 5595 2514 5652 BOLLANDI
2550 5591 2777 5648 NOTAE.

786 5695 902 5767 (7οξ
926 5694 1249 5767 :I'ltettclisli.

786 5764 1273 5830 (7lentt‘iat‘cltac,
1310 5765 1392 5820 cui
1436 5764 1520 5818 hic
1567 5764 1762 5818 l’anlns
1810 5764 2085 5826 snt-cessit,
2130 5777 2288 5827 quem

722 5837 824 5894 sibi
845 5837 1162 5902 secundum,
1197 5851 1290 5891 seu
1317 5836 1700 5904 coalitum-em.
1734 5835 1964 5890 habebat
2011 5832 2068 5889 S.
2106 5833 2281 5889 'l‘hco-

2396 5690 2579 5743 dosius
2602 5687 2985 5743 emnobiarcha
3027 5686 3080 5738 in
3118 5683 3377 5753 regimine
3424 5682 3754 5749 reliquorum
3793 5694 3972 5753 caeni.-

2397 5762 2629 5819 ltiortttu,
2670 5776 2696 5809 ιι
2726 5757 2960 5811 S.tlu5|io
3011 5751 3318 5821 palt‘lztt'rllit
3383 5755 3702 5806 moribundo
3752 5768 3841 5803 an.
3882 5751 3979 5804 LI;-

2396 5831 2499 5886 είυό
2526 5831 2798 5900 imposito.
2837 5825 3072 5897 Cyrillus
3105 5828 3154 5880 iu
3183 5823 3298 5878 Vll-l
3339 5824 3392 5876 S.
3431 5825 3608 5879 Sabm,
