4104 6486
654 428 759 494 703

1906 413 2191 474 MENSIS
2235 412 2702 495 JANUARIUS.

3829 413 3949 476 704

655 541 923 596 Praeclare
965 538 1106 591 enim
1138 534 1429 588 admodum
1480 531 1685 584 civitati
1726 536 1973 585 exortum
2017 535 2100 580 est
2142 525 2236 577 bo—
2272 543 2283 580 Α

2384 524 2560 592 ιρτήν.
2603 497 2874 575 Ἀνέτειλε
2909 523 3021 592 γὰρ
3044 525 3108 592 τῇ
3151 523 3304 577 πόλει
3330 524 3391 578 τὸ
3429 525 3531 595 τῆς
3565 525 3797 595 εἰρήνης
3833 545 3946 580 κα-

657 652 787 690 num
833 631 1015 702 pacis;
1054 638 1108 684 et
1140 627 1332 680 la-tata:
1369 632 1494 678 sunt
1531 625 1721 692 platere
1750 620 2073 678 Jerusalem.
2105 616 2245 670 Deo-

658 746 765 798 que
791 743 888 796 per
925 724 1105 778 omnia
1145 721 1313 790 gloria
1361 718 1712 773 oﬂerebatur.
1760 716 1828 767 At
1873 713 2164 768 Gerontius
2196 719 2250 763 et

663 821 972 882 Romanus,
1003 816 1092 869 ille
1123 813 1338 880 quidem
1377 819 1663 880 postquam
1689 807 2049 876 quadraginta
2085 803 2246 872 quin—

661 928 767 982 que
814 925 988 964 annos
1026 909 1337 974 praefuisset
1381 907 1550 957 beatae
1595 901 1836 955 Melaniae
1878 896 2246 961 monasteriis,

664 1007 753 1060 hic
779 1020 906 1057 vero
933 1005 985 1055 in
1015 1001 1358 1056 Thecoornm
1386 1000 1529 1060 vico,
1557 1007 1615 1049 ut
1645 996 1758 1065 jam
1795 1009 1957 1063 supra
1990 994 2249 1054 diximus,

662 1099 1054 1156 monasterium
1101 1095 1534 1157 construxisset,
1571 1091 1765 1145 deinde
1805 1105 1869 1141 ex
1915 1088 2044 1156 ipsis
2087 1088 2250 1140 etiam

669 1195 898 1260 turpiter
954 1197 1177 1258 prepter
1244 1187 1555 1254 dogmatum
1623 1183 1952 1249 impietatem
2020 1179 2250 1248 expulsi,

670 1287 796 1341 mali
826 1283 963 1337 male
994 1283 1098 1335 huc
1121 1291 1175 1335 et
1200 1279 1329 1335 illuc
1359 1282 1676 1333 oberranles
1701 1276 1975 1329 obierunt.
2012 1271 2116 1327 Sed
2141 1274 2255 1327 hanc

669 1378 887 1448 quidem
917 1375 1063 1430 facta
1095 1385 1223 1429 sunt
1255 1373 1586 1442 temporibus
1611 1369 1864 1427 Zenonis.

743 1637 955 1694 CXXV.
975 1634 1343 1706 Sequentibus
1355 1649 1486 1688 vero
1498 1633 1801 1698 annis,cnm
1817 1631 2131 1686 Anastasius
2147 1628 2258 1699 (76)

675 1745 798 1804 post
824 1733 1000 1800 ipsum
1032 1730 1334 1800 accepisset
1359 1730 1662 1795 imperium,
1686 1726 1905 1780 Barbari
1936 1723 2046 1796 (77)
2083 1725 2261 1777 incur-

677 1827 833 1881 sione
855 1823 1016 1888 facta,
1050 1835 1102 1879 ct
1135 1837 1328 1891 magna
1351 1820 1664 1876 solitudinis
1689 1827 1840 1888 parte
1860 1817 2180 1888 depopulata
2212 1824 2262 1871 et

679 1926 912 1982 vastata,
930 1925 1241 1970 everterunt
1262 1915 1373 1983 ipsa
1389 1928 1603 1982 quoque
1621 1913 1992 1982 Agarenorum
2013 1911 2264 1962 taberna-
2297 1890 2339 1942 Β

680 2013 823 2076 cula,
854 2027 974 2080 quae
997 2025 1102 2065 non
1135 2011 1208 2064 ita
1241 2010 1446 2076 pridem
1478 2010 1557 2062 eis
1586 2023 1815 2073 magnus
1845 2006 2037 2060 fixerat
2065 2004 2266 2074 Euthy-

684 2108 845 2162 mius.
884 2107 1088 2160 Deinde
1134 2106 1323 2158 borum
1372 2103 1700 2170 insigniores
1735 2102 1837 2153 alia
1883 2100 1984 2154 sibi
2030 2099 2271 2153 excitant

683 2202 833 2255 circa
898 2198 1291 2254 monaSterium
1344 2195 1585 2265 Martyrii
1633 2193 1905 2256 monachi,
1955 2202 2010 2244 et
2071 2191 2266 2258 templa

687 2295 928 2358 erigunt.
962 2293 1029 2345 At
1064 2291 1314 2353 Barbari,
1354 2288 1589 2342 secunda
1622 2287 1674 2340 in
1711 2301 1805 2340 eos
1836 2285 2028 2338 iterum
2063 2285 2142 2338 usi
2177 2300 2271 2336 ex-

688 2387 1000 2456 peditione,
1029 2384 1167 2436 alios
1197 2383 1413 2449 quidem
1459 2380 1795 2444 interimunt,
1834 2378 1967 2432 alios
2007 2391 2138 2430 vero
2173 2377 2269 2430 ab-

689 2486 896 2534 ducunt
922 2478 1189 2546 captivos,
1227 2475 1439 2543 aliquos
1467 2483 1645 2526 autem
1677 2473 1730 2526 in
1762 2471 1864 2525 alia
1900 2471 2094 2539 oppida
2127 2485 2274 2524 com-

692 2571 917 2638 pellunt,
949 2583 1141 2636 nempe
1170 2582 1264 2620 eos
1294 2567 1381 2635 qui
1413 2582 1478 2619 ex
1518 2565 1796 2634 inopinato
1827 2565 2137 2631 superiores
2176 2566 2276 2616 hoc

693 2663 938 2732 periculo
972 2676 1215 2722 evasere,
1253 2676 1372 2713 cum
1411 2673 1604 2729 magna
1656 2666 1710 2711 et
1757 2657 2045 2711 admodum
2097 2655 2277 2726 gravis

694 2759 806 2813 illic
832 2756 1022 2812 fuisset
1045 2755 1158 2810 hate
1188 2752 1550 2808 Barbarorum
1588 2750 1850 2805 incursio.

765 2945 1002 3004 CXXVI.
1048 2945 1315 3000 Caeterum
1349 2943 1542 2996 beatus
1572 2939 1735 3006 Elias,
1770 2940 1861 3008 qui
1893 2947 2038 2994 recte
2072 2938 2279 3008 Euthy-

699 3040 793 3095 tnii
825 3041 1014 3094 ovibus
1041 3042 1295 3106 prmerat,
1333 3045 1619 3103 postquam
1656 3033 1784 3086 totis
1816 3030 2033 3101 triginta
2074 3039 2129 3084 et
2161 3039 2283 3083 octo

701 3133 856 3185 annis
894 3131 1154 3185 tenuisset
1193 3126 1508 3181 monasterii
1560 3123 1960 3193 przefeeturam,
2008 3121 2284 3187 multaque

703 3222 958 3293 prteclara
1001 3232 1055 3275 et
1100 3221 1314 3288 egregia
1365 3219 1419 3272 in
1472 3232 1532 3269 ea
1584 3215 1801 3270 fecisset
1852 3227 2040 3282 opera,
2073 3221 2126 3265 et
2167 3224 2284 3263 ma-
2315 3241 2357 3298 ο

705 3331 870 3386 gnum
901 3315 982 3368 sui
1023 3327 1263 3367 amorem
1311 3309 1620 3378 reliquisset
1652 3305 1912 3361 fratribus
1935 3304 2164 3369 cunctis,
2195 3304 2286 3372 qui

707 3411 760 3461 iu
794 3409 874 3462 eis
895 3409 1036 3476 viget
1062 3421 1234 3473 usque
1264 3403 1314 3457 in
1365 3402 1683 3455 bodiernmn
1733 3399 1898 3458 diem,
1937 3399 2049 3466 ipse
2080 3409 2291 3464 quoque

709 3501 849 3555 lelici
877 3500 945 3553 ad
965 3499 1248 3553 Dominum
1268 3494 1480 3550 excedit
1499 3492 1834 3562 profectione
1856 3491 1991 3559 (78).
2016 3488 2149 3544 Cum
2171 3487 2291 3556 qui—
2325 3502 2327 3505 ·

708 3599 831 3652 dam
859 3602 1036 3646 autem
1065 3591 1302 3662 Symeon
1335 3587 1654 3657 Apamensis
1673 3594 1792 3655 post
1813 3584 1960 3637 illum
1989 3581 2292 3648 accepisset

712 3687 1160 3760 gubernationem
1208 3684 1343 3756 (79),
1391 3692 1608 3748 tresque
1661 3690 1866 3732 tantum
1911 3677 1962 3729 in
2011 3691 2074 3730 ea
2124 3688 2295 3727 annos

713 3783 961 3844 vixisset,
980 3778 1289 3846 Stephanus
1309 3775 1481 3826 Arabs
1499 3786 1717 3841 genere,
1736 3782 2019 3824 successor
2036 3766 2153 3831 eius
2167 3781 2296 3819 con-

715 3874 990 3935 stituitur;
1045 3871 1134 3940 qui
1176 3877 1387 3922 mortuo
1449 3865 1618 3919 fratre
1681 3863 1965 3930 Procopio,
2013 3869 2298 3914 sexcentos

717 3981 912 4022 aureos
945 3981 1013 4022 ex
1041 3964 1199 4019 bonis
1226 3962 1468 4032 paternis
1505 3959 1691 4014 tribuit
1724 3953 2080 4012 monasterio.

787 4231 1048 4290 CXXVII.
1101 4230 1215 4285 Sub
1267 4227 1457 4283 eadem
1513 4225 1676 4279 etiam
1733 4234 1976 4293 tempora
2036 4221 2303 4277 Casarius

723 4329 942 4395 quidam
975 4323 1363 4383 Antiochcnus,
1389 4319 1479 4388 qui
1523 4319 1575 4371 in
1615 4318 1863 4371 civilibus
1902 4315 2306 4384 magistratibus

724 4435 866 4489 saepe
892 4418 1088 4472 bonam
1125 4424 1242 4470 erat
1267 4421 1548 4466 assecutus
1579 4409 2062 4472 existimationem,
2087 4422 2210 4462 cum
2238 4407 2304 4460 ad

727 4521 969 4566 sanctam
1001 4509 1239 4562 venisset
1291 4507 1588 4568 civitatem,
1630 4513 1684 4556 et
1724 4503 1855 4556 satis
1898 4502 2116 4571 longum
2162 4507 2308 4555 esset

2349 613 2439 666 λὺν
2498 613 2702 683 σφόδρα
2736 612 2948 676 καλῶς·
3007 617 3103 667 καὶ
3163 618 3217 668 αἱ
3256 614 3508 670 πλατεῖαι
3579 617 3949 689 Ἰερουσαλὴμ

2352 705 2769 775 ηύφράνθησαν,
2812 706 2907 758 καὶ
2929 705 3062 768 Θεὸς
3088 702 3154 776 ἦν
3193 706 3282 759 διὰ
3310 707 3527 761 πάντων
3552 708 3950 780 δοξολογούμεο

2353 815 2460 860 νος.
2533 797 2817 866 Γερόντιος
2881 797 3064 868 μέντοι
3115 799 3207 851 καὶ
3248 800 3554 870 Ῥωμανὸς,
3602 804 3629 854 ὀ
3663 803 3762 873 μὲν
3797 805 3953 872 πέμ-

2354 908 2488 944 πτον
2522 891 2614 942 ἐπὶ
2637 893 2746 954 τοῖς
2775 893 3189 962 τεσσαράκοντα
3217 893 3360 958 ἔτος,
3392 894 3500 948 τῶν
3533 895 3634 965 τῆς
3661 898 3952 966 μακαρίας

2353 987 2606 1058 Μελάνης
2667 987 3047 1056 μοναστηρξων
3102 990 3558 1060 ἀφηγησάμενος,
3594 994 3621 1045 ὁ
3671 993 3822 1046 δὲέν
3881 997 3951 1062 τῇ

2356 1080 2610 1145 Θεκὼων,
2635 1081 2708 1144 ὼς
2733 1079 2844 1132 ἄνω
2871 1081 2964 1135 τοῦ
2987 1082 3147 1152 λόγου
3177 1084 3487 1153 φθάσαντες
3521 1087 3734 1156 ἔφημεν
3756 1085 3806 1153 ἀ,
3849 1106 3954 1157 μο-

2359 1177 2652 1247 ναστήριον
2685 1179 3133 1250 συστησάμενος·
3191 1175 3309 1233 εἷτα
3369 1180 3466 1233 καὶ
3513 1181 3696 1234 αὐτῶν
3738 1182 3953 1236 ἀπελαο

2361 1273 2549 1334 θέντες
2584 1273 2849 1342 αἰσχρῶς,
2893 1273 2982 1328 διὰ
3012 1274 3112 1344 τὴν
3143 1274 3252 1329 τῶν
3298 1275 3637 1343 δεδογμένων
3666 1277 3953 1336 ἀσέϐειαν,

2361 1366 2523 1420 κακοὶ
2567 1365 2756 1428 κακῶς
2806 1367 2933 1436 τῇδε
2988 1367 3216 1419 κάκεῖσε
3274 1368 3586 1438 περιιόντες
3641 1367 3952 1438 ἀπῴχοντο.

2374 1455 2536 1509 Ἀλλὰ
2556 1457 2730 1510 ταῦτα
2767 1457 2867 1528 μὲν
2898 1457 2993 1510 ἐπὶ
3023 1456 3134 1511 τῶν
3169 1456 3263 1510 τοῦ
3302 1459 3550 1530 Ζήνωνος
3584 1460 3792 1532 καιρῶν
3827 1462 3954 1528 ἐγε-

2363 1549 2534 1617 γόνει.

2433 1642 2608 1697 ΡΚΕ’.
2664 1643 2788 1706 Τοῖς
2821 1643 2864 1695 δ’
2923 1641 3050 1712 ἑξῆς
3094 1645 3386 1708 ἐνιαυτοῖς,
3431 1643 3786 1700 Ἀναστασίου
3834 1649 3959 1718 μετ’

2367 1735 2530 1789 αὐτὸν
2563 1735 2663 1806 τὴν
2699 1735 2979 1804 βασιλείαν
3013 1737 3447 1806 παραλαϐόντος,
3481 1739 3880 1810 ἐπιδραμόντες
3911 1742 3963 1794 οἱ

2368 1827 2664 1898 Βαρῆαροι,
2715 1830 2809 1881 καὶ
2842 1829 3044 1900 πολλὴν
3070 1830 3170 1898 τῆς
3205 1831 3418 1901 ἐρήμου
3453 1829 3741 1900 κείραντες
3773 1849 3833 1884 τε
3866 1833 3966 1884 καὶ

2353 1923 2773 1993 λωϐησάμενοι,
2824 1924 3270 1994 κατεστρέψαντο
3321 1924 3417 1978 καὶ
3474 1925 3646 1988 αὑτὰς
3702 1926 3801 1988 τὰς
3852 1926 3967 1979 τῶν

2384 2015 2702 2084 Ἀγαρηνῶν
2752 2016 2981 2084 σκηνὰς,
3039 2016 3103 2078 ἃς
3160 2019 3189 2070 ὁ
3243 2017 3415 2088 μέγας
3467 2019 3651 2082 αὐτοῖς
3692 2020 3967 2088 Εύθύμιος

2374 2107 2567 2181 πρώην
2609 2108 2922 2178 πηξάμενος
2955 2104 3046 2179 ἦν.
3087 2111 3321 2164 Ἔπειτα
3365 2113 3414 2164 οἱ
3461 2112 3559 2180 μὲν
3603 2113 3808 2167 τούτων
3843 2114 3964 2167 ἐπι·

2375 2203 2721 2272 φανέστεροι,
2763 2202 2962 2273 ἐτέρας
3011 2205 3226 2268 ἑαυτοῖς
3268 2205 3531 2260 ἀνιστῶσι
3577 2206 3710 2278 περὶ
3746 2210 3814 2278 τῇ
3871 2207 3969 2261 τοῦ

2379 2293 2617 2364 μοναχοῦ
2657 2296 2978 2367 Μαρτυρῐου
3018 2300 3177 2367 μονῇ,
3216 2298 3312 2351 καὶ
3357 2299 3520 2362 ναοὺς
3561 2300 3971 2371 ἀνεγείρουσιν.

2375 2387 2438 2438 Ol.
2469 2386 2525 2438 δέ
2564 2387 2844 2458 Βάρὸαροι
2877 2388 3106 2460 δευτέρα
3152 2390 3244 2443 καὶ
3283 2389 3441 2454 αὖθις
3471 2391 3648 2462 ἐφόδῳ
3681 2393 3974 2463 χρησάμε-

2377 2494 2478 2542 νοι,
2507 2479 2634 2542 τοὺς
2667 2479 2768 2547 μὲν
2797 2480 3109 2551 ἀναιροῦσι,
3161 2482 3288 2547 τοὺς
3313 2483 3370 2536 δέ
3397 2485 3735 2552 κατάγουσιν
3767 2489 3976 2556 αἰχμα-

2377 2565 2604 2633 λώτους,
2625 2569 2754 2632 τοὺς
2782 2570 2838 2622 δὲ
2869 2571 2965 2624 καὶ
2991 2573 3070 2634 εἰς
3102 2573 3299 2642 ἐτέρας
3340 2574 3729 2627 συνελαύνουσι
3753 2576 3976 2644 κώμας,

2381 2663 2496 2716 ὅσοι
2538 2663 2852 2734 κρείττονες
2883 2665 2948 2717 ἐκ
2979 2665 3309 2736 παραδόξου,
3360 2666 3456 2719 τοῦ
3494 2667 3744 2720 κινδύνου
3781 2669 3979 2722 τούτου

2389 2754 2757 2825 κατέστησαν,
2793 2756 3037 2824 μεγάλης
3081 2757 3289 2829 σφόδρα
3321 2760 3414 2812 καὶ
3454 2760 3699 2829 χαλεπῆς
3734 2761 3836 2828 ’τῆς
3878 2779 3984 2815 κα-

2382 2846 2659 2916 ταδρομῆς
2691 2845 2896 2917 ταύτης
2925 2849 3034 2901 τῶν
3069 2848 3372 2918 Βαρϐάρων
3403 2851 3520 2903 ἐκεῖ
3545 2851 3869 2920 γενομένης.

2463 2937 2649 3005 PBG”.
2689 2939 2746 2992 '0
2780 2941 2963 3008 μέντοι
2999 2941 3314 3010 μακαρίτης
3361 2941 3544 3003 Ἠλίας
3571 2944 3599 2995 ὁ
3647 2942 3827 3005 καλῶς
3871 2961 3985 2996 των

2392 3031 2670 3100 Εύθυμίου
2698 3031 2990 3101 προϐάτων
3037 3033 3411 3102 ἡγεμονεύων,
3438 3035 3495 3085 ἐν
3527 3032 3672 3086 ὀκτὼ
3692 3037 3806 3096 τοῖς
3837 3035 3986 3096 ὅλοις

2391 3119 2657 3180 ἐνιαυτοῖς
2713 3119 2808 3172 καὶ
2845 3118 3147 3188 τριάκοντα
3171 3120 3270 3187 τὴν
3304 3118 3407 3188 τῆς
3446 3121 3613 3189 μονῆς
3643 3121 3989 3191 προστασίαν

2393 3209 2780 3280 ἐγχειρισθεὶς,
2823 3210 2918 3263 καὶ⁵
2976 3210 3147 3264 πολλὰ
3184 3210 3284 3276 μὲν
3331 3213 3557 3278 γενναῖα
3606 3213 3701 3265 καὶ
3751 3213 3992 3282 λαμπρὰ

2394 3299 2515 3352 κατ’
2555 3301 2728 3369 αὐτὴν
2780 3301 3210 3371 ἀποδειξάμενος
3271 3301 3430 3372 ἔργα,
3465 3303 3604 3356 πολὺ
3637 3305 3694 3356 δὲ
3736 3308 3832 3357 καὶ
3865 3305 3992 3372 φελ-

2394 3409 2520 3462 τρον
2555 3393 2688 3445 πᾶσι
2715 3394 2825 3456 τοῖς
2859 3393 3111 3461 ἀδελφοῖς
3146 3394 3241 3446 καὶ
3292 3394 3373 3456 εἰς
3412 3393 3494 3446 ἔτι
3529 3395 3623 3447 καὶ
3669 3395 3767 3448 νῦν
3803 3396 3994 3457 αὐτοῖς

2395 3489 2710 3559 ἐνακμάζον
2741 3487 3079 3552 καταλιπὼν,
3126 3489 3224 3557 τὴν
3260 3487 3542 3559 μακαρίαν
3581 3489 3719 3560 πρὸς
3755 3490 3850 3542 τὸν
3900 3490 3993 3542 δε-

2398 3583 2603 3648 σπότην
2662 3581 2757 3633 καὶ
2804 3581 2968 3643 αὐτὸς
3018 3581 3248 3648 ἐκδημεῖ
3299 3581 3550 3650 πορείαν.
3603 3581 3832 3650 Συμεὼν
3866 3591 3887 3619 ε
3938 3582 3997 3634 δέ

2399 3692 2543 3738 τινος
2585 3674 2876 3742 Ἀπαμέως
2911 3673 3010 3744 τὴν
3055 3673 3232 3743 ἀρχὴν
3293 3674 3411 3742 μετ’
3446 3675 3653 3726 ἐκεῖνον
3688 3673 3998 3742 ἐκδεξαμέ-

2400 3784 2514 3830 νου,
2549 3766 2645 3818 καὶ
2675 3765 2857 3835 τρίτον
2889 3765 3025 3834 αύτῇ
3057 3765 3215 3834 μόνον
3246 3763 3586 3827 ἐπιϐιοῢντος
3619 3762 3663 3824 ί.
3696 3765 3998 3834 Στέφανπ,

2405 3857 2592 3926 Ἄραψ
2623 3857 2684 3908 τὸ
2731 3857 2909 3923 γένος,
2968 3856 3210 3924 διάδοχος
3274 3856 3488 3908 ἐκείνου
3538 3855 3901 3910 καθίσταται·
3943 3857 4000 3921 ὃς

2404 3949 2854 4018 τετελευτηκότος
2885 3948 3031 4016 αὐτῷ
3068 3947 3166 4000 τοῦ
3220 3947 3454 4016 ἁδελφοῦ
3492 3949 3829 4016 Προκοπίου,
3874 3950 4004 4013 ἐξαο

2406 4043 2625 4104 κοσίους
2685 4043 2749 4094 ἐκ
2780 4040 2889 4094 τῶν
2924 4039 3195 4110 πατρῴων
3227 4039 3463 4109 χρυσοῦς
3501 4043 3568 4110 τῇ
3620 4043 3754 4112 μονῇ
3802 4043 4005 4093 ἀπονέ-

2410 4153 2521 4205 μει.

2477 4224 2649 4280 PKZ'.
2687 4224 2824 4276 Ὑπὸ
2862 4223 2918 4274 δέ
2973 4225 3100 4286 τοὺς
3141 4223 3340 4287 αὐτοὺς
3382 4224 3628 4292 χρόνους,
3653 4223 3748 4276 καὶ
3788 4224 4006 4276 Καισαο

2410 4318 2524 4389 ριός
2561 4335 2644 4381 τις
2693 4317 3020 4386 Ἀντιοχεὺς,
3067 4317 3124 4368 ἐν
3159 4318 3465 4377 πολιτικαῖς
3508 4316 3702 4385 ἀρχαῖς
3737 4315 4009 4378 πολλάκις

2409 4411 2794 4480 εὐδοκιμήσας,
2839 4411 2918 4474 εἰς
2973 4410 3071 4480 τὴν
3108 4409 3269 4476 ἁγίαν
3310 4410 3463 4461 πόλιν
3504 4407 3858 4478 παραϐαλὼν,
3912 4419 4009 4463 καὶ

2410 4505 2603 4575 χρόνον
2629 4505 2807 4556 ἐκεῖσε
2848 4503 3208 4573 κατασχεθεὶς
3250 4503 3456 4566 ἱκανὸν,
3496 4503 3660 4555 πάθει
3692 4505 3800 4555 τινὶ
3850 4522 4013 4572 περι-

727 4615 942 4672 tempus
985 4600 1091 4654 illic
1136 4609 1404 4661 moratus,
1437 4597 1628 4650 incidit
1671 4597 1720 4647 in
1772 4595 2018 4664 corporis
2060 4593 2283 4648 morbun

2416 4598 2605 4649 πίπτει
2641 4594 2964 4663 σωματικῷ,
3023 4594 3226 4663 σφόδρα
3273 4593 3517 4664 χαλεπῷ.
3559 4593 3711 4645 Ἐπεὶ
3743 4593 3800 4644 δὲ
3845 4593 4011 4646 τοῦτο

729 4695 1129 4769 gravissimum.
1158 4692 1422 4760 Quoniam
1452 4704 1578 4743 vero
1605 4689 1791 4742 deerat
1819 4702 2009 4741 manus
2041 4687 2303 4753 curatrix,

729 4799 784 4844 ct
812 4802 1029 4843 omnem
1059 4785 1279 4840 morbus
1302 4781 1590 4851 superabat
1614 4780 1954 4834 tolerantiam
1985 4781 2310 4833 amicorum-

731 4896 836 4950 que
865 4877 1314 4940 consolationem,
1352 4889 1458 4926 non
1503 4873 1706 4925 habens
1741 4871 1830 4924 ille
1874 4870 2127 4936 quidnam
2161 4870 2311 4922 dein-

731 4987 861 5042 ceps
891 4971 988 5026 sibi
1017 4969 1320 5030 adhiberet,
1348 4963 1591 5034 confugit
1629 4964 1694 5017 ad
1727 4961 2034 5030 sepulcrum
2073 4961 2313 5014 admira-

734 5067 856 5121 bilis
882 5063 1158 5135 Eutltymii
1187 5080 1199 5115 :
1232 5072 1285 5115 et
1320 5057 1464 5129 quod
1493 5058 1639 5113 illinc
1671 5066 1790 5110 erat
1815 5056 2015 5122 oleum,
2043 5053 2102 5107 fit
2133 5055 2311 5106 statim

2415 4684 2598 4754 χειρὸς
2647 4684 2846 4753 ἠπόρει
2911 4683 3346 4753 θεραπευούσης,
3391 4684 3686 4753 καρτερίας
3715 4700 3771 4734 τε
3823 4685 4012 4752 nisa;

2417 4777 2511 4827 καὶ
2547 4775 2644 4842 τῆς
2677 4775 2740 4828 ἐκ
2768 4773 2935 4842 φίλων
2976 4773 3333 4844 παραμυθίας
3386 4768 3456 4842 ἦν
3489 4773 3865 4843 ἰσχυρότερον,
3912 4777 4015 4827 οἰκ

2419 4869 2557 4936 ἔχων
2591 4867 2687 4919 ὅτι
2715 4868 2980 4936 χρήσαιτο
3029 4865 3212 4917 λοιπὸν
3269 4865 3472 4935 ἐαυτῷ,
3525 4866 3675 4936 παρα
3702 4866 3792 4918 τὸν
3838 4868 4016 4936 τάφον

2421 4959 2761 5027 καταφεύγει
2790 4957 2885 5010 τοῦ
2929 4956 3249 5026 θαυμαστοῦ
3288 4957 3564 5028 Εὑθυμίου
3589 4974 3603 4988 °
3641 4960 3735 5010 καὶ
3764 4958 3827 5009 τὸ
3869 4961 4015 5011 ἐκεῖ-

2425 5054 2516 5106 θεν
2549 5053 2751 5118 ἔλαιον,
2791 5053 3081 5122 ἀπαλλαγὴ
3111 5051 3206 5104 τοῦ
3255 5051 3461 5115 πάθους
3501 5051 3662 5116 εὐθὺς
3693 5053 3771 5123 τῷ
3803 5053 4021 5122 ἀνθρὼ-

2049 5193 2284 5248 VARIAS
2324 5192 2620 5248 LECTION
2631 5192 2731 5247 ES.

803 5319 828 5358 ἀ
858 5319 929 5373 al.
963 5315 1336 5388 ἐδηλώσαμεν.
1420 5325 1441 5354 ο
1475 5315 1542 5368 al.
1585 5313 1890 5382 Συμεῶνος.

1976 5311 1992 5350 ί
2035 5313 2106 5367 al.
2141 5312 2308 5366 inser.
2346 5313 2488 5375 ἔτος.

1964 5450 2155 5507 JOAN.
2203 5449 2542 5506 BOLLANDI
2579 5448 2806 5503 NU'LE.

813 5600 926 5667 (76)
967 5597 1190 5667 Olybrio
1246 5599 1360 5654 solo
1410 5597 1633 5654 consule
1692 5613 1781 5651 an.
1838 5595 1958 5649 491.
2017 5593 2316 5648 indictione

747 5687 857 5730 xlv,
917 5675 968 5724 in
1002 5669 1122 5722 Vita
1151 5671 1208 5723 S.
1234 5670 1408 5725 Salui.

821 5742 932 5812 (77-)
973 5741 1334 5812 Theophanes
1388 5742 1484 5794 lib.
1532 5753 1620 5796 xv.
1670 5754 1790 5806 cap.
1844 5737 1911 5790 10
1944 5737 2131 5812 refert
2177 5751 2319 5812 anno

745 5807 1017 5866 Anastasii
1061 5807 1140 5864 HV
1168 5810 1560 5866 Saracenorum
1595 5811 1882 5863 incursum
1944 5809 1996 5860 in
2023 5807 2316 5860 Pltmuicen

747 5894 801 5938 et
832 5883 1046 5953 Syriam
1081 5898 1264 5940 rursus
1301 5883 1417 5952 (seu
1449 5881 1685 5936 secunda
1722 5881 1856 5945 vitm)
1890 5879 2138 5934 ('“Ct'llllll
2177 5891 2315 5931 esse.

2422 5590 2575 5646 Prior
2618 5594 2731 5646 luee
2793 5591 3023 5659 irruptio
3070 5598 3194 5645 autc
3244 5599 3470 5643 mortem
3528 5590 3654 5644 Elia:
3728 5591 4024 5658 ιιιςιιιιηηι

2428 5666 2641 5716 videtur
2665 5663 2980 5726 conligiSse.

2491 5737 2602 5801 (78)
2647 5740 2745 5788 An.
2775 5735 2874 5786 (1h.
2913 5733 3033 5785 511.

2497 5806 2608 5874 (79)
2653 5806 2753 5858 Au.
2781 5807 2902 5858 511.
