4104 6486
89 406 167 471 705
1334 392 1511 453 VITA
1556 390 1618 450 s.

1749 388 1868 450 l'l‘Il
1881 392 1974 451 ΥΜ
1992 391 2067 450 [Ι.

3236 399 3346 464 706

93 532 156 583 τῳ
176 510 396 578 γίνεται,
432 507 592 578 μόνον
631 505 968 576 ἐπιχρισθέν.
1013 502 1070 555 '0
1109 502 1165 554 δὲ
1197 502 1428 571 χάριτας
1453 500 1641 556 ἀποδι-

1752 499 1953 552 homini
1987 498 2157 553 morbi
2186 497 2459 566 depulsio,
2504 501 2591 555 ubi
2623 500 2893 556 duntaxat
2923 502 3167 559 inunctio
3204 505 3343 562 facta

87 604 179 665 δοὺς
204 600 299 670 τῆς
334 598 680 668 εὐεργεσίας,
717 598 977 667 χρήματα
1020 598 1087 666 τῇ
1132 593 1227 646 τοῦ
1282 594 1441 661 ἁγίου
1478 595 1637 661 μονῇ,

88 698 136 749 τὰ
165 695 246 766 μὲν
293 697 556 765 παρεῖχεν
596 692 698 761 ἤδη
744 689 1164 761 μεγαλοψύχως,
1200 690 1267 742 τά
1299 688 1354 741 δὲ
1381 691 1474 742 καὶ
1511 689 1639 756 ἐτη-

92 790 187 849 σίως
212 788 523 855 ὑπισχνεῖτο
549 785 835 855 παρέχειν.

140 878 298 935 PKH’.
356 881 557 933 Οἶκαδε
624 880 753 946 γοῦν
803 876 1063 943 ἐπανιὼν,
1118 876 1211 930 καὶ
1266 877 1524 946 Στεφάνῳ
1581 879 1640 929 ἑν

90 975 307 1047 Τριπόλει
346 974 421 1044 τῷ
450 974 735 1042 ἐπισκόπῳ
762 972 1115 1042 παραϐαλὼν,
1150 967 1236 1025 οἷα
1271 972 1416 1038 φιλεί
1441 974 1497 1023 ἐν
1530 972 1640 1033 τοῖς

90 1068 309 1129 τοιούτοις
384 1070 417 1135 ἡ
480 1065 630 1135 ψυχὴ
689 1066 798 1119 τῶν
854 1065 955 1135 ἤδη
1009 1064 1333 1134 φθασάντων
1399 1064 1639 1133 ἀνιαρῶν

91 1164 223 1230 aiio);
276 1157 816 1231 ἀναμιμνήσκεσθαι,
882 1158 1123 1227 διηγεῖτο
1181 1158 1332 1224 αὐτῷ
1388 1157 1455 1208 τὰ
1513 1156 1639 1209 καθ’

89 1260 279 1307 ἕκαστον
304 1270 315 1281 ⁸
370 1255 517 1315 ὅπως
570 1252 669 1321 μὲν
718 1251 1099 1319 κατασκήψειε
1133 1250 1191 1303 τὸ
1232 1250 1399 1302 κακὸν
1431 1253 1510 1312 εἰς
1545 1250 1641 1301 αὐ-

91 1352 186 1400 τόνο
214 1352 356 1410 ὅπως
382 1364 442 1399 τε
471 1346 623 1399 πᾶσά
669 1363 725 1398 τε
778 1344 995 1415 ἰατρικὴ
1024 1346 1164 1415 χεὶρ,
1206 1348 1295 1397 καὶ
1348 1346 1638 1414 παρουσίαι

90 1442 170 1492 τῶν
198 1440 457 1510 συνήθων,
492 1442 545 1492 αἱ
582 1440 680 1507 μὲν
718 1441 796 1502 εἰς
822 1440 1143 1509 θεραπείαν,
1178 1440 1228 1489 οἱ
1256 1437 1312 1492 δὲ
1347 1443 1427 1501 εἰς
1462 1456 1640 1508 παρα-

92 1535 255 1602 μυθίαν
282 1533 435 1585 οὐδὲν
466 1533 651 1601 ἴσχυον
672 1549 683 1560 ·
717 1533 864 1594 ὅπως
901 1550 957 1584 τε
990 1536 1210 1586 πάντων
1239 1535 1534 1601 ἀπογνοὺς,
1564 1535 1639 1603 τῷ

91 1629 162 1679 τοὺ
191 1626 454 1694 Εὐθυμίου
504 1627 660 1695 τάτῳ
708 1626 1084 1695 προεῖδρέιμοι⁸
1140 1628 1231 1679 καὶ
1288 1627 1435 1687 ὅπως
1482 1626 1640 1696 μόνον

89 1721 259 1771 ἐκεῖθεν
289 1720 455 1784 ἐλαίῳ
487 1720 836 1788 χρησάμενος
876 1720 921 1782 ε,
960 1718 1286 1787 παρα-πόδας
1325 1718 1508 1783 εὐθὺς,
1546 1721 1640 1771 καὶ

89 1813 143 1872 ὡς
185 1812 280 1863 οὐδ’
321 1810 391 1864 ἂν
438 1810 659 1863 πώποτε
706 1811 807 1862 οὐκ
853 1810 1070 1863 ἐλπίσαι
1123 1812 1306 1881 μόνον,
1365 1811 1480 1863 ἀλλ’
1527 1812 1638 1865 οὐδ’

90 1904 307 1967 εὔξασθαι
339 1903 473 1971 γοῦν
508 1903 868 1974 τεθάρρηκεν,
904 1897 1031 1973 εὗρε
1055 1900 1153 1973 τὴν
1184 1903 1502 1974 θεραπείαν.

141 1996 291 2050 ΡΚΘ’.
335 1996 526 2051 Ταῦτα
550 1998 578 2049 ὁ
600 1999 699 2067 μὲν
717 1999 959 2067 διηγεῖτο
977 1998 1118 2052 κατὰ
1135 1999 1297 2070 μέρος
1315 2001 1392 2071 τῷ
1415 1999 1638 2052 ἐπισκό-
1660 2030 1663 2031 ν

92 2108 173 2158 τῳ.
191 2092 436 2154 Λεόντιος
458 2091 515 2144 δέ
535 2109 619 2155 τις
642 2090 853 2143 ἐκείνου
876 2091 1118 2160 ἀνεψιὸς,
1138 2093 1333 2163 κομιδῇ
1372 2094 1490 2155 νέος
1537 2094 1635 2163 τὴν

88 2186 266 2251 ἠλικίαν
290 2186 579 2256 ὑπάρχων,
612 2188 949 2256 παρατυχὼν
978 2185 1123 2239 οὕτω
1160 2186 1301 2239 κατὰ
1345 2187 1635 2256 συντυχίαν

88 2278 147 2346 τῷ
169 2278 484 2349 διηγήματι,
522 2279 619 2332 καὶ
646 2282 990 2349 παραχρῆμα
1013 2280 1114 2349 τὴν
1142 2279 1323 2349 ψυχὴν
1361 2282 1435 2343 ὡς
1466 2282 1635 2352 ἥκου-

90 2388 132 2421 σε
179 2370 611 2441 διαθερμανθεὶς,
662 2373 757 2424 καὶ⁵
793 2373 977 2439 μεῖζόν
1024 2388 1075 2423 τι
1127 2373 1222 2425 καὶ
1264 2372 1637 2443 πρεσϐύτερον

88 2463 259 2529 ﬁnxi
290 2464 393 2529 τὴν
432 2463 654 2533 ἠλικίαν
689 2464 987 2534 φρονήσας,
1041 2465 1133 2517 καὶ
1184 2465 1491 2532 καταγνοὺς
1530 2465 1636 2517 τῶν

88 2556 159 2605 τοῦ
198 2556 399 2625 κόσμου
456 2557 696 2620 πάντων,
762 2557 852 2623 ὑφ’
893 2552 968 2609 ὧν
1003 2556 1411 2627 εὐεξαπάτητος
1450 2558 1525 2621 ὡς
1577 2558 1637 2612 τὸ

92 2650 193 2700 nali.
223 2648 406 2717 νεότης
436 2650 552 2701 ἐστι
594 2650 686 2701 καὶ
737 2649 1032 2717 ἁλώσιμος,
1072 2652 1153 2712 είς
1192 2650 1288 2721 τὴν
1327 2650 1419 2703 τοῦ
1465 2652 1637 2720 μεγά-

88 2740 156 2790 ὶοε)
192 2742 346 2810 μονὴν
392 2741 469 2803 ὡς
510 2736 656 2809 εἶχεν
708 2741 869 2804 εὐθὺς
910 2744 1242 2809 ἀφικνεῖται,
1284 2744 1375 2797 καὶ
1411 2743 1503 2797 τὸν
1539 2761 1638 2815 μο-

90 2837 195 2903 νήρη
221 2834 330 2903 βίον
362 2835 691 2887 ἀλλάττεται
717 2850 729 2861 ·
766 2834 826 2887 ὃν
862 2835 1037 2904 δήπου
1067 2838 1163 2890 καὶ
1206 2837 1373 2908 ἀρετῇ
1400 2853 1639 2909 περιφα-

90 2925 169 2987 νῶς
226 2927 607 2997 διαλάμψαντα
689 2928 1185 2997 μεταστειλάμενος
1254 2932 1282 2982 ό
1341 2932 1639 2995 ἐπίσκοπος

90 3015 340 3083 Στέφανος,
378 3020 484 3086 τὴν
520 3018 622 3085 τῆς
654 3020 820 3088 μονῆς
844 3020 993 3085 αὑτῷ
1028 3020 1286 3092 πρόνοιαν
1318 3025 1637 3093 ἐγχειρίζει,

89 3109 181 3175 ἣτις
216 3113 304 3164 ἐπὶ
357 3111 457 3164 τοῦ
495 3111 736 3181 μεγάλου
774 3114 1053 3184 μάρτυρος
1086 3116 1177 3169 καὶ
1202 3115 1341 3186 αὑτὴ
1374 3118 1640 3187 συνέστη-

1744 601 1848 645 est.
1888 591 1935 645 ls
1959 601 2138 645 autem
2182 589 2428 647 referens
2469 594 2673 663 gratias
2721 610 2819 661 pro
2857 595 3143 663 beneficio,
3178 612 3343 666 pecu-

1747 683 1867 737 nias
1899 684 2073 737 sancti
2113 684 2465 750 monasterio,
2497 688 2691 751 partim
2719 686 2829 754 jam
2861 689 3088 755 praebuit
3130 694 3343 762 magni»

1745 776 1864 841 tice,
1902 780 2096 846 partim
2130 794 2185 833 se
2218 794 2427 833 annuas
2464 780 2818 848 prmbiturum
2848 783 3123 849 pollicitus
3156 796 3261 840 est.

1817 870 2348 926 CXXVlll.Domum
2401 874 2567 941 igitur
2615 885 2916 941 revertens,
2960 892 3082 930 eum
3134 878 3339 949 Tripoli

1745 966 1951 1034 (ΒΟ-81)
1979 969 2294 1036 episcopum
2312 967 2650 1036 Stephanum
2668 971 3158 1040 convenisset,quo
3184 976 3341 1026 modo

1742 1068 1889 1112 amat.
1907 1060 2123 1114 animus
2139 1060 2188 1112 iii
2208 1060 2515 1127 bujusmodi
2534 1064 2690 1117 rebus
2705 1064 2954 1117 lubenter
2971 1065 3339 1120 molestiarum

1744 1152 2142 1221 pi'aateritarum
2171 1153 2506 1216 meminisse,
2535 1157 2778 1208 narravit
2809 1156 2854 1209 ei
2879 1156 3087 1223 singula
3113 1174 3126 1221 ;
3149 1174 3335 1226 quem-

1745 1248 2036 1301 admodum
2073 1246 2273 1300 tualutn
2300 1261 2424 1300 eum
2461 1247 2787 1310 invasisset;
2830 1256 2993 1316 utque
3020 1253 3199 1304 omnis
3234 1268 3342 1306 tne-

1743 1342 1984 1394 dicornm
2019 1355 2233 1400 manus,
2268 1348 2317 1391 et
2354 1340 2639 1407 prtesentia
2673 1341 3049 1406 familiarium,
3090 1343 3177 1395 illa
3214 1344 3339 1412 qui-

1743 1432 1867 1485 dem
1900 1432 1964 1485 ad
1999 1432 2362 1496 curationem,
2398 1432 2449 1485 bi
2483 1447 2611 1486 vero
2640 1435 2707 1487 ad
2740 1435 3169 1489 consolationem
3205 1438 3339 1490 nihil

1754 1525 2034 1590 valebant;
2069 1535 2122 1578 et
2159 1540 2268 1593 quo
2309 1536 2467 1593 pacto
2501 1526 2801 1594 desperatis
2836 1528 3111 1593 omnibus,
3145 1544 3341 1582 accur-

1743 1622 1874 1673 rerit
1918 1620 1984 1671 ad
2023 1618 2337 1687 sepulcrum
2374 1619 2687 1689 Euthymii;
2751 1622 2972 1689 soloque
3027 1623 3173 1677 illinc
3220 1624 3341 1678 oleo

1742 1732 1896 1780 usus,
1921 1731 1950 1770 e
1988 1715 2218 1784 vestigio
2261 1717 2467 1777 statim,
2496 1727 2551 1769 et
2588 1718 2727 1769 sicut
2753 1732 2822 1771 ne
2853 1732 3089 1785 unquam
3121 1720 3339 1787 quidem

1745 1812 1824 1865 vel
1855 1826 1959 1864 non
1993 1810 2167 1864 solum
2202 1825 2446 1879 sperare,
2495 1812 2589 1863 sed
2613 1825 2711 1865 nec
2741 1812 2906 1863 etiam
2939 1821 3130 1879 optare
3177 1827 3340 1866 ausus

1748 1905 1957 1966 fuisset,
1996 1904 2199 1958 invenit
2230 1904 2585 1957 curationem.

1817 1998 2057 2055 CXXIX.
2113 1998 2238 2052 llaec
2298 1998 2385 2051 ille
2440 2000 2656 2066 quidem
2707 1998 3019 2068 singulatim
3073 2001 3341 2055 referebat

1745 2096 2020 2164 episeopo.
2064 2093 2295 2157 Quidam
2336 2102 2513 2146 autem
2552 2091 2810 2146 Leontius
2852 2094 3012 2162 hujus
3055 2096 3335 2149 consobri-

1749 2205 1873 2254 nus,
1925 2198 2085 2241 aetate
2129 2188 2417 2242 admodum
2463 2188 2699 2257 juvenis,
2764 2190 2843 2244 sic
2896 2205 3023 2243 casu
3077 2191 3343 2244 assistens

1749 2284 2023 2349 relationi,
2054 2282 2452 2351 confestimque
2483 2284 2687 2348 animo,
2716 2294 2771 2335 ut
2797 2284 3024 2346 audivit,
3052 2300 3340 2345 accensus,

1747 2387 1798 2432 et
1846 2377 2021 2445 majus
2088 2376 2294 2443 aliquid
2369 2376 2751 2445 maturiusque
2808 2393 2971 2446 quam
3032 2391 3131 2444 pro
3183 2388 3343 2431 artate

1748 2479 1928 2524 mente
1959 2470 2195 2536 agitans,
2227 2468 2602 2522 condemnatis
2638 2470 2893 2523 omnibus
2926 2469 3115 2523 mundi
3156 2469 3338 2529 rebus,

1747 2562 2003 2628 aquibus
2043 2570 2101 2613 ut
2144 2561 2436 2627 plurimum
2487 2559 2647 2613 facile
2698 2560 2872 2628 decipi
2919 2570 2974 2613 et
3010 2561 3128 2627 capi
3163 2569 3342 2628 potest

1742 2653 2022 2723 juventus,
2065 2653 2131 2707 ad
2183 2653 2362 2724 magni
2399 2654 2815 2715 monasterium,
2850 2653 2923 2705 uti
2968 2640 3108 2717 erat,
3154 2654 3339 2708 statim

1750 2749 1917 2810 venit,
1966 2757 2020 2801 et
2066 2746 2233 2799 vitam
2276 2745 2426 2814 eligit
2480 2747 2881 2800 monasticam:
2917 2760 3076 2814 quem
3127 2746 3338 2815 utique,

1749 2836 1872 2894 cum
1904 2840 2106 2893 virtute
2131 2838 2315 2893 clarus
2341 2848 2395 2892 et
2428 2838 2657 2907 insignis
2680 2838 2966 2901 evasisset,
2994 2838 3339 2904 advocatum,

1751 2932 2062 3000 Stephanus
2092 2933 2404 3001 episcopus,
2433 2947 2560 2985 cura
2588 2942 2643 2986 et
2672 2934 2994 3000 praefectura
3027 2933 3337 2988 monasterii

1750 3028 1990 3089 donavit,
2028 3026 2170 3095 quod
2196 3034 2248 3078 et
2283 3028 2457 3093 ipsum
2500 3024 2782 3077 conditum
2824 3021 2926 3076 fuit
2975 3016 3339 3077 in'ltouorem

1752 3121 1932 3191 magni
1951 3118 2205 3187 martyris
2225 3116 2433 3170 Leontii
2454 3116 2567 3185 (εἳ)
2591 3134 2602 3166 :
2626 3116 2783 3184 paulo
2801 3125 2920 3184 post
2941 3129 3086 3177 vero,
3110 3130 3233 3169 eum
3253 3131 3340 3171 se-

91 3220 134 3254 κε
160 3205 402 3258 Λεοντίου
428 3224 444 3239 ’
483 3206 601 3274 μετ’
631 3207 690 3259 οὑ
719 3207 854 3258 πολὺ
900 3207 956 3261 δὲ
997 3208 1092 3260 καὶ
1118 3208 1362 3279 διάδοχον
1391 3211 1483 3264 τοῦ
1516 3210 1639 3280 θρό-

1752 3212 1836 3268 dis
1857 3225 2230 3265 successorem
2258 3208 2593 3276 relinquens,
2613 3223 2643 3261 e
2666 3208 2771 3260 vita
2807 3207 3061 3277 migravit
3083 3208 3343 3263 vicesimo

90 3313 157 3347 ιετυ
207 3295 552 3361 καταλιπὼν,
607 3298 838 3369 δευτέρᾳ
884 3299 980 3353 καὶ
1029 3301 1247 3371 εἰκοστῇ
1302 3303 1470 3372 μηνὸς
1512 3303 1643 3356 Ἰαν-

88 3390 303 3457 νουαρίου
338 3388 608 3441 καταλύει
638 3388 730 3441 τὸν
761 3390 898 3459 βίον,
924 3390 1023 3444 ἕνα
1057 3392 1151 3444 ἐπὶ
1192 3395 1305 3455 τοῖς
1350 3394 1523 3446 εἴκοσι
1576 3398 1642 3465 τῇ

89 3483 157 3531 τοι]
226 3483 496 3536 κοινοϐίου
572 3485 920 3555 προστασίᾳ,
982 3487 1110 3548 τοὺς
1168 3485 1321 3550 ὅλους
1389 3487 1646 3553 διανύσας

88 3574 355 3637 encased;
392 3576 509 3627 Καὶ
542 3577 799 3637 Λεόντιος
826 3574 880 3628 δὲ
926 3578 954 3629 ό
988 3576 1179 3630 τούτου
1204 3579 1423 3649 ἀνεψιὸς
1453 3580 1644 3634 Νεῖλόν

89 3682 182 3718 τινα
232 3685 323 3720 του
375 3667 653 3722 κοινοδῐου
706 3667 1119 3739 πρεσϐύτερον,
1190 3673 1271 3733 είς
1314 3672 1645 3743 Ἀντιόχειαν

88 3760 304 3822 ἀπιόντα,
362 3760 461 3813 καί⁵
506 3760 657 3830 αὑτῷ
694 3760 1114 3826 ὲπιξενωθέντα,
1173 3762 1372 3826 ίκανῶς
1422 3767 1486 3817 ὲκ
1537 3766 1645 3819 τῶν

90 3854 338 3920 παρόντων
375 3853 807 3922 δεξιωσάμενος,
860 3856 1163 3909 ἐπίσκοπον
1225 3857 1585 3929 Ὀρθωσιάδος
1614 3862 1642 3900 h

87 3949 368 4014 χειροτονεῖ.
403 3947 523 4000 Καὶ
546 3946 719 3999 ταῦτα
752 3945 851 4016 μὲν
882 3946 1075 4011 οὕτως.

139 4038 246 4091 Pft'.
292 4039 728 4108 Ἐπιστρεπτέον
770 4039 827 4091 δὲ
856 4041 950 4092 καὶ
987 4036 1147 4103 αὖθις
1196 4042 1289 4095 ἐπὶ
1336 4043 1433 4113 τὴν
1470 4045 1643 4098 Εὐθυ-

90 4133 185 4197 ρίου
212 4133 301 4184 τοῦ
334 4132 583 4201 μεγάλου
619 4131 811 4201 μονὴν,
839 4132 935 4183 καὶ
969 4132 1039 4185 τὰ
1070 4133 1195 4203 ἑξῆς
1229 4135 1366 4205 αὐτῇ
1410 4136 1643 4205 προσθε-

86 4227 179 4275 τέον
210 4226 298 4279 τοῦ
340 4226 714 4296 διηγήματος.
760 4224 915 4276 Μετὰ
944 4224 1042 4294 τὴν
1076 4226 1352 4295 Στεφάνου
1394 4229 1490 4282 τοῦ
1522 4231 1644 4284 ἐπι-

91 4319 261 4371 τκόπου
288 4319 597 4380 τελείωσιν,
623 4317 825 4387 Θωμᾶς
852 4319 1023 4386 αὐτὴν
1048 4317 1108 4383 ἐξ
1140 4320 1443 4390 Ἀπαμείας
1472 4324 1645 4377 ἕλκων

89 4413 131 4461 τδ
158 4413 319 4479 γένος,
372 4410 792 4481 εὐθηνουμένην
840 4411 982 4477 ἄγαν
1021 4415 1114 4463 καὶ
1161 4412 1431 4467 ἀνθοῦσαν
1472 4433 1649 4487 παρα-

89 4504 257 4570 ὶαδὼν,
294 4504 588 4575 ἠλάττωσε
624 4520 683 4555 τε
712 4504 808 4555 καὶ
844 4503 1192 4574 περιέκοψεν.
1237 4507 1325 4558 Ἐν
1355 4502 1434 4568 οἷς
1460 4508 1514 4559 δὲ
1551 4510 1649 4577 τὴν

1748 3304 1987 3360 secundo
2021 3303 2221 3356 mensis
2247 3300 2515 3364 Januarii,
2546 3312 2831 3370 postquam
2859 3316 3033 3356 annos
3069 3304 3262 3371 viginti
3287 3312 3341 3357 et

1749 3413 1912 3451 unum
1952 3398 2189 3464 integros
2226 3393 2533 3463 prwl'ttisset
2567 3394 2840 3447 coenobio.
2877 3395 3047 3448 l’orro
3076 3394 3343 3450 Leontius

1748 3490 1907 3558 hujus
1934 3487 2296 3543 consobrinus
2325 3486 2500 3539 Nilum
2531 3488 2817 3553 quemdam
2847 3487 3085 3541 emnobii
3116 3488 3340 3558 presby-

1750 3594 1943 3646 terum,
1997 3590 2215 3634 euntetu
2280 3575 2653 3641 Antiochiam,
2704 3586 2759 3629 et
2817 3577 2885 3629 ab
2933 3591 3000 3631 eo
3052 3588 3339 3647 exceptum

1750 3675 2010 3743 hospitio,
2046 3672 2135 3725 ubi
2174 3667 2508 3723 sufficienter
2537 3684 2602 3721 ex
2636 3668 2703 3721 iis
2746 3683 2866 3737 quae
2913 3672 3139 3723 aderant
3186 3684 3343 3723 acce-

1751 3771 1937 3840 pisset,
1964 3766 2307 3823 Orthosiadis
2341 3763 2456 3832 (85)
2484 3761 2758 3816 ordinavit
2779 3762 3114 3832 cpisc0pum.
3142 3763 3207 3818 Et
3228 3766 3341 3818 haec

1750 3864 1967 3934 quidem
1994 3862 2085 3914 ita.

1820 4041 2035 4098 CXXX.
2071 4038 2475 4094 Revertendum
2506 4043 2685 4091 autem
2704 4045 2787 4092 est
2807 4035 2917 4105 jam
2939 4036 3005 4090 ad
3023 4036 3204 4105 magni
3231 4034 3342 4089 Eu-

1756 4136 1945 4205 tbymii
1971 4131 2386 4193 monasterium,
2411 4139 2466 4185 et
2482 4144 2600 4198 qua:
2624 4129 2689 4182 ad
2729 4128 2856 4182 illud
2893 4128 3147 4195 deinceps
3174 4128 3340 4195 perti-

1755 4237 1885 4285 nent
1906 4226 2151 4281 addenda
2181 4234 2309 4279 sunt
2336 4222 2635 4275 narrationi
2657 4221 2721 4274 ³⁸.
2756 4221 2885 4274 Post
2930 4219 3194 4286 Stephani
3232 4219 3342 4288 (ει)

1753 4320 1993 4392 ερὶεοομὶ
2020 4318 2251 4381 obitum,
2292 4317 2553 4377 Thomas,
2578 4314 2669 4382 qui
2704 4314 2967 4381 originem
2996 4313 3246 4366 trahebat
3279 4327 3345 4365 ex

1752 4418 2018 4485 Apamea,
2068 4413 2119 4466 id
2161 4410 2289 4465 felix
2324 4408 2613 4463 admodum
2648 4405 3009 4474 floridnmque
3038 4416 3342 4474 acceptum,

1759 4510 2034 4563 innninuit
2080 4514 2133 4558 et
2180 4501 2544 4556 circumcidit.
2595 4499 2712 4565 Quo
2767 4510 2947 4552 autem
2993 4508 3237 4566 tempore
3301 4499 3348 4551 is

88 4600 163 4666 τῆς
216 4572 381 4669 pavi};
442 4597 626 4666 ἀρχὴν
671 4595 834 4659 αὐτὸς
882 4572 993 4665 εἶχε
1038 4572 1287 4667 χρόνοις,
1340 4572 1641 4667 ἀφικνεῖται

1762 4596 2285 4654 administrationem
2322 4591 2538 4646 tenebat
2580 4589 2917 4654 monasterii,
2970 4589 3036 4641 ad
3085 4587 3214 4640 illud
3247 4589 3347 4642 ite-

92 4693 200 4760 πρὸς
230 4692 396 4763 αὐτὴν
428 4695 456 4745 ὁ
496 4689 807 4758 Ἀντιοχεὺς
848 4689 1012 4742 πάλιν
1066 4692 1389 4759 Καισάριος,
1420 4695 1515 4745 καὶ
1558 4694 1647 4747 δε-

90 4784 191 4846 ξιῶς
218 4787 343 4855 παρ’
380 4784 604 4837 ἐκείνου
653 4782 749 4835 καὶ
799 4782 1137 4851 φιλοφρόνως
1185 4784 1522 4856 ὑποδεχθεὶς,
1558 4790 1647 4841 καὶ

90 4882 147 4936 εις
174 4879 348 4947 κοινὴν
383 4877 642 4929 ἑστίασιν
700 4872 850 4942 αὐτῷ
881 4875 1361 4944 συγκατακλιθεὶς,
1418 4875 1536 4932 εἶτα
1562 4880 1651 4933 λό-

91 4986 195 5031 γων,
236 4964 319 5020 οἷα
375 4968 553 5035 φιλεῖ,
610 4964 815 5034 μεταξὺ
868 4966 1218 5035 κινηθέντων,
1271 4970 1511 5035 ἀκούσας
1558 4976 1650 5028 ὑπ’

149 5111 186 5141 ³⁸
207 5109 263 5166 V.
298 5112 371 5164 al.
403 5110 559 5165 Edit.

1756 4712 1875 4751 rum
1908 4694 2057 4748 venit
2096 4689 2470 4745 Antiochenus
2503 4685 2793 4749 Cmsnrius,
2827 4695 2881 4739 et
2918 4702 2945 4737 a
3000 4682 3214 4746 Thema
3244 4683 3346 4735 btt-

1756 4804 1917 4845 tnane
1955 4796 2011 4841 et
2061 4788 2235 4838 amice
2274 4789 2587 4849 susceptus,
2631 4778 2719 4831 ubi
2771 4778 2822 4831 in
2873 4779 3065 4831 eodem
3099 4776 3349 4830 convivio

1756 4896 1877 4937 cum
1915 4894 1981 4933 eo
2016 4875 2387 4937 accubuisset,
2445 4872 2662 4933 deinde,
2718 4883 2775 4924 ut
2830 4871 2990 4935 solet,
3044 4870 3187 4925 inter
3226 4871 3348 4925 illos

1756 4974 1945 5047 agitati
1980 4978 2170 5026 essent
2216 4981 2521 5031 sermones,
2572 4965 2800 5020 audiens
2860 4966 2929 5018 ab
2985 4979 3049 5018 eo
3096 4965 3239 5033 quod
3295 4965 3348 5018 in

1373 5238 1604 5297 VARle
1654 5238 2054 5301 LECTIONES.

155 5334 172 5369 ἕ
196 5332 285 5387 int.
318 5333 355 5387 f.
393 5331 758 5403 χρισάμενος.
839 5333 863 5368 h
900 5330 968 5382 al.
1016 5329 1381 5401 Ὀρθοσιάδος.

1263 5447 1458 5508 JOAN.
1501 5451 1850 5508 BOLLANDI
1884 5448 2115 5507 ΝΟΤᾹΞ.

158 5552 348 5621 (8οο81)
377 5545 977 5621 Opttlenlal‘limnicite
1019 5561 1082 5621 ac.
1121 5546 1354 5621 celebris
1378 5550 1506 5603 urbs
1541 5549 1662 5602 Tri-

100 5630 223 5686 polis,
252 5617 591 5676 describitur
636 5617 701 5670 ab
741 5617 1093 5672 Adricliomio
1130 5619 1271 5672 inter
1305 5623 1423 5673 loca
1475 5631 1661 5673 extera

100 5696 337 5829 Ὕέέἓῗυὲ.
371 5759 645 5816 Leontius
674 5757 874 5826 Tripoli
934 5772 1126 5823 passus
1160 5759 1359 5813 colitur
1392 5759 1457 5812 18
1489 5758 1658 5812 Junii,

154 5836 248 5901 (ὃὸ)
281 5837 369 5889 list
405 5830 706 5888 Urtliusias
737 5844 901 5896 prope
925 5829 1207 5901 Tripolim,
1242 5844 1271 5881 e
1307 5834 1523 5899 regione
1550 5832 1657 5898 (2y-

104 5897 183 5971 [ri,
219 5897 369 5961 etiam
423 5907 560 5959 urhs
605 5900 945 5969 episcOpaIis,
976 5914 1097 5953 cuin
1136 5897 1380 5970 'l‘ripoli,‘
1402 5902 1502 5957 sub
1551 5897 1661 5955 mc-

1772 5550 2023 5618 tropolita
2047 5545 2237 5616 Tyrio.
2261 5541 2611 5618 Describitur
2635 5541 2701 5595 ab
2728 5537 3077 5595 Adrichomio
3101 5538 3239 5594 inter
3258 5553 3355 5593 ex-

1771 5616 1881 5675 tera
1919 5622 2028 5672 loca
2060 5632 2179 5683 cap.
2213 5616 2303 5669 ‘29.

1843 5690 1954 5756 (8i)
2012 5680 2307 5752 I‘crperatu
2371 5698 2472 5739 vox
2540 5684 2770 5756 episcopi
2822 5682 3054 5734 additur.
3110 5680 3205 5734 Est
3240 5680 3359 5756 Διιι-ιε

1771 5752 2077 5828 διιὲιιιιιιιιιιε
2116 5760 2310 5820 At‘abS,
2342 5757 2508 5809 frater
2542 5753 2814 5828 Procopii,
2843 5770 3004 5828 supra
3047 5768 3195 5805 tium.
3236 5752 3354 5804 126.

1768 5823 1912 5886 Obiit
1955 5847 2042 5885 an.
2075 5828 2174 5884 Clt.
2210 5828 2323 5897 554,
2362 5838 2414 5881 ut
2438 5842 2499 5880 ex
2527 5842 2674 5880 num.
2714 5824 2815 5878 153
2833 5823 3125 5893 colligitur.
