4104 6486
130 407 239 470 709
1364 400 1537 459 VITA

1722 397 1927 458 EU'I‘I]
1943 401 2135 463 YMII.

3318 405 3428 469 710

129 528 188 575 τὸ
216 522 494 594 νεκρῶδ;ς
520 522 734 592 ἔχοντα,
772 523 836 592 τῇ
872 524 941 592 γῇ
984 519 1333 574 καταϐάλλει.
1367 517 1721 588 Λαζαριιῦται

1829 519 2047 574 zariota:
2081 533 2202 573 cum
2238 521 2578 574 transeundo
2639 520 3005 587 advenissent,
3027 521 3212 590 sicque
3231 523 3428 578 misere

128 615 179 664 δέ
206 629 356 675 τινες
413 614 476 665 ὲκ
508 611 604 666 τοῦ
645 613 990 684 παρήκοντος
1034 609 1376 671 ἐπιστάντες,
1415 612 1508 661 καὶ
1551 609 1725 671 οὕτως

130 706 472 775 ὲρῥιμμένον
530 705 732 768 ἀθλίως
782 706 1036 777 εὑρόντες
1084 705 1180 757 καὶ
1231 704 1402 774 χαμαὶ
1447 704 1722 770 κείμενον,

129 799 586 870 ἀναλαμϐάνουσί
626 818 685 854 τε
740 803 833 852 καὶ
885 801 963 864 είς
991 799 1053 852 τὸ
1086 799 1226 852 κατὰ
1254 797 1352 868 τὴν
1376 796 1538 864 ἁγίαν
1570 795 1726 848 πόλιν

129 896 484 963 νοσοκομεῑον
522 895 863 964 κομίζουσιν.

194 988 374 1044 PAF’.
425 989 638 1043 Ἐκεῖσε
701 991 883 1044 τοίνυν
933 993 1026 1045 ἐπὶ
1074 992 1208 1046 πολὺ
1249 990 1540 1061 κείμενος,
1591 987 1724 1058 ϐναρ

130 1083 227 1151 ὁρᾷ
273 1100 401 1134 τινα
433 1081 751 1153 πρεσϐύτην
777 1083 926 1154 αὐτῷ
949 1083 1370 1154 χαλεπαίνοντα,
1409 1081 1528 1148 καὶ,
1567 1080 1727 1134 Ἀνα-

133 1174 328 1243 στῆναί
370 1191 433 1227 σε
459 1175 638 1238 ἄλλως
667 1177 770 1229 οὐκ
822 1175 925 1243 ἔνι,
970 1178 1218 1245 λέγοντα,
1262 1179 1310 1230 εί
1368 1174 1532 1247 μὴτὸ
1558 1175 1724 1243 ὑφαι-

134 1269 292 1337 ρεθὲν
318 1271 511 1339 χρῆμα
541 1271 811 1341 πρότερον
848 1273 916 1342 τῇ
957 1271 1052 1324 τοῦ
1095 1271 1371 1340 Εὑθυμίου
1421 1272 1555 1340 μονῇ
1591 1271 1724 1322 ἀπο-

130 1361 296 1432 δῴης.
355 1363 876 1433 Μεταστειλάμενος
918 1363 1012 1417 οῦν
1052 1365 1264 1417 ἐκεῖθεν
1304 1363 1395 1416 τὸν
1428 1362 1720 1432 πανδοχέα,

130 1456 226 1524 τήν
259 1471 322 1507 τε
349 1455 562 1527 κλοπὴν
587 1456 864 1527 ὁμολογεῖ,
891 1458 987 1510 καὶ
1016 1456 1110 1510 τὸν
1140 1457 1292 1510 δόλον
1323 1455 1723 1516 ἀνακαλύπτει,

136 1548 227 1599 καὶ
263 1549 369 1617 τὴν
401 1549 790 1620 κρυπτομένην
828 1549 966 1614 τέως
996 1549 1181 1604 αἰτίαν
1207 1549 1310 1619 τῆς
1333 1551 1400 1602 ἐκ.
1424 1547 1518 1602 τοῦ
1557 1565 1724 1619 μονα-

139 1639 366 1708 στηρίσυ
419 1642 824 1711 ἀναχωρήσεως
866 1640 1182 1709 δημοσιεύει
1238 1641 1334 1693 καὶ
1375 1640 1515 1708 φωτὶ
1565 1639 1723 1692 δίδω-

134 1746 210 1780 σιν
244 1729 511 1798 ἀληθείας
541 1747 553 1760 ·
591 1732 740 1796 ὅπως
785 1747 846 1784 τε
879 1731 985 1798 ύπὸ
1015 1731 1148 1800 λίθῳ
1173 1731 1282 1784 τινὶ
1312 1729 1608 1783 κατάθοιτο
1632 1729 1722 1782 τὸν

130 1821 357 1887 γρυσὲν,
398 1825 492 1874 καὶ
525 1822 674 1886 ὅπως
717 1822 882 1875 αὑτὸν
918 1821 1293 1892 προσϐαλόντα
1328 1821 1589 1883 πολλάκις
1629 1838 1698 1874 κα

1835 619 2160 678 prostratum
2185 611 2534 682 reperissent,
2560 620 2612 664 et
2643 612 2787 666 humi
2813 613 3106 682 jaceutem,
3131 615 3422 681 accipiunt,

1835 714 2001 774 atque
2031 703 2281 760 deferunt
2313 705 2368 760 in
2406 706 2780 760 nosocomium
2824 718 3026 761 sanctae
3058 709 3314 762 civitatis.

1905 992 2194 1049 CXXXlll.
2250 994 2384 1048 Dum
2430 995 2537 1051 illic
2593 995 2777 1066 itaque
2823 994 2914 1049 diu
2957 995 3122 1064 jacet,
3178 997 3325 1051 videt
3367 998 3419 1052 in

1835 1086 2041 1140 somnis
2069 1088 2357 1154 quemdam
2387 1102 2570 1141 senem
2604 1087 2651 1141 ei
2683 1098 3124 1151 succensentcm,
3160 1096 3213 1140 ct
3237 1088 3421 1141 dicen-

1834 1186 1943 1234 tem
1981 1199 1992 1234 :
2025 1177 2144 1235 Non
2175 1179 2332 1234 aliter
2379 1180 2472 1235 tibi
2516 1181 2640 1235 licet
2683 1195 2928 1251 surgere,
2973 1181 3074 1234 nisi
3115 1191 3421 1249 surreptam

1835 1273 2123 1342 pecuniam
2152 1273 2345 1329 reddas
2368 1274 2518 1340 prius
2551 1273 2822 1343 Euthyruii
2852 1276 3204 1329 monasterio.
3241 1275 3423 1338 Quare

1834 1367 2101 1422 arcessito
2123 1368 2318 1422 exinde
2343 1365 2637 1422 Pandochii
2665 1366 2941 1436 praefecto,
2980 1376 3090 1419 tum
3129 1367 3422 1422 conﬁtetur

1835 1458 2062 1526 furtum,
2091 1471 2204 1513 tum
2232 1459 2410 1513 dolum
2440 1460 2634 1528 aperit,
2679 1468 2788 1512 tum
2843 1475 3067 1512 causam
3104 1475 3352 1513 reCessus
3389 1473 3420 1511 e

1835 1555 2165 1608 monasterio
2229 1561 2355 1608 tunc
2386 1555 2655 1608 occultam
2714 1554 2960 1621 propalat
3008 1552 3323 1623 profcrtqne
3365 1554 3416 1607 iu

1834 1645 2006 1701 lucem
2034 1646 2314 1709 veritatis,
2351 1657 2407 1701 et
2439 1647 2891 1715 quemadmodum
2935 1648 3036 1700 sub
3069 1651 3302 1714 quodam
3340 1649 3420 1700 ia-

1833 1739 1956 1806 pide
1998 1754 2190 1792 aurum
2220 1741 2572 1808 deposuerit,
2599 1749 2764 1808 utque
2798 1755 2944 1804 eum,
2983 1754 3125 1808 sa‘pe
3153 1742 3418 1793 acceden-

1837 1839 1944 1883 tcm
1981 1839 2392 1900 tentantemquc
2421 1831 2654 1893 auferre,
2689 1832 2864 1900 primo
2915 1832 3130 1902 quidem
3169 1846 3416 1900 serpens,

131 1911 424 1966 ἀνελέσθαι
454 1914 822 1984 πειρώμενον,
847 1915 1042 1986 πρῶτα
1086 1916 1186 1984 μὲν
1215 1913 1360 1982 hic,
1403 1913 1634 1984 φοϐερὸς
1663 1913 1721 1966 τὸ

1832 1934 1936 1976 tam
1967 1924 2335 1994 magnitudine
2377 1938 2538 1991 quam
2589 1933 2808 1992 aspectu
2837 1900 3218 1985 formidabilis,
3256 1939 3285 1977 e
3335 1922 3415 1975 la-

135 2003 364 2069 μέγεθος
415 2004 548 2056 αὐτὸ
599 2004 694 2056 καὶ
742 2005 804 2056 τὸ
855 2001 1019 2071 εἶδος,
1078 2005 1388 2074 ὲξερπύσας
1429 2005 1523 2057 τοῦ
1574 2004 1723 2056 λίθου

133 2094 458 2163 παραδόξως
489 2096 791 2166 ἀπήλασεν,
818 2096 1011 2151 ἔπειτα
1034 2098 1090 2151 δέ
1129 2099 1211 2161 τίς
1243 2098 1408 2150 ποθεν
1436 2098 1528 2150 καὶ
1560 2096 1723 2150 δύνα-

134 2203 217 2253 μις
243 2187 707 2250 ἐπικαταπτᾶσα,
737 2188 880 2242 οὕτω
908 2188 1188 2260 διέθηκεν.

191 2276 366 2331 ΡΛΔ’.
397 2278 586 2330 Ταῦτα
623 2277 886 2348 μαθόντες
918 2279 970 2331 οἱ
1005 2282 1134 2350 περὶ
1155 2281 1247 2333 τὸν
1269 2278 1572 2350 ἡγούμενον
1602 2277 1722 2332 Θω-

133 2372 232 2436 μίν
267 2371 368 2423 καὶ
408 2371 688 2435 Λεόντιον,
722 2373 1046 2442 ἀνέρχονται
1083 2373 1222 2442 πρὸς
1249 2373 1347 2443 τὴν
1371 2373 1532 2440 ἁγίαν
1567 2371 1723 2424 πόλιν

131 2461 311 2528 εὐθὺς,
344 2463 444 2516 καί
470 2480 578 2516 τινι
607 2464 812 2533 φορείῳ
840 2465 931 2516 τὸν
957 2463 1212 2517 Θεόδοτον
1245 2465 1551 2528 ἐπιθέντες,
1579 2463 1720 2518 ὥστε

136 2555 410 2621 ὓποδεῖξαι
445 2555 538 2607 τὸν
568 2555 731 2609 τόπον
763 2556 972 2621 αὐτοῖς,
1006 2557 1095 2625 ὑφ’
1142 2556 1202 2610 ὃν
1253 2559 1282 2610 ό
1328 2557 1531 2628 χρυσὸς
1590 2556 1724 2626 κρύ-

134 2659 338 2706 πτοιτο,
370 2641 688 2712 εὑρίσκουσι
723 2644 824 2714 μὲν
859 2645 1022 2700 αὐτὸν
1054 2645 1158 2698 ύπὺ
1185 2646 1263 2716 τῷ
1285 2646 1417 2713 λίθῳ
1435 2646 1683 2716 κείμενον
1705 2660 1719 2674 ⁸

131 2736 155 2786 6
182 2737 238 2788 δὲ
271 2738 510 2806 φρικτδς
531 2738 738 2802 ἐκεῖνος
779 2739 954 2808 φύλαξ
981 2740 999 2811 ζ
1020 2739 1066 2792 ὣ
1097 2739 1189 2793 τοῦ
1228 2740 1506 2810 θαύματος
1527 2742 1594 2810 ι),
1631 2741 1723 2793 ού-

129 2829 299 2898 Ξαμοῦ
325 2845 338 2856 ·
379 2829 639 2901 καθάπερ
680 2833 792 2894 τοῖς
820 2832 1097 2902 ἀληθινοῖς
1124 2835 1414 2898 δεσπόταις
1445 2835 1595 2900 εἴξας
1625 2835 1720 2889 τοῦ

131 2921 436 2991 θησαυροῦ.
494 2923 707 2976 Αὐτίκα
748 2923 902 2991 γοῦν,
943 2925 992 2978 οἱ
1024 2927 1124 2995 μὲν
1149 2926 1278 2989 τοὺς
1310 2928 1543 2998 χρυσοῦς
1570 2930 1724 2983 ἀναι-

137 3014 384 3083 ροῦνται,
435 3016 609 3084 μικρὰ
650 3015 760 3068 τῶν
793 3015 898 3069 ὑπὸ
945 3017 1202 3072 Θεοδότου
1235 3019 1336 3088 ἤδη
1384 3020 1722 3089 δαπανηθέν-

129 3123 235 3158 των
271 3107 667 3177 φροντίσαντες
691 3122 705 3136 ·
748 3108 912 3170 αὐτὸς
940 3107 1017 3175 δὲ,
1052 3109 1238 3164 κακῶν
1268 3106 1339 3182 ἦν
1385 3114 1602 3183 ἀπαθὴς
1628 3115 1721 3166 καὶ

131 3199 298 3266 ὑγιῶς
327 3199 471 3268 ἔχων
499 3199 593 3252 τοῦ
621 3199 895 3269 σώματος.

199 3291 377 3346 PAE'.
408 3293 512 3345 Τὸν
544 3293 643 3362 μὲν
673 3289 768 3346 οῦν
815 3293 1020 3365 Θωμᾶν
1060 3295 1249 3365 ὃγδοον
1278 3296 1397 3360 ἔτος
1422 3298 1520 3368 τῆς
1549 3298 1720 3352 Εὐθυ-

135 3387 261 3454 μίου
318 3386 489 3455 μονῆς
540 3385 915 3454 ἡγησάμενον,
977 3389 1206 3460 πέμπτῃ
1249 3389 1343 3441 ἐπὶ
1388 3392 1501 3452 τοῖς
1544 3391 1720 3443 εἴκοσι

129 3475 224 3528 σιυῦ
258 3476 510 3545 Μαρτίου
565 3477 758 3546 μηνὸς,
806 3477 1197 3550 ἑϐδομηκοστῷ
1229 3481 1367 3551 μετὰ
1405 3481 1505 3552 τὴν
1551 3481 1721 3535 Εὐθυ-

133 3569 261 3634 μίου
293 3567 562 3637 ἐκδημίαν
597 3567 851 3638 ἐνιαυτῷ,
887 3569 1290 3641 φιλανθρώπως
1319 3571 1345 3610 ιι
1378 3575 1406 3625 ὁ
1442 3574 1720 3643 Δεσπότης

134 3663 239 3712 τῶν
268 3660 400 3731 τῇδε
440 3659 855 3729 μετακαλεῖται.
882 3662 1136 3725 Λεόντιος
1165 3664 1221 3717 δὲ
1273 3666 1392 3734 μετ’
1422 3665 1586 3719 αὐτὸν
1625 3667 1721 3736 τὴν

131 3752 231 3819 τῆς
258 3751 427 3822 μονῆς
455 3753 792 3822 προστασίαν
837 3755 1261 3824 παραλαμϐάνει
1287 3772 1301 3787 ο
1342 3756 1434 3826 ὑφ’
1461 3752 1521 3810 οὗ
1568 3761 1664 3811 καὶ
1693 3761 1722 3812 ὁ

133 3846 320 3913 γραφῇ
345 3844 520 3897 ταῦτα
554 3844 834 3915 παραδοὺς
871 3847 1004 3913 ἐγὼ,
1042 3847 1123 3917 τῷ
1151 3847 1262 3901 τῶν
1305 3849 1551 3917 ἀδελφῶν
1576 3850 1720 3921 χορῷ

129 3937 229 4004 τῆς
275 3936 539 4006 τοιαύτης
586 3936 826 4008 ποίμνης
874 3940 1345 4011 ὲγκαταλέγομαι.
1397 3944 1465 3996 Ἀ
1498 3944 1596 4013 μὲν
1630 3943 1721 3998 οὖν

131 4030 265 4097 περὶ
293 4027 392 4080 τοῦ
425 4027 690 4099 θεοφόρου
719 4030 913 4083 τούτου
946 4031 1040 4083 καὶ
1079 4031 1396 4102 θαυμαστοῦ
1445 4034 1720 4105 Εὑθυμίου

132 4122 179 4172 οἱ
228 4120 481 4189 Πατέρες
524 4120 852 4191 διηγήσαντο
906 4139 1019 4191 μοι,
1065 4125 1208 4178 κατὰ
1249 4127 1339 4178 τὸν
1381 4124 1523 4179 θεῖον
1556 4127 1720 4195 φάναι

130 4213 317 4277 Δαᾶδ,
371 4215 495 4266 Οὐκ
547 4213 872 4282 ἀπέκρυψα
918 4216 1037 4270 ἀπὸ
1071 4214 1191 4270 τῶν
1245 4219 1472 4272 τέκνων
1521 4220 1724 4274 αὐτῶν

130 4308 216 4372 εὶς
251 4306 472 4374 γενεὰν
511 4305 742 4374 ἑτέραν.
784 4309 878 4360 Δεῖ
904 4308 960 4360 δὲ
997 4309 1218 4372 πάντως
1250 4312 1344 4364 καὶ
1371 4313 1440 4365 τὰ
1468 4313 1555 4365 ἐπ’
1586 4313 1720 4382 ἐμοῦ

132 4400 398 4467 γεγονότα
427 4399 505 4468 μὴ
538 4398 788 4468 παριδεῖν
813 4417 827 4431 °
860 4401 970 4455 τῶν
1000 4401 1470 4472 εύεργετηθέντων
1503 4405 1585 4458 ἔτι
1623 4424 1724 4460 πε-

133 4493 387 4555 ριόντων,
421 4490 520 4543 καὶ
568 4492 680 4552 τοῖς
735 4495 1133 4562 πραττομένοις
1178 4494 1362 4558 αὺτοῖς
1417 4497 1717 4567 παρόντων,

1831 2017 1953 2085 pide
1996 2032 2316 2086 prorepens,
2347 2017 2741 2071 admirabiliter
2787 2017 3157 2086 inopinantem
3189 2017 3414 2084 expule-

1827 2109 1935 2173 rit;
1968 2111 2164 2163 dciudc
2195 2123 2324 2164 vero
2368 2111 2615 2180 quaedam
2645 2109 2817 2164 virtus
2852 2109 3101 2165 alicunde
3129 2109 3416 2174 advolans,

1829 2203 1911 2255 sic
1951 2201 2214 2255 atl‘ecerit.

1898 2291 2186 2347 CXXXIV.
2231 2292 2326 2348 llis
2354 2293 2650 2362 compertis
2705 2291 3028 2364 praepositus
3090 2293 3328 2348 Thomas
3362 2304 3415 2344 et.

1828 2383 2104 2449 Leontius,
2163 2389 2466 2440 ascendunt
2507 2388 2695 2440 statim
2734 2390 2798 2440 ad
2820 2397 3064 2441 sanetam
3112 2389 3412 2448 civitatem,

1825 2489 1877 2532 et
1908 2480 1959 2532 in
1992 2480 2226 2547 quodam
2264 2480 2514 2534 vehiculo
2555 2480 2900 2535 Theodotum
2961 2482 3320 2550 imponentes,
3358 2491 3418 2534 ut

1826 2572 1906 2624 eis
1934 2571 2244 2625 ostenderet
2293 2571 2467 2625 locum
2503 2575 2602 2627 sub
2635 2590 2743 2642 quo
2786 2590 2976 2627 anrmn
3009 2573 3248 2628 abditum
3274 2585 3412 2638 erat,

1828 2661 1956 2716 illud
1978 2663 2194 2731 quidem
2232 2665 2518 2718 inveniunt
2542 2669 2642 2719 sub
2671 2664 2846 2735 lapide
2880 2666 3149 2734 positum;
3185 2666 3415 2718 horreu-

1825 2757 1926 2809 dus
1974 2767 2152 2810 autem
2215 2757 2303 2811 ille
2353 2766 2539 2813 custos
2599 2758 2654 2827 (0
2703 2755 3082 2828 miraculum!)
3140 2773 3409 2825 nusquam

1826 2848 2049 2913 aderat;
2087 2858 2143 2902 ut
2180 2854 2269 2918 qui
2297 2851 2458 2905 veluti
2487 2852 2633 2905 veris
2667 2851 2902 2906 dominis
2933 2851 3191 2904 thesauro
3222 2850 3416 2903 cessis-

1826 2950 1929 2995 set.
1973 2941 2170 2996 Statim
2219 2957 2349 3013 ergo
2392 2944 2467 2997 illi
2521 2945 2738 3013 quidem
2797 2944 2992 2998 tollunt
3044 2960 3261 3008 aureos,
3307 2958 3412 2996 non

1829 3031 2054 3086 multum
2082 3033 2298 3088 solliciti
2327 3033 2578 3104 deiisqui
2598 3051 2627 3088 a
2657 3035 2937 3090 Theodoto
2966 3037 3269 3104 consumpti
3296 3036 3413 3088 fue-

1828 3132 1986 3190 rant;
2020 3126 2134 3192 ipse
2166 3139 2312 3192 vero,
2351 3127 2738 3197 niltilamplius
2771 3128 2896 3182 mali
2923 3128 3221 3196 sentiebat,
3248 3143 3411 3183 Sano-

1750 3235 1792 3292 ο
1827 3230 1933 3286 que
1965 3228 2084 3269 erat
2109 3231 2358 3284 corpore.

1898 3306 2164 3361 CXXXV.
2203 3308 2373 3364 Porro
2406 3307 2695 3376 Thomam,
2725 3309 2814 3378 qui
2853 3320 2978 3365 octo
3011 3325 3184 3365 annos
3215 3309 3414 3380 Euthy-

1827 3400 1920 3452 mii
1955 3400 2246 3469 pra-fuerat
2274 3403 2627 3466 monasterio,
2659 3402 2920 3456 vicesimo
2970 3404 3160 3471 quinto
3206 3407 3409 3458 mensis

1825 3491 2026 3557 Martii,
2067 3508 2208 3548 anno
2254 3504 2371 3563 post
2420 3493 2692 3564 Euthymii
2742 3510 2806 3548 ex
2837 3495 2939 3549 hac
2969 3497 3074 3549 vita
3105 3498 3407 3550 discessum

1823 3585 2223 3654 septuagesimo
2241 3587 2375 3656 ‘85),
2417 3589 2713 3642 clementer
2748 3588 3005 3642 Dominus
3034 3589 3157 3642 hinc
3193 3600 3407 3643 evocat.

1823 3677 2080 3734 Leontius
2110 3690 2289 3734 autem
2323 3691 2442 3750 post
2468 3697 2591 3734 cum
2625 3683 2848 3750 suscipit
2879 3685 3258 3752 prtnfecturam
3287 3703 3408 3740 mo-

1826 3771 2088 3836 nastcrii;
2121 3773 2152 3826 ἐι
2183 3789 2290 3842 quo
2319 3789 2442 3843 ego,
2487 3776 2578 3843 qui
2613 3775 2726 3829 haec
2758 3777 2974 3843 scriptis
3019 3778 3289 3841 mandavi,
3329 3795 3410 3830 rc-

1829 3865 1973 3918 feror
1991 3866 2370 3935 in.catalogum
2392 3867 2508 3937 (86)
2529 3865 3082 3935 ceetumquel'ratrum
3115 3869 3260 3923 illius
3289 3885 3410 3940 gre-

1825 3955 1925 4024 gis.
1955 3954 2084 4021 Quae
2119 3956 2280 4026 igitur
2310 3957 2375 4010 de
2407 3959 2509 4010 hoc
2540 3958 2798 4011 divinitus
2823 3959 3000 4013 aﬂlato
3017 3968 3071 4013 et
3103 3959 3405 4014 admirabiii

1826 4047 2112 4117 Euthymio
2146 4049 2334 4104 Patres
2383 4050 2516 4104 mihi
2560 4060 2944 4116 narraverunt,
2980 4060 3038 4105 ut
3069 4066 3193 4105 cum
3225 4052 3411 4106 divino

1829 4138 2029 4193 Dat'ide
2053 4139 2244 4210 loquar
2275 4157 2290 4192 :
2334 4139 2458 4195 Non
2497 4143 2757 4196 occultavi
2793 4160 2826 4196 a
2850 4144 2978 4210 ﬁliis
3029 4161 3209 4198 eorum
3236 4145 3288 4196 in
3315 4161 3404 4212 ge—

1826 4234 2098 4286 neratione
2115 4233 2281 4287 altera
2299 4235 2364 4290 ”.
2399 4234 2623 4304 Oportet
2666 4247 2846 4289 autem
2895 4238 3118 4292 omnino
3147 4250 3210 4290 ea
3240 4239 3406 4292 etiam

1825 4339 1945 4393 quae
1973 4341 2092 4382 meo
2117 4336 2356 4397 tempore
2385 4338 2702 4390 evenerunt,
2746 4344 2851 4383 non
2888 4329 3206 4400 despicere;
3239 4328 3405 4384 bene-

1825 4419 1946 4474 ﬁcio
1971 4417 2182 4474 all'ectis
2234 4421 2413 4476 adhuc
2461 4422 2875 4489 superstitibus,
2925 4433 2979 4477 et
3018 4424 3084 4477 ad
3131 4424 3247 4494 ipsa
3287 4441 3409 4494 quat

1826 4511 1960 4565 ﬁunt
1985 4512 2369 4580 praesentibus,
2398 4516 2787 4584 propriumque
2844 4515 3100 4569 intuitum
3133 4533 3231 4584 pro
3272 4527 3408 4572 teste

132 4584 225 4634 καὶ
283 4582 385 4651 τὴν
435 4582 647 4634 οἰκείαν
701 4581 825 4652 ὄψιν
855 4586 1110 4656 μάρτυρα
1151 4588 1543 4658 κεκτημένωνο
1582 4590 1718 4644 ἀλλὰ

1828 4577 2190 4672 habentibus;
2221 4609 2320 4665 sed
2354 4577 2412 4661 et
2445 4577 2566 4661 cum
2601 4607 2653 4661 in
2689 4577 3032 4678 hodiernum
3055 4624 3226 4678 usque
3263 4611 3404 4665 diem

132 4677 226 4726 καὶ
275 4675 358 4736 εἰς
412 4674 494 4726 ἔτι
545 4673 657 4727 τῶν
716 4677 1040 4746 παραδόξων
1091 4679 1294 4732 τούτων
1343 4679 1713 4751 θαυμασίως1

133 4765 552 4834 ἐνεργουμένων
573 4781 587 4796 ο
645 4765 680 4819 ἃ
723 4767 820 4820 καὶ
867 4767 1054 4830 πίστις
1084 4768 1203 4820 ἐστὶ
1235 4767 1342 4822 τῶν
1374 4769 1719 4838 φθασάντων,

134 4863 226 4910 καὶ
259 4862 506 4927 σφραγὶς
534 4859 792 4931 ἀκριϐὴς,
843 4859 938 4913 τοῦ
968 4859 1136 4930 μηδὲν
1165 4860 1302 4925 ὅλως
1324 4863 1453 4933 περὶ
1496 4863 1723 4917 ἐκείνων

135 4951 581 5020 διαμφιϐάλλειν.

204 5041 396 5108 PA-CT'.
422 5043 572 5095 Ἔτει
595 5041 888 5112 τοιγαροῦν
919 5043 1289 5116 ὲξκαιδεκάτῳ
1309 5045 1408 5116 τῆς
1441 5045 1722 5117 βασιλείας

203 5161 247 5192 ³³
287 5159 434 5216 Psal.
470 5177 674 5228 uno,
716 5163 768 5216 4.

1827 4697 2092 4766 ejusmodi
2125 4699 2364 4768 prodigia
2392 4700 2716 4754 mirabiliter
2744 4701 3005 4766 edantur;
3039 4716 3160 4769 qua:
3193 4713 3249 4757 et
3278 4713 3404 4756 sunt

1822 4787 2250 4855 praecedentium
2294 4788 2562 4855 probatio,
2624 4789 2996 4858 ctperl‘ectum
3039 4791 3403 4860 signaculum,

1823 4879 1966 4946 quod
1994 4881 2059 4933 de
2089 4878 2196 4933 illis
2228 4879 2358 4932 nihil
2384 4880 2456 4934 sit
2487 4881 2711 4937 omnino
2741 4882 3119 4938 dubitandum.

1895 5056 2182 5112 CXXXVI.
2216 5058 2372 5113 Anno
2403 5058 2586 5128 itaque
2613 5060 2823 5113 decimo
2861 5067 3016 5114 sexto
3051 5059 3163 5129 (87)
3189 5060 3406 5130 imperii

1424 5265 1658 5326 νΑιιιιΕ
1690 5271 2100 5329 LECTIONES.

208 5377 231 5415 ι
267 5376 370 5430 int.
401 5377 812 5448 Φιλάνθρωπος.
895 5377 912 5417 ¹
945 5380 1016 5434 al.
1052 5378 1394 5452 θαυμασίων.

1363 5500 1556 5559 ιοΑΝ.
1602 5504 1946 5562 BOLLANDI
1977 5505 2206 5562 NOTAE.

204 5590 324 5658 (85)
361 5591 465 5643 An.
496 5590 596 5644 cu.
629 5590 752 5644 διε.

203 5661 319 5728 (86)
347 5661 474 5714 Hzcc
530 5663 716 5714 eadem
753 5661 938 5725 refert,
971 5663 1141 5718 citato
1188 5665 1290 5718 hoc
1331 5663 1470 5728 loco,
1507 5665 1560 5718 in
1594 5663 1718 5720 Vita

142 5728 194 5783 S.
225 5729 456 5784 Joannis
503 5729 822 5800 Silentiarii,
852 5733 938 5786 ubi
980 5733 1328 5789 indictionem
1371 5735 1455 5800 Vl,
1493 5735 1641 5789 addit
1666 5745 1720 5789 ct

143 5801 560 5872 anuunLactatis
597 5799 654 5853 S.
688 5801 910 5857 JOannis
933 5803 1021 5868 90,
1059 5819 1298 5857 mensem
1353 5804 1575 5867 Julium,
1608 5821 1719 5872 quo

144 5872 205 5924 ad
243 5870 304 5922 S.
335 5867 611 5934 Euthymii
632 5867 1018 5928 monasterium
1042 5874 1210 5939 venit;
1231 5875 1374 5944 quod
1411 5867 1720 5933 necessario

1819 5613 1907 5671 an.
1947 5599 2044 5651 Ch.
2090 5600 2195 5671 543
2231 5600 2481 5668 contigit,
2521 5601 2610 5670 qui
2643 5601 2913 5658 secundus
2951 5612 3036 5656 est
3069 5600 3402 5671 prazfecturae

1820 5669 2051 5740 Leontii.
2092 5669 2224 5723 Vide
2255 5669 2638 5740 Prolegomcna
2676 5690 2823 5725 ltlllll.
2855 5673 2907 5726 9.

1889 5739 1998 5808 (87)
2028 5740 2136 5793 Ιηιο
2171 5741 2380 5794 ιΙΘ(·ἰιιιι›
2412 5739 2593 5796 tertio.
2624 5742 2803 5795 Rediit
2843 5743 2900 5794 S.
2935 5741 3106 5795 Salius
3134 5742 3245 5795 Con
3260 5752 3399 5794 ~‘lnn-

1823 5810 2041 5878 tiuopoli
2095 5811 2146 5862 in
2214 5811 2555 5864 Palaestinam
2611 5815 2662 5865 iu
2719 5813 3048 5880 Su'ptetnhri,
3107 5815 3381 5864 indictum--

1822 5895 1956 5933 uona
1988 5895 2076 5933 an.
2121 5881 2219 5934 Ch.
2253 5882 2382 5936 550.
2421 5882 2808 5954 Hierosolymis
2858 5882 3156 5939 Cwsarcam
3186 5884 3327 5950 proti-
3362 5899 3370 5932 :
