4104 6486
691 427 796 492 ’111

1942 411 2223 471 MENSIS
2261 407 2719 490 JANUARIUS.

3845 401 3952 467 712

687 544 951 604 Zenonis,
979 535 1363 592 imum-horum
1381 547 1499 584 cum
1516 529 1870 598 suscepissem
1894 526 2157 591 habitum,
2181 543 2266 580 ve-

2379 526 2624 594 Ζήνωνος
2649 524 2745 593 (α),
2771 522 2830 575 τε
2849 521 2956 574 τῶν
2988 520 3238 592 μοναχῶν
3267 517 3513 578 ὑπελθὼν
3539 517 3746 588 σχῆμα,
3777 515 3956 570 sum

691 633 1036 699 hemeutique
1066 642 1334 698 puugcrer
1353 623 1539 678 aculeo
1561 622 1760 676 amoris
1795 621 1988 688 quietae
2018 621 2160 685 vitm,
2190 635 2252 674 ac

685 729 938 796 gestirem
967 724 1080 792 ipse
1096 722 1258 774 etiam
1280 717 1524 772 habitare
1545 717 1593 768 in
1615 713 1924 776 solitudine,
1947 711 2254 780 qumrebam

687 824 964 872 honestam
996 813 1235 882 alioquin
1265 809 1629 869 occasionem,
1671 815 1729 856 ut
1774 806 1824 858 id
1870 818 2251 871 consequerer.

685 909 839 962 Nulla
868 923 996 960 vero
1032 906 1131 957 alia
1163 903 1403 964 inventa,
1457 911 1564 966 pro!
1606 909 1690 948 me
1725 895 1816 946 '.nli
1859 909 2049 961 magno
2088 894 2256 946 teneri

688 1017 774 1055 me
801 999 1072 1053 desiderio
1099 1009 1226 1063 erga
1279 989 1674 1044 dedzeationem
1706 985 1960 1040 Ecclesia:
2000 985 2254 1038 llierosn-

690 1094 984 1164 lytnilana',
1027 1097 1081 1142 et
1123 1085 1250 1155 petii
1298 1084 1572 1136 licentiam
1612 1080 1737 1134 illuc
1776 1079 1959 1132 eundi.
1995 1076 2258 1130 Dimissus

690 1177 853 1252 igitur
885 1196 912 1231 a
949 1177 1261 1248 prmpOsito,
1305 1173 1393 1224 lIbI
1436 1171 1545 1238 jam
1578 1186 1606 1223 a
1642 1169 1923 1235 metropoli
1962 1166 2258 1236 Scythopo-

691 1275 977 1325 htanorutn
1025 1283 1174 1322 erant
1234 1267 1595 1323 discessurus,
1641 1260 1949 1312 mandatum
1984 1261 2084 1311 hoc
2129 1255 2258 1309 tnilti

661 1367 779 1418 'dat
811 1374 1003 1424 mater,
1045 1369 1104 1412 ut
1139 1357 1357 1410 nihilex
1393 1354 1552 1406 rebus
1593 1351 1658 1403 ad
1705 1351 1939 1404 animam
1981 1349 2259 1418 pertinen-

692 1457 871 1518 libus,’
901 1455 1106 1520 absqne
1141 1447 1508 1503 admonitione
1548 1457 1598 1500 et
1634 1446 1859 1501 consilio
1885 1442 2110 1497 Joannis
2134 1442 2262 1496 soli-

693 1550 835 1613 tarii,
875 1562 939 1599 ex
973 1559 1056 1597 me
1089 1542 1323 1595 facerem
1357 1557 1368 1593 ;
1402 1537 1480 1594 Ne
1529 1539 1685 1604 forte,
1735 1539 1924 1606 inquit,
1963 1536 2144 1588 statim
2195 1534 2262 1586 ab

693 1641 843 1694 initio
880 1638 1192 1705 imprudens
1237 1633 1523 1686 ablucaris
1569 1632 1618 1684 in
1651 1645 1894 1691 errorem
1926 1625 2258 1696 Origeuista-

692 1749 832 1787 runt.
865 1731 1049 1797 Itaque
1097 1737 1378 1796 postquam
1415 1725 1678 1776 venissem
1710 1723 1761 1776 in
1803 1731 2044 1775 sanctam
2077 1720 2263 1772 civita-

695 1837 822 1885 tem,
853 1831 905 1875 ct
934 1835 1084 1874 sacra
1118 1819 1235 1871 loca
1276 1817 1614 1877 adorassi-m,
1661 1815 1712 1866 in
1758 1814 1954 1882 quibus
2000 1810 2265 1866 salutares

692 1918 813 1970 illas
841 1914 1096 1968 Dominus
1132 1916 1348 1978 prOpter
1376 1922 1472 1960 nos
1499 1920 1677 1958 moras
1710 1904 1910 1967 traxit;
1947 1911 2108 1970 atque
2136 1903 2265 1953 ado-
2303 1901 2341 1952 Β

697 2023 901 2062 rasscnt
929 2004 1128 2072 pariter
1167 2000 1364 2052 divina:
1405 1996 1584 2050 crucis
1623 1996 1857 2066 lignum;
1887 1995 2078 2047 deinde
2101 1995 2165 2045 ad
2200 1995 2271 2047 τί·

698 2113 816 2151 rum
846 2108 1061 2149 tranSeo
1099 2092 1234 2164 (88).
1270 2090 1316 2143 ls
1359 2099 1560 2152 autem,
1588 2099 1697 2142 tum
1727 2089 1828 2141 alia
1858 2091 1948 2142 dat
1977 2087 2198 2141 consilia
2221 2097 2273 2140 et

699 2188 923 2247 monita,
947 2195 1055 2237 lunt
1075 2184 1286 2237 demum
1303 2183 1403 2234 hoc
1427 2182 1554 2232 mihi
1581 2181 1818 2249 praéeipit
1839 2198 1850 2232 :
1873 2180 1929 2233 Si
1957 2181 2057 2244 vis,
2078 2179 2271 2246 inquit,

697 2280 877 2333 salvus
909 2290 1052 2338 esse,
1085 2275 1218 2327 \ade
1250 2277 1312 2325 ad
1342 2273 1516 2340 magni
1549 2271 1824 2342 Euthymii
1862 2273 2269 2334 monasterium,

697 2383 753 2425 et
787 2373 838 2424 in
869 2384 932 2423 eo
967 2367 1169 2420 habita.
1213 2364 1306 2418 llis
1333 2379 1432 2432 ego
1469 2363 1690 2428 auditis,
1709 2363 1864 2416 venio
1889 2377 1984 2430 per
2019 2363 2270 2416 solitudi-

702 2479 824 2516 nem
859 2475 1020 2529 quam
1060 2456 1322 2510 citissime
1351 2458 1416 2506 ad
1447 2453 1757 2519 Iordanem,
1799 2464 1852 2506 et
1878 2454 2012 2507 satis
2058 2454 2273 2522 longmn

703 2565 914 2620 tempus
945 2566 1066 2602 cum
1119 2547 1368 2600 I’atribus
1414 2547 1501 2614 qui
1535 2546 1642 2599 illic
1672 2552 1826 2598 erant
1861 2554 2104 2599 versatus
2141 2546 2274 2615 (89),

703 2665 716 2694 ι
739 2645 850 2696 irca
870 2655 1105 2695 mensem
1126 2636 1323 2692 Iulium
1345 2638 1395 2689 in
1415 2637 1591 2706 magni
1617 2637 1756 2690 illius
1776 2637 1982 2691 delatus
2002 2651 2275 2693 monaste-

707 2739 868 2799 rium,
895 2743 1176 2803 susceptus
1203 2729 1297 2783 fui.
1319 2728 1490 2784 Porro
1517 2728 1772 2784 Leontius
1798 2738 1938 2795 erat,
1964 2731 2047 2784 cui
2074 2741 2199 2784 tunc
2227 2741 2278 2784 et

705 2829 1031 2895 suscipiendi
1093 2840 1220 2879 cura
1272 2832 1327 2878 et
1362 2821 1679 2877 monasterii
1727 2823 2046 2891 pt‘mfectura
2108 2824 2280 2878 fuerat

703 2923 1012 2976 cmuntissa.

775 3012 1090 3070 CXXXVII.
1123 3014 1232 3068 Illic
1259 3028 1390 3083 ergo
1415 3027 1777 3075 commorans,
1809 3011 1966 3067 video
1995 3025 2058 3065 ea
2095 3019 2282 3064 aastate

707 3109 990 3177 quemdam
1023 3124 1221 3178 genere
1270 3107 1514 3172 Cilicem,
1550 3108 1734 3162 habitu
1773 3106 2116 3167 monachum,
2145 3102 2283 3156 I’au-

707 3202 816 3254 lum
849 3204 1088 3263 nmuine,
1124 3218 1187 3255 ex
1215 3201 1454 3270 Martyrii
1517 3199 1850 3254 monasterio
1895 3194 2217 3265 profectum,
2251 3210 2278 3246 a
2313 3236 2354 3293 ϐ

709 3286 849 3340 ιιεαΙο
877 3287 1094 3354 quidem
1141 3290 1332 3356 spiritu
1377 3297 1710 3356 correptum,
1740 3303 1766 3339 a
1796 3285 2149 3338 familiaribus
2183 3299 2278 3336 au-

710 3390 816 3430 tem
850 3379 1138 3432 adductum
1179 3379 1246 3431 ad
1303 3389 1710 3432 monumentum
1759 3377 2050 3447 Euthymii.
2099 3375 2279 3429 Posito

709 3470 872 3538 igitur
904 3469 1171 3523 monacho
1224 3470 1291 3523 ad
1328 3471 1537 3523 thecam
1589 3469 1959 3538 reliquiarum,
2012 3481 2279 3534 apparens

711 3561 871 3628 paulo
900 3571 1020 3630 post
1066 3575 1291 3629 magnus
1327 3562 1502 3614 media
1555 3573 1713 3614 nocte
1762 3558 1911 3626 fugat
1961 3559 2278 3610 dmmouem.

712 3655 776 3708 Et
809 3655 912 3709 hoc
946 3653 1310 3708 testimonimu
1354 3654 1650 3707 curationis
1703 3665 1931 3707 certum.
1981 3648 2114 3702 Nam
2159 3664 2280 3703 cum

715 3749 832 3816 ipsa
880 3756 1039 3799 nocte
1095 3747 1330 3798 venisset
1382 3744 1580 3798 Paulus
1641 3744 1706 3796 ad
1773 3743 1960 3795 horam
2009 3752 2286 3794 nocturnae

715 3835 1052 3906 psalmodie,
1081 3838 1138 3887 lit
1170 3851 1306 3888 unus
1356 3850 1422 3888 ex
1456 3835 1522 3888 iis
1551 3835 1639 3904 qni
1679 3836 1966 3896 canebant,
2004 3843 2058 3886 et
2102 3847 2284 3886 coram

718 3927 969 3980 omnibus
1008 3925 1164 3979 nobis
1199 3941 1258 3979 se
1288 3941 1319 3980 a
1356 3925 1464 3980 Deo
1495 3937 1740 3980 curatum
1785 3925 1947 3978 luisse
1978 3923 2280 3992 prolitetur.

719 4019 891 4084 Quam
923 4033 1034 4072 rem
1061 4019 1151 4071 ubi
1186 4028 1566 4086 compererunt
1597 4019 1686 4087 qui
1729 4020 1780 4071 in
1821 4017 2062 4087 Martyrii
2106 4031 2289 4070 mona-

716 4112 886 4163 Slt'l‘lO
915 4119 1092 4172 erant,
1119 4111 1355 4173 veniunt,
1387 4121 1443 4163 ut
1475 4124 1597 4163 eum
1635 4111 1686 4163 itt
1720 4125 1872 4163 suum
1901 4111 2285 4162 monasterium

723 4202 1002 4252 reducant.
1051 4199 1118 4251 At
1161 4199 1248 4253 ille
1288 4200 1472 4254 volens
1526 4215 1584 4254 se
1635 4211 1845 4269 gratum
1892 4201 2202 4262 ostendere,
2233 4209 2288 4253 et

722 4297 860 4363 apud
903 4309 961 4347 se
1002 4295 1364 4363 conscriptam
1416 4295 1640 4362 gratiam
1696 4309 2042 4359 conservans,
2095 4295 2290 4348 mansit

721 4385 974 4449 deinceps
1002 4383 1054 4435 in
1089 4383 1359 4448 easnobio,
1391 4384 1672 4451 omnisque
1695 4384 1892 4438 laboris
1917 4396 1972 4438 et
2003 4384 2288 4438 ministerii

721 4474 887 4527 alacri
940 4473 1094 4543 plane
1142 4475 1321 4529 animo
1379 4489 1501 4528 cum
1559 4473 1817 4530 fratribus
1860 4490 1919 4530 se
1970 4475 2285 4544 participem

723 4566 870 4618 fecit.

794 4743 1122 4797 CXXXVIII.
1159 4745 1461 4812 Aliquando
1506 4745 1670 4815 igitur
1712 4745 2026 4815 colligentes
2064 4749 2290 4804 alimen-

725 4846 832 4887 tum
863 4839 914 4888 in
946 4837 1263 4902 solitudine;
1307 4839 1355 4890 id
1387 4852 1512 4891 vero
1548 4845 1684 4901 erat,
1726 4853 1846 4907 quae
1878 4838 2054 4893 solent
2100 4843 2291 4909 appel-

2363 635 2421 671 τε
2442 617 2670 687 ἡσυχίας
2691 616 2894 668 ὠδίνων
2911 614 3111 684 ἔρωτα,
3138 613 3232 665 καὶ
3247 614 3345 682 τὴν
3364 613 3567 683 ἔρημον
3601 611 3823 678 οἰκῆσαι
3855 612 3952 662 καὶ

2365 709 2524 772 αὐτὸς
2579 709 2740 779 ἐρῶν,
2798 707 3154 778 εὐπρόσωπον
3197 706 3370 768 ἄλλως
3413 705 3667 774 ἀφορμὴν
3694 703 3948 772 ἐζήτουν,

2369 801 2510 854 ὥστε
2541 802 2731 853 τούτου
2783 802 2984 869 τυχεῖν.
3039 798 3287 869 Ἀπορῶν
3309 799 3367 849 δὲ
3409 798 3622 866 ἐτέρας,
3673 796 3948 863 ἐσκηπτό-

2370 912 2475 965 μην
2510 905 2549 932 ιιι
2581 894 2875 963 ἐπιθυμίαν
2909 893 3028 946 τινὰ
3054 892 3146 945 τοῦ
3177 889 3683 962 τῆςῚεροσολύμων
3707 889 3948 959 Ἐκκλη-

2369 989 2486 1049 σίας
2528 986 2918 1054 ἐγκαινισμςῦ,
2955 986 3049 1037 καὶ
3096 985 3194 1053 τὴν
3257 986 3432 1036 ἐκεῖσε
3486 982 3710 1036 κάθοδον
3761 982 3949 1053 ᾔτουν.

2381 1079 2692 1139 ἈπολυΟεὶς
2731 1074 2824 1130 οὖν
2881 1079 3032 1148 παρὰ
3082 1077 3174 1129 τοῦ
3208 1077 3640 1146 καθηγουμένου,
3680 1077 3797 1128 ἐπεὶ
3852 1076 3951 1144 τῆς

2369 1171 2780 1224 Σκυθοπολιτῶν
2832 1170 2933 1240 ἤδη
2966 1170 3352 1240 μητροπόλεως
3392 1170 3648 1237 ἀπαίρειν
3696 1167 3949 1238 ἔμελλον,

2369 1264 2590 1334 ἐντολήν
2641 1279 2732 1332 μοι
2765 1263 2968 1332 ταύτην
3020 1266 3052 1332 ὴ
3086 1265 3269 1333 μήτηρ
3325 1262 3527 1326 δίδωσι,
3571 1262 3704 1330 μηδέ
3732 1260 3844 1313 τῶν
3871 1263 3951 1322 εἰς

2366 1355 2543 1423 ψυχὴν
2570 1355 2832 1424 ἡκόντων,
2865 1356 2992 1408 ἄνευ
3043 1355 3145 1421 τῆς
3205 1355 3456 1407 Ἰωάννου
3488 1354 3580 1406 τοῦ
3634 1353 3949 1423 ήσυχαστοῦ

2369 1449 2645 1516 ὑποῢὴκης
2676 1451 2769 1499 καὶ
2801 1447 3109 1516 συμϐουλῆς
3139 1446 3349 1499 οἴκοθεν
3379 1447 3798 1515 διαπράξασθαι·
3827 1449 3951 1516 Μή·

2370 1555 2520 1601 ποτε,
2551 1537 2707 1606 φησὶ,
2737 1539 2830 1592 καὶ
2854 1541 2916 1592 ἐκ
2951 1540 3250 1608 προοιμίων
3282 1538 3442 1600 εὐθὺς
3467 1538 3633 1610 λάθῃς
3667 1539 3858 1592 ἑαυτὸν
3891 1542 3949 1608 τῇ

2369 1632 2476 1682 τὼν
2499 1631 2916 1700 Ὡριγενιαστῶν
2953 1641 2981 1668 n
3011 1631 3190 1701 ἀπάτῃ
3222 1631 3603 1700 συναπαχθείς.
3655 1633 3952 1699 Γενόμενος

2371 1721 2549 1773 τοίνυν
2593 1721 2732 1772 κατὰ
2762 1723 2860 1789 τὴν
2907 1721 3068 1789 ἁγίαν
3106 1722 3280 1786 πόλιν,
3314 1723 3408 1775 καὶ
3432 1725 3812 1792 προσκυνήσας
3850 1723 3953 1790 μὲν

2372 1816 2496 1876 τοὺς
2545 1816 2726 1883 ίερυὶς
2766 1817 2984 1878 τόπους,
3032 1815 3090 1866 ἐν
3138 1809 3218 1877 οἷς
3250 1815 3348 1878 τὰς
3381 1817 3678 1884 σωτηρίους
3709 1814 3776 1868 δι’
3803 1816 3954 1884 ἡμᾶς

2375 1907 2585 1967 ἐκείνας
2613 1909 2640 1958 ὁ
2662 1907 2937 1975 Δεσπότης
2961 1907 3196 1958 ἐποιεῖτο
3224 1907 3526 1976 διατριϐάς·
3568 1908 3955 1975 προσκυνήσας

2373 1999 2427 2051 δε
2462 2000 2557 2052 καὶ
2582 2001 2642 2051 τὸ
2695 2000 2790 2051 τοῦ
2842 1999 2986 2052 (λείου
3034 2001 3268 2068 σταυροῦ
3318 1999 3492 2064 ξύλονο
3539 1995 3657 2052 εἶτα
3692 1998 3955 2052 διαὸαίνω

2376 2093 2472 2144 καὶ
2515 2090 2650 2160 πρὸς
2683 2091 2773 2142 τὸν
2803 2091 2992 2160 ἄνδρα.
3059 2092 3116 2142 Ὀ
3148 2091 3226 2154 δὲ,
3285 2094 3376 2142 καὶ
3406 2091 3541 2144 ἄλλα
3586 2092 3684 2158 μὲν
3715 2091 3958 2159 συμϐου·

2377 2181 2522 2232 λεύει
2572 2180 2667 2231 καὶ
2699 2180 3033 2244 ὑποτίθεται,
3081 2180 3389 2232 τελευταῖον
3436 2179 3491 2231 δέ
3526 2180 3614 2248 μοΞ
3648 2181 3741 2233 καὶ
3793 2178 3958 2232 τοῦτο

2377 2275 2744 2341 ἐπισκήπτει·
2779 2272 2874 2335 ὼς,
2919 2271 3092 2341 Εἴπερ
3121 2273 3298 2342 βούλει
3329 2273 3588 2342 σωθῆναι,
3615 2274 3800 2340 φησὶν,
3833 2272 3958 2325 ἐλθέ

2377 2366 2526 2435 παρὰ
2552 2367 2648 2434 τὴν
2685 2364 2959 2434 ΕὑΟυμίου
2998 2365 3093 2417 τοῦ
3135 2365 3370 2433 μεγάλου
3402 2367 3588 2435 μονὴν,
3625 2367 3720 2418 καὶ
3747 2365 3958 2434 ταύτην

2375 2458 2617 2527 οῖκησον.
2674 2456 2892 2510 Τούτων
2954 2458 3195 2518 ἀκούσας
3247 2456 3379 2525 ἐγὼ,
3433 2460 3662 2526 ἔρχομαι
3715 2457 3803 2509 διὰ
3856 2458 3958 2527 τῆς

2378 2550 2584 2617 ἐρήμου
2600 2548 2699 2615 τὴν
2728 2547 2996 2617 ταχίστην
3022 2547 3175 2618 παρὰ
3203 2549 3294 2600 τὸν
3315 2549 3607 2618 Ἰορδάνην,
3639 2548 3734 2599 καὶ
3764 2549 3960 2616 χρόνον

2382 2644 2568 2695 ἱκανὸν
2593 2646 2704 2705 τοῖς
2733 2643 2912 2694 ἐκεῖσε
2939 2641 3368 2712 προσδιατρίψας
3397 2641 3820 2708 Πατράσ·ι,,περί
3853 2656 3962 2692 που

2377 2737 2468 2787 τὸν
2489 2734 2707 2788 Ἰούλιον
2728 2736 2874 2805 μῆνα
2913 2736 2980 2804 τῇ
3009 2733 3103 2785 τοῦ
3136 2734 3371 2801 μεγάλου
3393 2737 3526 2802 μονῇ
3551 2731 3959 2801 προσενεχῡεὶς,

2381 2828 2721 2899 εἰσεδέχοην,
2758 2827 3010 2890 Λεόντιος
3053 2827 3109 2880 δὲ
3141 2823 3210 2898 ἦν
3240 2828 3267 2878 ὁ
3309 2829 3402 2879 καὶ
3435 2826 3532 2897 τὴν
3567 2825 3833 2893 ὑποδοχὴν
3861 2842 3963 2877 και

2380 2921 2479 2989 τὴν
2503 2922 2598 2990 τῆς
2629 2921 2795 2990 μονῆς
2829 2920 3164 2991 προστασίαν
3198 2918 3499 2988 τηνικαῦτα
3534 2918 3929 2986 πεποιημένος.

2454 3010 2620 3066 ΡΔΖ’.
2664 3011 2811 3064 Ἐκεῖ
2842 3009 3130 3081 τοιγαροῦν
3163 3011 3475 3081 διατρίϐων,
3511 3011 3623 3079 ὁρῶ
3685 3025 3808 3061 τινα
3865 3008 3966 3060 τοῦ

2389 3105 2554 3158 αὐτοῦ
2587 3103 2799 3173 Οέρους,
2833 3103 3031 3156 Κίλικα
3065 3102 3124 3155 τὸ
3171 3103 3346 3169 γένος,
3378 3105 3437 3155 τὸ
3490 3101 3675 3170 σχῆμα
3705 3099 3967 3168 μοναχὸν,

2392 3201 2608 3254 Παῦλον
2639 3200 2833 3270 ὄνομα,
2882 3200 2981 3269 τῆς
3016 3198 3108 3251 τοῦ
3145 3197 3461 3268 Μαρτυρίου
3511 3196 3680 3264 μονῆς
3720 3194 3970 3264 ἐξορμη-

2387 3292 2565 3354 Οέντα,
2602 3289 2877 3358 πνεύματι
2932 3288 3032 3357 μὲν
3090 3287 3310 3356 πονηρῷ
3342 3285 3714 3354 συνεχόμενον,
3745 3283 3848 3336 ὑπὸ
3908 3282 3970 3337 δὲ

2385 3381 2491 3431 τῶν
2549 3379 2873 3448 ἐπιτηδείων
2925 3377 3004 3446 τῷ
3033 3375 3125 3429 τοῦ
3177 3377 3450 3445 Εὺουμίου
3492 3377 3738 3443 μνήματι
3787 3389 3973 3442 προσ-

2387 3472 2680 3539 αγόμενον.
2707 3471 2963 3531 Τεοέντος
2989 3471 3165 3521 τοίνυν
3185 3469 3278 3520 τοῦ
3311 3466 3544 3537 μοναχοῦ
3576 3467 3725 3535 παρὰ
3753 3469 3817 3536 τῇ
3865 3467 3969 3520 τοῦ

2384 3562 2638 3630 λειψάνου
2672 3561 2834 3634 οήκῃ,
2867 3561 3123 3630 ὲποφθεὶς
3153 3563 3270 3632 μετ’
3299 3562 3482 3628 ὀλίγον
3508 3565 3534 3613 ὸ
3566 3560 3740 3628 μέγας
3775 3560 3970 3626 μέσων

2389 3657 2600 3710 νυκτῶν
2625 3658 2715 3708 τὸν
2742 3657 2970 3725 δαίμονα
3002 3655 3315 3708 ἀπελαύνει.
3342 3656 3450 3708 Καὶ
3471 3655 3626 3706 τοῦτο
3661 3652 3970 3722 μαρτύριον

2389 3750 2485 3818 τῆς
2521 3751 2715 3810 ἰάσεως
2755 3747 3006 3816 ἀψευδές.
3061 3748 3241 3816 Αὐτῆς
3281 3747 3386 3816 γὰρ
3415 3745 3607 3806 νυκτὸς
3657 3743 3902 3798 ἀνελθὼν
3944 3749 3973 3797 ο

2390 3840 2601 3903 Παῦλος
2630 3841 2778 3909 παρὰ
2811 3841 2910 3909 τὴν
2943 3841 3039 3909 τῆς
3069 3839 3392 3910 νυκτερινῆς
3424 3837 3742 3907 ψαλμῳδίας
3789 3837 3970 3907 ὤραν,

2388 3928 2467 3994 εἷς
2493 3948 2552 3985 τε
2587 3933 2695 3983 τῶν
2734 3930 2968 4001 ᾀδόντων
3003 3932 3234 3999 γίνεται,
3268 3932 3362 3984 καὶ
3417 3931 3502 3998 ἐφ’
3537 3931 3692 3998 ἡμῶν
3745 3935 3978 3983 πάντων

2388 4021 2509 4090 Θεῷ
2545 4022 2644 4090 τὴν
2680 4022 2826 4073 ῐασιν
2858 4021 3602 4089 ἐξομολογεῖται.·Μαθόντες
3656 4020 3748 4072 οὖν
3786 4023 3836 4072 oi
3869 4025 3980 4091 τῆς

2388 4112 2482 4165 τοῦ
2523 4112 2835 4182 Μαρτυρίου
2874 4112 3040 4182 μονῆς
3065 4113 3127 4165 τὺ
3155 4114 3539 4182 γεγενημένον,
3573 4114 3800 4183 ἣκουσιν
3824 4113 3978 4166 ὥστε

2389 4203 2479 4257 τὸν
2517 4203 2727 4256 Παῦλον
2773 4206 2852 4266 εἰς
2895 4203 2992 4272 τὴν
3025 4205 3231 4257 οἰκείαν
3275 4201 3430 4267 αὖθις
3471 4206 3634 4273 μονὴν
3682 4206 3981 4271 ἐπαναγα-

2391 4301 2528 4366 γεῖν.
2597 4297 2740 4350 Ἀλλ’
2794 4299 3029 4364 ἐκεῖνος,
3069 4297 3365 4367 εὐγνώμων
3421 4297 3728 4350 δείκνυσθαι
3774 4297 3977 4366 βουλό-

2395 4407 2576 4460 μενος,
2608 4391 2959 4461 ἀναγραπτόν
2989 4407 3047 4443 τε
3102 4393 3201 4460 τὴν
3232 4391 3392 4460 χάριν
3440 4389 3568 4458 παρ’
3612 4390 3790 4457 ἐαυτῷ
3844 4408 3982 4444 συν-

2391 4484 2594 4553 τηρῶν,
2627 4483 2786 4552 ἔμενε
2816 4484 2874 4535 τὸ
2900 4482 3084 4534 λοιπὸν
3118 4484 3175 4533 ἐν
3205 4482 3282 4551 τῷ
3305 4481 3573 4549 κοινοὸίῳ,
3608 4483 3702 4533 καὶ
3759 4485 3981 4544 παντὸς

2312 4568 2367 4628 D
2392 4575 2558 4626 πόνου
2589 4577 2682 4627 καὶ
2709 4574 3171 4644 λειτουργήματος
3202 4575 3298 4625 σὺν
3329 4572 3608 4643 προθυμίᾳ
3652 4572 3803 4642 πάσῃ
3859 4578 3982 4638 τοῖς

2393 4665 2640 4732 ᾁδελφοῖς
2677 4663 2924 4739 ἐκοινὼγνε
2935 4682 2970 4717 ι.

2462 4753 2635 4810 PAH’.
2679 4757 2817 4808 Ποτὲ
2858 4759 2988 4824 γοῦν
3020 4757 3367 4824 συλλέγοντες
3426 4760 3585 4827 ἡμεῖς
3620 4757 3837 4827 τροφὴν
3887 4761 3988 4810 ἐπὶ

2397 4846 2493 4914 τῆς
2521 4846 2750 4915 ἐρήμου·
2778 4847 2813 4916 η
2844 4846 2898 4899 δὲ
2931 4841 3020 4916 ἦν,
3053 4846 3090 4899 ἃ
3124 4847 3384 4918 μανούθια
3410 4848 3635 4920 σύνηθες
3656 4850 3983 4918 ὀνομάζειν·

2053 4938 2285 4994 VARle
2314 4941 2719 4998 LECTIONES.

794 5035 831 5057 ³·
860 5029 928 5082 al.
954 5029 1314 5098 ἐσκεπτόμην.
1393 5036 1419 5064 α
1447 5029 1520 5083 al.
1557 5029 2038 5098 Ὠριγενειαστῶν.

1928 5124 2119 5180 JOAN.
2158 5128 2498 5185 BOLLANDI
2537 5131 2775 5188 NOTAE.

725 5213 912 5277 scitur,
946 5211 1071 5264 hinc
1112 5211 1499 5282 Scytlmpulim.
1543 5211 1802 5282 Cyrillum
1853 5227 2074 5280 puerum
2129 5217 2292 5270 disci-

727 5286 904 5348 pulutn
942 5285 1040 5333 sibi
1080 5285 1329 5349 acquirit,
1375 5286 1524 5351 cujus
1555 5295 1714 5349 caput
1743 5287 2078 5351 melropolita
2113 5285 2292 5340 Tln-o-

727 5369 906 5403 uusans
936 5354 1161 5405 tondens
1191 5355 1238 5403 in
1271 5358 1441 5420 primo
1482 5353 1848 5406 ecclesiastico
1896 5360 2059 5420 gradu
2093 5359 2296 5409 Consti-

729 5423 846 5494 tuit.
878 5420 1033 5473 Redit
1083 5421 1252 5494 Sabas
1296 5426 1358 5473 ad
1405 5427 1630 5476 lttst'um.
1690 5434 1740 5475 et
1784 5426 1991 5478 modico
2056 5437 2295 5494 tempore

729 5491 796 5540 in
827 5501 1097 5543 transacto
1141 5493 1456 5544 inlirniilate
1509 5495 1755 5544 detentus
1796 5505 1897 5556 ρει,
1935 5510 1999 5547 ex
2033 5512 2135 5557 qua
2163 5491 2296 5549 oiiiit

728 5563 1020 5611 indictione
1069 5565 1294 5623 decima,
1359 5563 1391 5614 ὅ
1437 5563 1744 5613 Decembris
1791 5579 1878 5614 an.
1921 5565 2018 5617 tllt.
2046 5566 2170 5618 551.
2215 5572 2293 5618 An

729 5631 1018 5683 lll.ltCllUltc
1041 5648 1166 5699 ergo
1192 5648 1353 5695 nona,
1383 5635 1447 5684 ad
1479 5645 1791 5699 sequentem
1824 5646 2031 5688 sextam
2077 5639 2292 5690 nonnisi

792 5742 863 5813 (ᾳ)
897 5742 1232 5814 ᾖιουηστινιανοῦ
1259 5747 1617 5804 emendandum
1643 5748 1843 5812 aitirmo,
1872 5764 1966 5802 nec
1991 5751 2279 5814 prob-siluae
2317 5769 2338 5803 ε

727 5810 931 5855 variant.
965 5806 1268 5856 Cumanus.

2399 5223 2640 5276 decimus
2664 5224 2853 5276 tertius
2877 5223 3157 5278 labebatur
3183 5239 3393 5291 annus;
3421 5225 3524 5278 nisi
3576 5236 3700 5280 ante
3756 5227 3989 5281 dicatur

2399 5293 2639 5364 Italiinnn
2674 5297 3028 5347 tnonasticum
3067 5296 3360 5360 accepisse,
3401 5297 3541 5364 quod
3583 5296 3671 5348 ille
3717 5296 3883 5354 locus
3932 5309 3992 5355 in

2398 5363 2503 5412 vita
2533 5361 2588 5414 S.
2611 5362 2765 5435 Salue
2795 5379 2934 5432 a-gre
2955 5374 3010 5416 ut
3040 5366 3374 5430 suspicemur
3399 5361 3678 5435 permittit.

2472 5435 2583 5487 (κδ)
2612 5433 2664 5483 In
2701 5435 2901 5485 laurum
2937 5436 2996 5486 S.
3023 5435 3197 5488 Subte.

2475 5505 2584 5571 (89)
2613 5502 2954 5555 I’titissttttltlll
2989 5520 3107 5556 cum
3134 5523 3152 5553 ί
3189 5503 3439 5556 δριιίοιιιο
3472 5519 3695 5559 monaco
3716 5505 3770 5559 in
3808 5523 3995 5563 xeno—

2411 5572 2833 5642 dotlnoalahntis
2859 5573 3150 5642 Ιεῖιιιίιδίιιίἱ,
3184 5594 3201 5624 ι
3237 5573 3542 5642 St-ytlmpoli
3567 5590 3628 5627 ex
3670 5582 3996 5638 monitione

2403 5641 2458 5692 S.
2495 5640 2719 5694 Joannis
2750 5646 2800 5694 in
2835 5640 3024 5698 somno
3052 5643 3099 5697 ei
3131 5640 3377 5698 l'.tcta.In
3412 5640 3565 5712 hujus
3600 5645 3735 5699 Vita.

2348 5762 2394 5804 st
2427 5771 2576 5819 opus;
2618 5772 2814 5820 prorsus
2847 5765 3012 5812 tamen
3055 5763 3275 5812 videnda:
3305 5764 3412 5812 aiis:
3450 5763 3696 5812 editiones
3724 5777 3850 5826 qu:
3908 5772 4003 5824 me
