4104 6486
97 437 202 496 τὶτ

1378 442 1556 503 VITA
1595 444 1651 502 S.
1698 442 2099 503 EUTHYMII.

3259 441 3366 505 718

97 549 194 614 τῆς
224 546 471 616 κεφαλῆς
503 548 843 618 ἀφαιρεῖταιο
874 547 934 600 τὸ
963 548 1018 602 δὲ
1052 549 1159 620 ἄρα
1191 550 1488 619 μετέϐαλεν
1521 551 1682 613 εὐθὺς

1802 550 1883 604 illa
1913 565 2043 605 vero
2075 550 2259 604 statim
2296 550 2528 604 mutavit
2560 549 2812 614 fortnam,
2850 559 2903 604 ct
2933 549 3062 604 mibi
3096 549 3148 603 in
3184 550 3366 604 Sancti

99 639 193 708 τὴν
219 639 462 706 μορφὴν,
508 638 601 690 καί
638 637 726 706 μοί
755 655 838 702 τις
872 639 930 693 ἐν
957 641 1022 709 τῇ
1051 640 1147 692 τοῦ
1183 639 1342 707 ἁγίου
1370 636 1516 711 χειρὶ
1548 640 1682 711 βρα-

98 730 195 798 χὺς
258 728 458 797 Αἰθίοψ
507 728 688 800 ὠρᾶτο
736 730 870 798 πυρὶ
926 731 1055 792 τοὺς
1103 731 1416 800 ὀφθαλμοὺς
1463 732 1680 801 ὅμοιος·

97 821 264 889 ἐῴκει
299 822 356 873 δέ
390 839 473 884 τις
501 822 604 892 πρὸ
627 839 736 875 των
766 821 944 876 ποδῶν
970 824 1116 895 αὐτῷ
1145 825 1238 878 καὶ
1264 825 1454 896 βόθρος
1489 826 1681 896 κομιδῇ

101 914 412 982 βαθύτατος
438 915 757 986 διωρύχθαι.
789 917 907 970 Καὶ
931 917 1022 969 τὸν
1062 920 1158 987 μὲν
1205 920 1384 988 ἀφῆκε
1420 921 1562 974 κατὰ
1589 919 1683 972 τοῦ

101 1005 301 1075 ρἑρου
328 1023 341 1035 ·
374 1008 707 1076 ἐπιστρέψας
742 1009 797 1062 δὲ
820 1009 957 1080 πρός
990 1027 1058 1079 με
1098 1011 1283 1075 πάλιν,
1315 1013 1492 1066 ἐκεῖνό
1521 1030 1687 1082 φησιν

97 1099 124 1148 ὃ
156 1097 297 1166 προς
323 1097 418 1150 τὸν
456 1098 769 1166 παράλυτον
800 1102 827 1152 ὀ
855 1101 1087 1170 Χριστός
1109 1119 1122 1132 ⁸
1164 1102 1278 1156 Ἴδε
1324 1103 1500 1172 ὑγιὴς
1526 1103 1687 1173 γέγο-

97 1204 230 1251 νας.
255 1187 477 1255 μηκέτι
533 1190 854 1257 ἁμάρτανε,
908 1193 1067 1246 ἀλλὰ
1123 1196 1388 1263 πρόσεχε
1425 1194 1684 1260 σεαυτῷ,

100 1281 200 1333 ἵνα
227 1280 317 1347 μὴ
349 1280 551 1348 χεῖρόν
583 1298 633 1333 τι
675 1297 775 1335 σοι
807 1283 1071 1352 γένηται.
1115 1286 1350 1349 ’Λνεθεὶς
1373 1287 1430 1340 δὲ
1462 1287 1554 1340 τοῦ
1587 1289 1692 1341 πα-

100 1369 228 1430 θους
267 1368 406 1434 ἐγὼ,
447 1373 540 1423 καὶ
571 1371 910 1444 θερμοτέραν
940 1375 1174 1439 ἀποδοὺς
1210 1376 1288 1446 τῷ
1319 1377 1439 1447 Θεῷ
1467 1379 1568 1448 τὴν
1600 1380 1689 1431 εύ-

100 1462 423 1530 χαριιττίαν,
461 1462 678 1533 ἀπαθὴς
705 1464 762 1531 ἐξ
817 1467 1027 1520 ἐκείνου
1059 1469 1154 1521 καὶ
1207 1472 1288 1532 είς
1326 1470 1487 1540 δεῦρο
1519 1471 1691 1524 κακοῦ

102 1552 310 1612 παντὸς
350 1556 778 1624 συντετήρημαι.
812 1558 998 1610 Ταῦτα
1034 1559 1159 1628 ἐμοὶ
1189 1561 1282 1613 τοῦ
1331 1563 1546 1616 Παύλου
1572 1564 1691 1617 δια.-

99 1645 470 1711 σαφήσαντος,
495 1646 680 1715 κοινὴν
697 1648 805 1714 ἐγὼ
828 1650 960 1703 πᾶσι
979 1652 1269 1720 παρέθηκα
1288 1653 1386 1722 τὴν
1411 1653 1687 1724 διήγησιν.

165 1736 353 1789 PMB’.
389 1739 554 1806 Πλὴν,
593 1741 710 1792 ἀλλ’
742 1743 769 1792 ὁ
821 1742 978 1809 λόγος
1030 1745 1176 1815 ὁρμᾷ
1237 1763 1328 1815 μοι
1387 1748 1548 1800 πάλιν
1599 1749 1693 1800 καὶ

98 1825 310 1894 ἑτέροις
343 1828 592 1881 ἑστιᾶσαι
619 1830 718 1893 τὰς
753 1831 908 1900 ὑμῶν
937 1832 1128 1895 ἀκοάς.
1163 1834 1489 1889 Παύσασθαι
1520 1835 1630 1907 γὰρ
1659 1839 1692 1905 ἡ

99 1918 205 1969 τῶν
233 1917 538 1986 θαυμάτων
572 1923 824 1993 συνέχεια
852 1925 954 1976 οὐκ
987 1926 1072 1994 ἐᾷ,
1105 1927 1523 1997 προκαλουμένη
1553 1929 1694 1999 μᾶλ-

102 2009 184 2058 λον
221 2010 312 2060 ἀεὶ
338 2009 430 2062 τὸν
457 2010 632 2077 λόγον,
669 2013 762 2064 καὶ
792 2016 871 2076 είς
894 2015 955 2066 τὸ
981 2022 1007 2049 ι
1041 2016 1228 2084 πρόσω
1259 2017 1461 2087 βαίνειν
1486 2019 1692 2088 προθυ-

105 2101 380 2170 μουμένη,
413 2102 698 2171 κρείττονα
740 2105 869 2157 ὅντα
914 2106 1008 2159 καὶ
1054 2108 1404 2179 χαριέστεροι,
1441 2108 1691 2179 καθάπερ

102 2190 236 2259 αὑτὴ
271 2193 418 2260 πρὸς
474 2193 678 2262 ἑαυτὴν
707 2195 1085 2264 ἁμιλλωμένη,
1115 2199 1208 2249 καὶ
1239 2201 1307 2251 τὰ
1353 2200 1692 2268 προλαϐόντα

104 2282 255 2349 auxia
276 2284 396 2342 τοῖς
429 2282 630 2351 ἐφεξῆς
665 2283 982 2354 βουλομένη,
1037 2283 1178 2348 Τοὺς
1215 2287 1322 2356 γὰρ
1342 2286 1433 2339 δύο
1458 2288 1695 2351 λάκκους

103 2369 188 2431 οὓς
219 2370 324 2439 τὴν
349 2371 527 2440 ἀρχὴν
550 2373 706 2440 λόγος
736 2373 841 2426 ὑπὸ
857 2375 966 2427 τῶν
989 2376 1333 2445 Ἀμορραίων
1351 2376 1690 2448 διορυγῆναι,

102 2461 215 2514 ius”:
265 2462 366 2515 τοῦ
436 2465 703 2516 κοινοϐίου
756 2465 988 2529 σταδίοις
1034 2467 1421 2537 διεστηκότας,
1480 2471 1696 2524 ἁνανεοῖ

107 2555 200 2622 μὲν
232 2556 319 2606 ἔτι
351 2555 430 2607 ὢν
461 2556 603 2626 ὑπὲρ
628 2556 730 2624 γῆς
761 2557 788 2608 ὁ
817 2558 990 2626 μέγας
1011 2558 1308 2627 Εὑθύμιος,
1332 2561 1406 2623 ὼς
1431 2561 1530 2630 ἤδη
1564 2562 1696 2629 φθά-

107 2663 292 2707 crate;
338 2646 717 2717 ἐδηλώσαμεν,
753 2650 845 2701 καὶ
881 2649 959 2718 τῷ
987 2649 1082 2701 τοῦ
1114 2650 1301 2720 ἑτέρου
1335 2652 1565 2718 στόματι
1597 2655 1694 2706 θύ-

109 2754 200 2805 ραν
234 2738 411 2800 αὐτὸς
445 2738 677 2801 ἐπιθεὶς,
697 2739 961 2810 ἀπονέμει
986 2741 1121 2809 πρὸς
1150 2740 1366 2809 ὑδρείαν
1397 2744 1462 2812 τῇ
1496 2741 1690 2814 λαύρα·

107 2830 318 2900 θατέρῳ
347 2831 405 2883 δὲ
442 2834 554 2893 τοῖς
585 2830 675 2883 ὑπ’
703 2830 865 2884 αὑτοῦ
900 2832 1276 2900 βαπτισθεῦιν
1312 2834 1634 2904 Ἀγαρηνοῖς
1666 2843 1695 2882 γ

111 2923 267 2992 ῥητόν
298 2940 428 2975 τινα
459 2927 783 2992 παραχωρεί
825 2925 1036 2993 χρόνον.
1064 2924 1249 2986 Οὕτως
1278 2920 1372 2977 οὖν
1404 2926 1554 2996 αὐτῷ
1586 2925 1695 2978 τῶν

110 3017 325 3068 λάκκων
348 3015 610 3085 ἑχόντων,
648 3017 738 3067 καὶ
776 3016 868 3068 τοῦ
900 3017 998 3084 μὲν
1030 3021 1094 3086 τῇ
1122 3016 1318 3088 λαύρᾳ,
1355 3017 1449 3070 τοῦ
1479 3018 1536 3069 δὲ
1583 3021 1711 3081 τοῖςκ

121 3104 450 3176 ’Λγαρηνοίς
494 3106 1004 3176 ὰπονενεμημένου,
1034 3107 1204 3179 ξηρὰν
1233 3111 1326 3161 καὶ
1371 3107 1550 3171 ἄλλως
1597 3111 1696 3180 τὴν

1788 659 1949 698 manu
2004 643 2185 698 brevis
2226 643 2445 712 quidam
2492 642 2776 697 videbatur
2830 641 3077 713 Etltiops
3107 685 3122 707 ,
3191 642 3364 697 oculis

1791 738 1896 805 igni
1934 736 2127 789 similis
2165 755 2176 788 :
2213 738 2325 790 visa
2360 749 2576 806 quoque
2624 748 2708 789 est
2739 744 2866 788 ante
2902 735 3020 804 ejus
3063 736 3225 804 pedes
3255 733 3366 789 de-

1789 829 1934 884 fossa
1970 843 2092 884 esse
2119 826 2536 896 profundissima
2574 826 2754 880 fovea.
2788 828 2850 880 Et
2883 827 3030 881 illum
3060 827 3275 897 quidem
3314 828 3366 880 in

1791 923 1999 977 foveam
2045 919 2275 991 dejecit;
2317 922 2382 974 ad
2416 935 2502 974 me
2537 934 2666 974 vero
2712 918 2908 974 iterum
2949 934 3268 983 conversus,
3305 920 3370 970 il-

1791 1015 1880 1067 lttd
1911 1014 2060 1080 dicit,
2094 1013 2236 1082 quod
2261 1012 2512 1066 Christus
2539 1011 2838 1082 paralytico
2873 1030 2885 1064 :
2927 1010 3060 1064 Ecce
3092 1027 3253 1063 sanus
3287 1011 3370 1079 fa-

1793 1118 1906 1160 ctus
1940 1124 2015 1168 ea,
2046 1107 2161 1175 jam
2209 1106 2319 1158 noli
2360 1120 2598 1171 peccare,
2645 1104 2738 1157 sed
2769 1104 2987 1157 attende
3021 1102 3118 1156 tibi
3150 1103 3276 1171 ipsi,
3312 1119 3372 1154 ne

1792 1201 2022 1254 deterius
2064 1199 2154 1251 tibi
2188 1199 2388 1266 aliquid
2420 1196 2688 1264 contingat
2718 1194 2857 1246 ‘3'“.
2894 1195 3002 1264 Ego
3049 1208 3178 1248 vero
3213 1193 3280 1246 ab
3309 1208 3372 1247 ea

1794 1294 2102 1346 calamitate
2122 1290 2404 1351 liberatus,
2425 1300 2480 1341 et
2503 1287 2907 1342 ardentioribus
2939 1285 3047 1337 Deo
3075 1285 3214 1338 actis
3241 1298 3365 1352 gra-

1797 1385 1908 1448 tiis,
1943 1384 2010 1437 ab
2041 1381 2130 1436 illo
2178 1392 2421 1447 tempore
2464 1394 2635 1447 usque
2672 1383 2726 1431 in
2775 1376 3095 1430 hodiernum
3150 1389 3372 1428 conscr-

1795 1488 1952 1530 vatus
1984 1489 2104 1528 sum
2137 1472 2317 1525 omnis
2346 1469 2470 1524 mali
2502 1483 2722 1537 expers.
2760 1467 2884 1520 Hzcc
2915 1481 3039 1520 cum
3078 1464 3211 1517 mihi
3241 1461 3378 1515 Pan-

1796 1567 1879 1618 lus
1909 1563 2288 1624 declaraverit,
2327 1575 2672 1614 contu-iuncta
2710 1572 2812 1626 ego
2868 1555 3080 1610 cunctis
3113 1553 3373 1624 propositi

1807 1655 2199 1710 narrationem.

1864 1744 2075 1799 CXLII.
2122 1745 2320 1798 Verum
2356 1744 2500 1796 enim
2542 1757 2669 1796 vero
2716 1741 2846 1795 mibi
2897 1753 3088 1793 rursus
3137 1737 3377 1805 erumpit

1797 1841 1974 1892 oratio
2011 1839 2077 1891 ad
2108 1836 2410 1906 pascendas
2452 1835 2615 1887 rebus
2645 1832 2768 1885 aliis
2804 1846 2967 1884 aures
2995 1839 3225 1884 vestras.
3261 1829 3375 1883 Non

1797 1928 1931 1982 sinit
1976 1927 2118 1982 enim
2156 1937 2378 1981 cessare
2416 1923 2805 1978 miraculorum
2842 1922 3207 1984 continuatio,
3235 1936 3378 1974 sem-

1797 2035 1894 2090 per
1934 2019 2106 2088 magis
2154 2030 2458 2086 provocans
2497 2015 2819 2077 orationem,
2851 2022 2906 2068 et
2963 2011 3204 2081 gestiens
3254 2025 3377 2078 pro-

1797 2113 1947 2183 gredi
1973 2112 2037 2164 ad
2066 2109 2347 2172 ulteriora,
2376 2122 2497 2176 qua:
2520 2105 2902 2176 praestantiora
2931 2114 3058 2158 sunt
3088 2112 3143 2157 et
3178 2101 3377 2171 jucun-

1798 2207 1980 2270 diora;
2021 2203 2183 2257 veluti
2211 2203 2323 2268 ipsa
2351 2215 2537 2254 secum
2565 2207 2808 2262 certans,
2841 2200 3142 2262 volensque
3172 2209 3372 2263 praece-

1798 2297 1976 2351 dentia
2031 2297 2253 2348 vincere
2289 2291 2775 2359 consequentibus.
2824 2291 2967 2343 Duas
3008 2289 3150 2343 enim
3182 2288 3376 2341 cister-

1799 2403 1918 2454 nas,
1949 2401 2086 2455 quas
2121 2385 2262 2439 fama
2314 2394 2398 2438 est
2451 2385 2518 2435 ab
2561 2381 2717 2435 initio
2765 2380 2967 2434 fodisse
3012 2377 3376 2438 Amorrhaaos,

1799 2484 2016 2538 dissitas
2049 2481 2258 2535 duobus
2284 2478 2475 2533 stadiis
2513 2491 2542 2529 a
2592 2475 2865 2537 cmnobio,
2904 2470 3373 2540 renovatquidem

1805 2574 1980 2627 adhuc
2017 2573 2067 2624 in
2101 2581 2246 2625 terra
2292 2568 2479 2622 vivens
2525 2580 2754 2634 magnus
2784 2561 3132 2631 Eutltymius,
3165 2569 3225 2614 ut
3266 2560 3378 2629 jam

1800 2678 1958 2722 antea
1989 2665 2413 2729 declarat-imus,
2435 2672 2490 2716 et
2522 2676 2645 2716 cum
2675 2658 2902 2713 alterius
2923 2657 3003 2711 ori
3031 2655 3381 2725 imposuisset

1799 2757 2037 2820 ostium,
2077 2754 2267 2808 tribuit
2310 2753 2475 2805 lauru:
2511 2751 2577 2804 ad
2608 2748 2983 2819 aquationem;
3021 2745 3256 2800 alteram
3284 2758 3380 2796 au-

1804 2862 1909 2903 tem
1930 2846 2197 2915 Agarenis
2227 2859 2363 2914 quos
2389 2843 2780 2910 baptizaverat,
2801 2846 2952 2894 certo
2975 2835 3225 2891 concedit
3251 2844 3384 2890 tem.

1801 2953 1952 3008 pore.
1997 2937 2073 2989 Ita
2109 2949 2240 3003 ergo
2267 2948 2326 2987 se
2355 2931 2688 2986 habentibus
2713 2929 2993 2990 cisternis,
3025 2936 3081 2981 et
3109 2941 3214 2978 una
3241 2924 3383 2978 Lau-

1805 3043 1896 3088 ra',
1932 3027 2101 3078 altera
2135 3021 2402 3090 Agareuis
2465 3019 2754 3083 attributa,
2805 3015 3154 3071 solitudinem
3209 3012 3378 3075 illam,

1803 3116 2042 3184 alioquin
2092 3114 2300 3167 aridam
2356 3119 2411 3166 et
2457 3110 2845 3178 prOpemodum
2881 3120 3035 3175 aqua:
3078 3113 3380 3172 expertem,

112 3194 315 3265 ἔρημον
367 3195 587 3264 εκείνην
611 3195 798 3259 οὖσαν,
848 3200 944 3249 καὶ
978 3198 1176 3268 μικροῦ
1211 3216 1275 3266 γε
1307 3200 1419 3252 δεῖν
1449 3201 1696 3271 ἄνυδρον,

1808 3209 2001 3279 pluvia:
2041 3207 2314 3259 invaserat
2355 3201 2604 3270 penuria.
2633 3199 2736 3264 Qui
2769 3198 2975 3251 lauram
3014 3195 3199 3262 itaque
3227 3193 3382 3246 inco—

111 3287 384 3355 ἀνομϐρία
418 3289 704 3357 κατέσχεν.
761 3289 823 3340 Οἱ
849 3287 981 3355 γοῦν
1029 3291 1124 3359 τῆς
1157 3291 1364 3360 λαύρας
1395 3293 1698 3355 δεδοικότες

110 3381 204 3446 τὴν
236 3380 331 3432 τοῦ
373 3380 564 3443 ὓδατος
607 3381 836 3445 ἔνδειαν,
891 3383 991 3453 τὴν
1029 3383 1126 3452 μὲν
1163 3385 1258 3436 τοῦ
1292 3385 1498 3438 λάκκου
1531 3385 1700 3455 θύραν

114 3472 214 3536 ὑπὸ
261 3473 442 3525 κλεισὶ
477 3475 573 3527 καὶ
593 3474 808 3542 μοχλοῖς
838 3475 1249 3538 ἀσοαλίζονται.

179 3562 361 3615 ΡΜΓ.
391 3565 511 3615 Τῶν
540 3564 595 3615 δὲ
623 3565 911 3634 φυλάρχων
936 3565 1044 3617 τῶν
1065 3566 1173 3618 ὑπὸ
1190 3570 1254 3637 τῇ
1279 3567 1388 3618 τῶν
1417 3568 1701 3630 Ῥωμαίων

115 3657 252 3725 ἀρχῇ
292 3656 564 3723 κειμένων
609 3657 809 3725 Ἀρέθα
833 3660 924 3709 καὶ
959 3660 1267 3722 Ἀσουάδου,
1294 3660 1433 3714 ὅπλα
1456 3661 1577 3713 κατ’
1605 3661 1700 3712 ἀλ-

113 3748 292 3817 λήλων
319 3748 420 3799 καὶ
454 3748 693 3814 πόλεμον
729 3750 1043 3819 ἀραμένων,
1073 3749 1343 3818 πολλαχοῦ
1371 3752 1468 3818 τῆς
1492 3751 1700 3819 ἐρήμου

114 3839 514 3908 διασπαρέντες
546 3842 595 3892 οἱ
631 3839 923 3910 Βαρσαροι,
963 3842 1264 3912 χρημάτων
1312 3860 1371 3894 τε
1420 3844 1699 3910 ἁρπαγὰς,

117 3936 206 3986 καὶ
231 3934 406 3986 oi:sz
432 3933 714 4004 ἁνατροπὰ
726 3952 767 3999 ς,
801 3936 893 3987 καὶ
919 3935 1052 3988 ἄλλα
1081 3936 1290 4005 ὅσαπερ
1319 3938 1376 3986 ἐν
1395 3938 1505 3998 τοῖς
1529 3937 1704 3988 τοιού-

114 4041 226 4087 τοις
261 4025 420 4093 βίαια
452 4028 544 4077 καὶ
573 4027 875 4095 τυραννικὰ
906 4027 1052 4094 φιλεῖ
1084 4026 1427 4095 συμϐαίνειν,
1461 4028 1699 4081 ἐποίουν.

117 4117 254 4167 ﬂoris
293 4115 428 4181 γοῦν
458 4116 789 4184 καθημένων
817 4117 976 4185 ἡμῶν
1001 4117 1106 4184 πρὸ
1130 4117 1226 4184 τῆς
1249 4117 1454 4169 εἰσόδου
1471 4116 1562 4169 τοῦ
1593 4135 1706 4170 κοι-

117 4206 321 4268 varii-ou,
357 4207 758 4276 προσέρχονταί
782 4225 922 4271 τινες
950 4209 1223 4279 Βάρόαροι
1245 4209 1339 4261 δύο
1358 4226 1370 4238 ·
1405 4210 1618 4279 προσῆν
1649 4209 1705 4262 δὲ

120 4303 306 4362 αὐτοῖς
350 4302 450 4354 καὶ
505 4302 868 4370 Χριστιανὸς,
919 4301 1170 4363 Θαλάόας
1217 4302 1407 4371 ὄνομα,
1459 4301 1568 4354 τῶν
1603 4301 1707 4354 ὑπὸ

121 4391 400 4460 Εᾷθυμίου
427 4392 594 4445 πάλαι
617 4392 1022 4461 βαπτισθέντων
1068 4394 1385 4464 Ἀγαρηνῶν
1437 4394 1708 4463 συγγενὴς

121 4482 214 4538 ὢν.
250 4482 396 4536 Ἕνα
420 4483 515 4536 τοῦ
541 4485 741 4536 οἰκείου
773 4485 1009 4554 πλήθους
1042 4485 1382 4555 ἐπαγόμενοι
1400 4486 1703 4556 Βάρὸαρον,

1807 3299 2028 3357 lcbant,
2085 3308 2240 3363 aqum
2294 3291 2452 3345 veriti
2506 3289 2744 3356 inopiam
2778 3327 2794 3350 .
2851 3287 3104 3341 cisternae
3165 3285 3383 3352 quidem

1805 3391 2005 3446 ostium
2031 3387 2276 3440 clavibus
2306 3393 2360 3438 ct
2387 3383 2640 3437 vectibus
2663 3380 3065 3435 communiunt.

1875 3563 2102 3621 CXLIII.
2146 3563 2281 3618 Cum
2307 3575 2434 3615 vero
2459 3561 2693 3614 tribuum
2727 3557 2965 3628 prmfccti
2997 3557 3111 3629 (9|)
3139 3557 3384 3610 Romano

1804 3658 2034 3726 imperio
2064 3655 2295 3722 subjecti
2317 3655 2551 3707 Aretbas
2570 3663 2615 3708 el
2647 3653 2915 3716 Asuadcs,
2936 3662 3122 3706 contra
3158 3662 3216 3701 se
3247 3648 3383 3701 invi-

1805 3765 1923 3807 cem
1957 3762 2102 3802 arma
2127 3756 2180 3798 et
2218 3744 2416 3798 bellum
2461 3742 2857 3812 suscepissent,
2903 3756 2998 3809 per
3032 3739 3380 3793 solitudinem

1807 3855 1947 3911 szepe
1977 3837 2206 3908 dispersi
2258 3835 2507 3900 barbari,
2544 3845 2598 3889 et
2649 3833 2910 3902 pecunias
2953 3831 3302 3900 diripiebant,
3333 3838 3390 3882 et.

1808 3937 1997 3987 domos
2025 3931 2375 3992 evertebant,
2413 3927 2625 3995 aliaque
2665 3925 2936 3978 faciebant
2959 3937 3078 3992 qua:
3109 3921 3164 3975 in
3195 3920 3385 3989 hujus-.-

1809 4022 1952 4074 modi
1989 4021 2163 4073 solent
2197 4018 2514 4084 contingere
2562 4014 2800 4066 violenta
2859 4021 3023 4080 atque
3076 4010 3380 4080 tyrannica.

1808 4111 2115 4179 Aliquando
2145 4112 2286 4178 ergo
2319 4105 2635 4161 sedentibus
2668 4104 2821 4157 nobis
2858 4111 2984 4155 ante
3034 4103 3239 4154 aditum
3273 4113 3385 4181 NB:

1810 4204 1979 4267 nobii,
2012 4201 2280 4257 accedunt
2305 4200 2524 4269 quidam
2553 4197 2660 4250 duo
2690 4195 2941 4256 barbari;
2981 4208 3104 4247 cum
3134 4193 3216 4246 eis
3254 4205 3384 4244 vero

1811 4296 1998 4349 aderat
2067 4305 2281 4362 quoque
2343 4288 2714 4347 Christianus,
2793 4283 3064 4338 Thalabas
3137 4283 3380 4335 nomine.

1810 4397 2073 4457 cognatus
2131 4387 2506 4453 Agarenorum
2558 4382 2650 4449 qui
2704 4379 2922 4433 fuerant
2956 4376 3085 4430 olim
3122 4375 3380 4443 baptizati

1811 4481 1877 4533 ab
1903 4475 2228 4547 Eutbymio;
2275 4473 2607 4528 adducentes
2636 4484 2802 4524 unum
2839 4483 2869 4522 e
2897 4482 2996 4521 sua
3035 4464 3385 4518 multitudine

124 4576 218 4628 καὶ
267 4575 435 4626 αὑτὸν
465 4576 677 4644 δαίμονί
719 4592 825 4627 τινι
869 4574 1088 4645 χαλεπῷ
1146 4577 1396 4644 κάτοχον.
1447 4576 1600 4628 Ἐπεὶ
1647 4574 1696 4628 δὲ

1815 4572 2127 4627 barbarum,
2161 4567 2252 4636 qui
2286 4567 2402 4635 ipse
2440 4566 2606 4618 etiam
2635 4577 2665 4615 a
2699 4563 2932 4628 quodam
2969 4573 3111 4612 saevo
3141 4556 3388 4610 daemone

123 4664 457 4732 προσῆλθον,
511 4665 758 4734 ἐξηγεῖτο
784 4665 880 4732 τὴν
911 4664 1089 4716 αἰτίαν
1122 4663 1149 4713 ὁ
1196 4662 1477 4724 Θαλὰϐας·
1519 4662 1595 4723 ὡς
1623 4661 1709 4714 ἐλ-

121 4754 331 4807 θόντων
359 4757 491 4806 ποτὲ
514 4754 622 4806 τῶν
653 4753 951 4822 Βαρὸἀρων
996 4753 1144 4822 παρᾶ
1173 4754 1271 4822 τὴν
1302 4753 1532 4822 λαύραν,
1568 4750 1705 4804 ὥστε

129 4846 347 4896 ποτίσαι
371 4847 471 4906 τὰς
496 4844 706 4897 ἑαυτῶν
729 4845 1031 4914 καμήλους,
1065 4846 1156 4896 καὶ
1171 4844 1248 4912 τῷ
1271 4844 1456 4912 λάκκῳ
1492 4843 1589 4912 τὴν
1618 4843 1712 4895 θί-

129 4953 222 5001 ραν
250 4934 684 5004 ὲςτικεκλιμένην
707 4936 994 5005 εὑρόντων,
1030 4937 1056 4987 ὁ
1087 4934 1359 5002 δαιμονῶν
1392 4927 1546 4995 οὗτος
1585 4933 1709 5002 βλρ.

126 5026 506 5096 όαρικώτερον
538 5026 914 5097 κινηθεὶς,τὴν
944 5028 1041 5096 μὲν
1071 5026 1203 5097 λίθῳ
1237 5027 1392 5096 βαρεῖ
1430 5026 1675 5094 κατακλᾷ
1696 5043 1708 5056 ⁸

125 5118 316 5168 τοῦτον
347 5115 404 5168 δὲ
439 5115 645 5186 δαίμων
681 5117 840 5180 εὐθὺς
873 5117 1145 5171 ἀντιπαίει
1176 5116 1352 5186 πολλῴ
1381 5117 1679 5183 δεινότερον
1699 5133 1710 5144 ·

129 5210 219 5259 καὶ
263 5208 333 5260 τὸ
377 5207 566 5260 λοιπὸν
596 5210 772 5261 ἔκειτο
809 5212 1275 5281 σπαραττόμενος,
1319 5209 1410 5262 καὶ
1450 5208 1626 5280 ἀφροῦ
1658 5209 1714 5261 τὸ

132 5302 306 5367 στόμα
340 5301 805 5370 ὑποπιπλὰμενος.

197 5420 244 5451 ⁸³
274 5417 495 5472 “101m.
542 5434 592 5481 ι’,
627 5418 709 5471 14.

1816 4662 2212 4731 possidebatnr.
2264 4658 2558 4725 Postquam
2605 4663 2786 4707 autem
2822 4659 3191 4712 accesserunt,
3223 4663 3390 4716 expo-

1816 4755 1926 4809 suit
1961 4769 2178 4807 cansam
2217 4749 2526 4804 Tltalabas:
2580 4746 2716 4800 Cum
2777 4742 3066 4810 aliquando
3117 4741 3391 4792 venissent

1819 4844 2034 4901 barbari
2063 4845 2128 4896 ad
2176 4843 2405 4903 lauratn,
2437 4850 2494 4892 ut
2529 4838 2865 4904 atlaqnarent
2894 4847 3018 4886 suas
3049 4830 3305 4890 camelos,
3339 4840 3392 4880 et

1818 4939 2065 4992 cisterna:
2091 4935 2410 4987 incumbens
2452 4931 2789 4984 invenissent
2820 4927 3041 4987 ostium,
3078 4923 3163 4976 bic.
3195 4921 3393 4974 daemo-

1821 5029 2038 5089 niacus,
2069 5023 2370 5077 barbariori
2423 5022 2580 5074 modo
2633 5027 2962 5079 commotus,
3009 5012 3158 5081 gravi
3220 5009 3393 5077 lapide

1818 5118 1946 5172 illud
1983 5114 2309 5181 confringit;
2355 5129 2477 5167 eum
2523 5122 2706 5165 autem
2759 5109 2905 5161 illiro
2956 5103 3196 5158 vicissim
3238 5101 3396 5169 longe

1817 5208 2036 5277 gravius
2086 5207 2212 5260 ferit
2251 5205 2493 5265 da-mon;
2555 5215 2618 5255 ac
2653 5199 2846 5253 deinde
2873 5196 3094 5267 jacebat
3132 5204 3308 5248 tortus
3342 5200 3396 5244 et

1821 5299 2172 5362 dilaceratus,
2201 5310 2368 5363 osque
2409 5294 2618 5348 babens
2647 5305 2838 5361 spuma
2878 5289 3176 5359 Opplctutn.

1427 5507 1662 5564 VARIJE
1703 5504 2108 5562 LECTIUNES.

203 5617 229 5645 ι
267 5603 343 5657 al.
370 5604 461 5656 τά.
536 5613 566 5652 1
597 5603 666 5657 a1.
702 5603 1064 5674 Σαρακηνοῖς.

1323 5689 1516 5746 JOAN.
1557 5688 1898 5745 BOLLA'NDI
1940 5689 2173 5745 NOTAE.

209 5794 326 5862 (9.1)
365 5793 523 5844 Anna
542 5788 832 5862 Iustiniani
860 5787 946 5852 I9,
968 5787 1096 5862 _Cbr.
1135 5787 1264 5862 545,
1288 5791 1506 5844 obsessa
1544 5788 1717 5862 Inita
1757 5788 1999 5846 Cbosroe
2027 5791 2241 5847 seniore
2276 5787 2495 5850 Edessa,
2563 5795 2669 5851 quo
2696 5789 2956 5848 tempore,
3015 5782 3104 5829 nul
3152 5771 3399 5841 ρτοιῖιιιε

141 5859 411 5934 Sapienti,
443 5863 545 5916 hoc
571 5862 764 5915 ducum
799 5860 1110 5914 intestinum
1166 5859 1361 5916 bellum
1408 5860 1716 5926 contigerit.
