4104 6486
766 410 870 471 749

1962 418 2245 480 MENSIS
2284 422 2746 497 JANUARIUS.

3925 425 4034 488 720

833 524 1063 579 tl.\'Ll\'.
1109 522 1218 593 Ego
1268 538 1396 579 vero
1452 525 1763 589 adveniens,
1797 539 1849 579 et
1903 526 2084 581 auimo
2132 527 2314 583 tractu:

2514 536 2688 591 PMA'.
2727 536 2940 605 Ἔγωγε
2990 534 3084 592 οὖν
3117 538 3353 609 παριὼν,
3387 538 3481 597 καὶ
3515 538 3615 610 τὴν
3642 532 3825 610 ψυχὴν
3853 538 4035 603 οὕτως

754 619 894 689 quod
970 619 1037 670 ita
1095 631 1153 671 se
1208 616 1433 671 haberet
1482 617 1773 681 Barbarus,
1831 633 1933 672 una
2001 635 2124 673 cum
2200 622 2330 674 viris

754 727 873 766 cum
942 710 1088 775 tollo,
1151 720 1202 763 et
1260 710 1326 762 ad
1399 711 1584 764 Sancti
1652 725 1872 780 capsam
1947 712 2197 779 adduco;
2274 726 2331 767 ut

753 805 895 859 unde
950 802 1179 858 amictus
1221 812 1303 857 est
1352 802 1687 867 calamita'e,
1729 804 1876 860 illinc
1911 806 2150 860 inveniat
2203 808 2329 861 mali

749 910 965 964 quoque
997 894 1473 949 medicamentum.
1500 895 1753 964 Ejusdeu:
1785 898 1928 951 enim
1950 908 2054 961 est,
2081 906 2133 952 et
2163 900 2330 953 caSIi-

749 999 878 1053 gare
910 994 1129 1053 propter
1160 983 1540 1047 temeritatem,
1577 993 1631 1036 et
1655 998 1847 1038 curare
1871 1000 2062 1039 rursus
2096 1000 2193 1053 per
2221 984 2329 1038 cle—

749 1076 1029 1130 mentiam.
1064 1075 1277 1128 Positus
1310 1088 1440 1143 ergo
1469 1073 1536 1127 ad
1570 1073 1801 1129 loculum
1829 1074 1872 1128 is
1901 1076 1989 1142 qui
2027 1074 2325 1140 laborabat,

726 1178 875 1221 ‘cuni
920 1182 1026 1220 non
1066 1165 1292 1220 multum
1332 1166 1589 1236 deinceps
1631 1177 1843 1235 tempus
1873 1167 1983 1221 illic
2015 1167 2323 1231 mansisset,

750 1261 1081 1315 curationem
1122 1260 1323 1314 invenit
1380 1261 1637 1329 majorem
1682 1275 1842 1327 quam
1898 1260 2162 1328 petierat;
2220 1274 2324 1314 non

749 1356 1010 1409 liberatus
1055 1353 1394 1409 solummodo
1438 1368 1466 1405 a
1521 1354 1659 1406 mala
1693 1352 2002 1417 all‘ectione,
2033 1353 2126 1407 sed
2163 1354 2325 1407 etiam

747 1446 1019 1500 diviniorc
1049 1445 1253 1499 lumine
1288 1444 1339 1498 in
1374 1446 1552 1499 anima
1578 1445 1941 1512 collustratus,
1967 1456 2020 1501 et
2051 1462 2156 1502 non
2185 1446 2324 1501 mul-

748 1540 814 1591 tis
848 1547 1033 1606 postea
1059 1538 1249 1595 diebus
1284 1541 1609 1611 baptizatus.

815 1628 1023 1682 CXLV.
1069 1628 1325 1697 Ejusdem
1376 1634 1537 1685 etiam
1585 1631 1840 1686 Tlialabae
1890 1647 1953 1685 ex
2004 1631 2169 1687 fratre
2231 1642 2324 1687 aut

742 1734 930 1774 sorore
971 1722 1174 1789 neptis,
1226 1722 1488 1776 immundi
1529 1723 1791 1778 dzemonis
1840 1724 2117 1779 dominatu
2173 1734 2323 1780 tene-

744 1815 925 1866 batur.
970 1813 1137 1883 Igitur
1183 1814 1295 1885 ipsa
1340 1830 1556 1885 quoque
1598 1817 1663 1870 ad
1710 1817 2058 1885 reliquiarum
2107 1818 2318 1873 thec.im

744 1914 955 1970 portata
1012 1920 1075 1960 ex
1132 1904 1362 1961 Lazario
1426 1907 1584 1976 (illic
1621 1908 1817 1976 quippe
1850 1908 2131 1963 habitabat
2175 1910 2318 1965 Tha-

743 1998 937 2064 Iabas),
971 1997 1410 2066 nullumquidem
1442 1999 1586 2053 aliud
1622 2000 2322 2067 medicamentumexstitit,

742 2090 841 2143 nisi
877 2104 941 2143 ex
977 2088 1138 2157 hujus
1174 2090 1331 2143 loculi
1368 2091 1802 2145 sanctiﬁcatione
1845 2106 1936 2145 seu
1978 2108 2116 2160 aqua
2160 2095 2325 2149 bene-

741 2181 884 2233 dicta
917 2180 1121 2246 illitus;
1162 2180 1275 2234 dies
1306 2192 1483 2233 autem
1528 2196 1630 2233 nou
1668 2180 1851 2248 plures
1888 2196 2047 2249 quant
2090 2190 2221 2243 tres,
2256 2182 2321 2235 ad

736 2272 1039 2340 perfectam
1095 2273 1161 2324 ali
1205 2271 1547 2341 opprimente
1606 2271 1981 2325 liberationem
2027 2272 2319 2325 sufﬁt-ium.

812 2362 1046 2417 CXLVI.
1074 2362 1212 2429 Quid
1244 2378 1373 2417 vero
1396 2363 1598 2417 dixeris
1624 2364 1688 2416 de
1710 2362 1945 2433 Agaretti
1970 2363 2151 2433 Argob
2179 2363 2320 2417 ﬁlio?

741 2460 844 2511 hoc
873 2457 1017 2511 enim
1049 2457 1268 2509 uomiue
1299 2465 1453 2523 pater
1493 2455 1791 2509 vocabatur
1832 2471 1845 2507 :
1884 2454 1974 2524 qui
2009 2470 2103 2523 per
2130 2456 2319 2509 solitu-

739 2551 923 2606 dinem
972 2563 1163 2620 greges
1214 2563 1466 2619 pascens,
1512 2563 1634 2603 cum
1680 2549 2045 2603 exsecrandus
2095 2549 2315 2617 quidam

740 2646 947 2697 dmmon
998 2642 1049 2694 in
1092 2656 1213 2696 eum
1251 2641 1555 2705 insiliisset,
1604 2656 1708 2694 non
1764 2638 1937 2693 solum
1989 2649 2189 2701 mente,
2222 2639 2317 2692 sed

739 2735 903 2789 etiam
954 2743 1175 2803 aspectu
1210 2742 1263 2785 et
1293 2732 1468 2787 oculis
1499 2732 1761 2786 distortus
1788 2742 2057 2785 evaserat.
2098 2732 2318 2785 Delatus

740 2837 919 2882 autem
969 2828 1083 2895 ipse
1130 2840 1346 2895 quoque
1376 2826 1441 2880 ad
1478 2840 1694 2894 capsum
1743 2824 2114 2893 reliquiarum,
2167 2826 2316 2879 brevi

738 2920 962 2974 omnino
982 2919 1232 2989 erigitur,
1258 2930 1311 2973 et
1336 2918 1515 2973 omnia
1538 2932 1636 2972 suo
1659 2916 1776 2972 loco
1801 2916 2047 2972 restituta
2085 2916 2313 2984 habens,

736 3013 879 3084 patri
910 3014 1167 3067 redditur.
1358 3000 1361 3001 ⁷

810 3104 1063 3161 CXLVII.
1107 3105 1270 3161 Multa
1306 3106 1428 3175 quis
1455 3113 1639 3176 posset
1667 3104 1977 3175 ltujusmodi
2011 3112 2063 3161 et
2088 3120 2315 3160 numero

738 3201 941 3268 majora
985 3214 1291 3255 recensere.
1332 3200 1630 3266 Quamdam
1678 3200 1821 3254 enim
1861 3198 2159 3266 mulierem,
2195 3213 2314 3268 qua:

736 3294 790 3347 in
825 3294 941 3348 vico
982 3292 1346 3347 Bctabudison
1375 3309 1495 3348 cum
1528 3295 1720 3348 marito
1749 3292 2047 3356 habitabat,
2086 3291 2312 3346 meridie

736 3386 882 3439 domi
916 3384 1207 3454 aliquando
1254 3386 1555 3448 sedentem,
1603 3386 1785 3454 gravis
1818 3384 2024 3437 invadit
2062 3382 2309 3447 dtemon;

734 3486 785 3529 et
818 3486 962 3533 totos
992 3478 1207 3546 quidem
1254 3493 1347 3531 sex
1375 3493 1590 3531 menses
1624 3494 1746 3531 cum
1793 3491 1852 3530 ea
1895 3475 2309 3539 colluctabatur,

734 3570 934 3623 marito
968 3580 1148 3624 autem
1179 3580 1354 3623 morte
1391 3570 1537 3623 omni
1563 3569 1899 3623 acerbiorem
1932 3567 2201 3623 eﬂicicbat
2229 3568 2310 3623 vi-

734 3673 868 3715 tam.
894 3660 1027 3715 Cum
1064 3662 1243 3730 itaque
1276 3663 1319 3716 is
1345 3676 1467 3715 eum
1505 3677 1689 3715 casum
1717 3662 2116 3715 intolerabilem
2150 3662 2311 3715 liabe-

733 3762 836 3817 ret,
868 3768 967 3807 nec
996 3752 1157 3806 ullam
1187 3762 1369 3822 posset
1400 3753 1657 3807 molestia:
1705 3753 1948 3807 invenire
1982 3753 2309 3808 consolatio-

734 3861 875 3907 nem,
911 3846 1191 3901 constituit
1216 3846 1280 3898 ad
1306 3861 1559 3915 magnum
1585 3846 1897 3913 confugere.
1941 3846 2004 3898 Et
2030 3845 2309 3912 coniugem

733 3954 1014 3993 assumens
1032 3938 1103 3991 ita
1122 3938 1303 3993 furore
1329 3938 1605 4006 percitam,
1631 3937 1913 3990 venitcum
1939 3951 2001 3991 ea
2030 3938 2093 3990 ad
2119 3952 2307 3991 mona-

732 4033 956 4086 5terium
981 4031 1115 4102 (92.)
1147 4030 1411 4097 Quoniam
1432 4046 1561 4085 vero
1593 4046 1696 4084 non
1720 4030 1842 4084 licet
1877 4032 2103 4085 introire
2119 4032 2309 4085 mulie-

735 4125 901 4188 ribus,
932 4125 1206 4179 assidebat
1256 4124 1342 4177 illa
1390 4124 1442 4177 iu
1481 4125 1764 4189 vestibulo,
1810 4122 2015 4178 faciens
2050 4140 2168 4192 quae
2211 4140 2309 4193 po-

731 4226 894 4282 terat,
918 4218 1125 4286 jejunio
1154 4227 1310 4269 utens
1334 4226 1387 4269 et
1408 4216 1673 4279 oratioae,
1700 4217 2036 4285 singulisque
2069 4219 2310 4284 vesperis

735 4309 928 4363 bibens
960 4324 1025 4362 ex
1059 4308 1226 4361 theca:
1258 4322 1395 4376 aqua
1424 4306 1787 4372 sanctiﬁcata,
1820 4324 1941 4361 cum
1975 4310 2095 4362 oleo
2131 4309 2309 4362 lucer-

734 4415 833 4455 nae.
868 4399 1035 4453 Porro
1070 4400 1227 4453 tertia
1268 4400 1619 4467 consequenti
1658 4407 1835 4463 nocte,
1871 4400 1917 4452 ei
1952 4415 2179 4469 magnus
2210 4414 2301 4467 ap-

732 4510 927 4563 parens
977 4494 1295 4564 Eutliymius
1340 4512 1351 4545 :
1395 4493 1556 4558 Ecce,
1606 4492 1800 4561 inquit,
1855 4508 1987 4546 sana
2038 4491 2179 4545 facla
2226 4510 2304 4555 es,

2435 630 2609 700 ἔχοντι
2637 630 2716 698 τῷ
2740 630 3011 701 Βαρὸἀρῳ
3040 631 3412 697 ἐπικλασθεὶς,
3435 631 3769 702 ἀναιροῦμαι
3798 634 3898 685 σὺν
3916 637 4034 693 τοῖς

2432 721 2692 793 ἀνδράσιν
2723 722 2908 787 αὑτὸν,
2940 726 3033 776 καὶ
3071 726 3136 793 τῇ
3158 724 3251 776 τοῦ
3277 724 3435 791 ἁγίου
3460 723 3602 797 θήκῃ
3628 724 3895 793 προσάγω
3917 742 3933 754 ·
3966 726 4031 776 ἶν’

2432 813 2553 867 ὅθεν
2584 814 2792 883 ἐπλήγη
2824 817 2891 884 τῇ
2921 817 3195 885 συμφορᾷ,
3225 815 3433 867 ἐκεῖθεν
3458 814 3607 885 εὖροι
3636 817 3729 867 καὶ
3754 816 3819 868 τὸ
3851 817 4029 868 κακοῦ

2434 906 2743 975 φάρμακον.
2778 906 2885 960 Τοῦ
2917 907 3025 977 γὰρ
3051 908 3239 972 αὑτοῦ,
3269 908 3363 961 καὶ
3396 908 3673 961 παιδεύειν
3704 908 3795 960 διὰ
3814 910 4023 979 0521:5-

2431 1017 2589 1068 τητα,
2626 1002 2718 1052 καὶ
2754 999 3079 1070 θεραπεύειν
3113 1000 3276 1053 πάλιν
3328 1000 3414 1054 διὰ
3445 1000 3891 1070 φιλανθρωπίαν.
3928 1003 4026 1053 Τε-

2432 1093 2542 1155 θεὶς
2566 1088 2657 1146 οὖν
2681 1096 2707 1147 ὁ
2741 1095 2965 1164 πάσχων
2995 1094 3143 1165 παρὰ
3172 1095 3237 1161 τῇ
3275 1094 3437 1163 θήκῃ,
3467 1095 3561 1147 καὶ
3586 1094 3777 1163 χρόνον
3803 1094 3939 1161 ἑξῆς
3964 1097 4023 1145 ο)

2431 1187 2598 1240 πολὺν
2630 1188 3002 1257 παραμείνας,
3041 1185 3286 1257 εὑρίσκει
3325 1189 3423 1259 τὴν
3453 1188 3757 1259 θεραπείαν
3791 1188 4022 1256 μείζονα

2429 1280 2527 1349 τῆς
2575 1280 2879 1349 αἰτήσεως”
2926 1281 2986 1332 οὐ
3042 1280 3137 1331 τοῦ
3195 1281 3400 1339 πάθους
3446 1282 3607 1351 μόνον
3656 1283 4019 1348 ἀπαλλαγεὶς,

2429 1372 2563 1424 ἀλλὰ
2587 1372 2678 1425 καὶ
2702 1372 2958 1445 θειοτέρῳ
2994 1374 3187 1441 φέγγει
3224 1374 3321 1443 τὴν
3351 1373 3530 1444 ψυχὴν
3561 1375 4018 1442 περιαυγασθεὲς,

2431 1462 2523 1515 καὶ
2549 1463 2783 1535 ἡμέραις
2810 1466 2869 1518 οὐ
2900 1463 3123 1526 πολλαῖς
3148 1462 3375 1533 ὕστερον
3406 1465 3836 1535 βυτ-τισάμενος.

2499 1647 2675 1701 PME'.
2710 1647 2815 1701 Τοῦ
2839 1647 2895 1701 δὲ
2924 1646 3089 1702 αὑτοῦ
3120 1647 3341 1702 Θαλὰὂα
3372 1648 3463 1700 καὶ
3496 1647 3747 1717 ἀδελφιδῆ
3766 1666 3852 1710 τις
3878 1652 4020 1701 ἀκα-

2428 1739 2611 1809 θάρτῳ
2642 1740 2910 1809 πνεύματι
2963 1742 3338 1810 κεκυρῐευται.
3395 1740 3877 1810 Μετακομισθεέσῃ
3905 1743 4015 1791 τοξ-

2427 1850 2520 1885 νυν
2550 1832 2765 1887 ἀπὸτοῦ
2797 1833 3073 1902 Λαζαρίου
3100 1834 3195 1886 καὶ
3231 1834 3366 1904 αὐτῇ
3396 1833 3531 1904 πρὸς
3565 1834 3662 1905 τὴν
3683 1832 3777 1887 τοῦ
3815 1834 4018 1903 λειψά-

2432 1942 2522 1977 νου
2579 1914 2753 1994 θήκην
2775 1943 2789 1957 υ
2822 1924 2949 1994 τῇδε
2998 1924 3106 1994 γὰρ
3144 1925 3172 1976 ὀ
3200 1925 3449 1987 Θαλάϐας
3510 1924 3644 1995 ᾤκει
3666 1942 3679 1956 ·
3713 1925 4018 1997 φάρμακον

2432 2018 2531 2086 μὲν
2578 2016 2731 2069 οὐδὲν
2763 2016 2971 2085 ἕτερον,
3004 2015 3119 2068 ἀλλ’
3159 2015 3192 2085 ἢ
3238 2017 3299 2069 τὸ
3328 2018 3393 2070 ὲκ
3448 2018 3547 2086 τῆς
3601 2016 3760 2085 σοροῦ
3802 2017 4019 2084 ταύτης

2429 2110 2677 2178 ἁγίασμα
2716 2109 3174 2179 προσχριόμενον·
3226 2109 3433 2179 ἡμέραι
3483 2109 3540 2161 δὲ
3591 2109 3699 2161 τῶν
3724 2108 3898 2178 τριῶν
3954 2111 4016 2160 οὑ

2428 2198 2670 2263 πλείους,
2710 2198 2846 2268 πρὸς
2878 2198 3090 2251 τελείαν
3126 2198 3389 2269 ἀρκοῦσιν
3417 2198 3737 2267 ἀπαλλαγὴν
3768 2199 3863 2251 τοῦ
3902 2202 4020 2249 πιέ-

2425 2290 2629 2354 ζοντος.

2497 2382 2688 2449 ΡΜεΓ.
2719 2383 2785 2435 Τί
2813 2382 2859 2436 δ’
2894 2383 2960 2437 ἂν
2988 2384 3055 2436 τὰ
3086 2385 3224 2438 κατὰ
3256 2384 3346 2437 τὸν
3390 2384 3695 2454 Ἀγαρηνοῦ
3730 2385 3897 2437 παῖδα
3933 2384 4020 2436 εἶ-

2426 2494 2548 2539 ποις
2605 2475 2859 2545 Ἀργώὸς
2914 2476 3073 2529 τοῦτο
3098 2476 3259 2547 γάρὸ
3300 2476 3484 2547 πατὴρ
3533 2478 3816 2530 ἐκαλεῖτοο
3862 2477 4020 2537 ὅστις

2423 2566 2527 2620 ἀνὰ
2555 2567 2653 2636 τὴν
2688 2567 2891 2637 ἔρημον
2920 2569 3214 2637 θρέμματα
3243 2569 3447 2638 νέμων,
3500 2569 3699 2638 μιαροῦ
3722 2586 3870 2631 τινος
3902 2570 4021 2619 ἑπι-

2423 2658 2763 2727 πηδήσαντος
2811 2660 2959 2731 αὐτῷ
2992 2660 3269 2730 δαίμονος,
3316 2663 3377 2713 οὐ
3406 2662 3609 2731 φρένας
3649 2662 3828 2731 μόνον,
3876 2662 4021 2714 ἀλλὰ

2422 2749 2516 2802 καὶ
2542 2750 2663 2820 δψιν
2689 2750 2858 2821 αὐτὴν
2889 2754 2983 2805 καὶ
3012 2752 3325 2823 ὀφθαλμοὺς
3355 2755 3677 2823 διάστροφος
3711 2749 3798 2824 ἦν.
3832 2755 4021 2821 Προσ-

2420 2844 2661 2912 ενεχθεὶς
2689 2844 2745 2896 δὲ
2781 2846 2876 2897 καὶ
2902 2839 3057 2907 οὗτος
3088 2849 3152 2916 τῇ
3207 2846 3299 2899 τοῦ
3338 2846 3596 2914 λειψάνου
3623 2847 3788 2917 θήκῃ,
3827 2847 4017 2899 πάντα

2419 2934 2478 2988 ὲν
2503 2934 2698 3004 βραχεῖ
2723 2936 3069 3006 ἀειορθοῦται,
3101 2940 3197 2992 καὶ
3229 2940 3368 2992 κατὰ
3410 2937 3593 3009 χώραν
3624 2940 3834 2992 ἕκαστα
3868 2939 4021 3009 ἔχων

2417 3027 2494 3099 τῷ
2528 3030 2699 3100 πατρὶ
2720 3030 3056 3085 ἀποδίδοται.

2488 3119 2666 3176 PMZ'.
2700 3122 2877 3177 Πολλά
2928 3142 3009 3187 τις
3048 3124 3112 3177 ἂν
3167 3126 3281 3194 ἔχοι
3340 3125 3566 3178 τοιαῦτα
3627 3126 3722 3177 καὶ
3771 3125 4021 3193 ἀριθμοῦ

2342 3236 2383 3293 C
2420 3214 2703 3283 κρείττονα
2728 3216 3071 3284 καταλέγειν.
3098 3218 3322 3270 Γυναικὶ
3347 3218 3456 3288 γάρ
3473 3218 3735 3271 τινικατὰ
3747 3220 3845 3287 τὴν
3871 3217 4023 3288 Βητ»

2417 3305 2719 3359 αδουδισῶν
2762 3306 2957 3378 κώμην
2998 3308 3153 3379 ἀνδρὶ
3189 3309 3531 3379 συνοικούσῃ.
3573 3310 3927 3379 μεσημϐρίας
3960 3312 4023 3361 ἐν

2415 3397 2493 3467 τῷ
2522 3400 2653 3468 οἴκῳ
2677 3399 2807 3452 ποτὲ
2842 3400 3150 3471 καθημένη,
3186 3401 3420 3470 χαλεπὸς
3440 3402 3729 3454 ἐπιπίπτει
3756 3403 3977 3471 δαίμων
4004 3419 4018 3431 ’

2415 3491 2509 3543 καὶ
2532 3492 2597 3559 τῇ
2634 3490 2732 3558 μὲν
2757 3492 2885 3559 παρ’
2918 3492 3075 3555 ὅλους
3101 3493 3240 3545 ἐπτὰ
3277 3493 3649 3562 προσεπά).αιε
3680 3494 3861 3562 μῆνας
3883 3510 3895 3520 °
3936 3494 4021 3561 τῷ

2414 3581 2471 3633 δὲ
2499 3581 2653 3649 ἀνδρὶ
2681 3584 3017 3652 πικροτέραν
3069 3584 3302 3637 θανάτου
3350 3584 3553 3645 παντὸς
3587 3586 3883 3653 εἰργάζετο
3911 3587 4021 3651 τὴν

2416 3672 2584 3743 ζωήν.
2623 3674 2935 3743 ’Δφορήτως
2985 3672 3080 3728 οὖν
3114 3679 3323 3739 ἐκεῖνος
3380 3677 3519 3747 ἔχων
3568 3678 3664 3729 ἐπὶ
3700 3678 3780 3747 τῷ
3817 3679 4017 3733 πάθει.

2415 3770 2508 3823 καὶ
2532 3769 2787 3839 οὐδεμίαν
2823 3770 3121 3841 δυνάμενος
3156 3773 3339 3841 εὑρεῖν
3371 3773 3466 3825 τοῦ
3489 3770 3791 3833 λυποῦντος
3835 3790 4022 3841 παρα-

2414 3860 2614 3929 ψυχὴν,
2644 3861 2735 3913 ἐπὶ
2759 3860 2847 3912 τὸν
2874 3864 3049 3928 μέγαν
3081 3861 3219 3927 ἔγνω
3243 3862 3603 3929 καταφυγεῖν.
3642 3859 3753 3911 Καὶ
3774 3859 3876 3927 τὴν
3914 3860 4016 3910 az}.

2417 3948 2579 4015 ζυγον
2612 3948 2753 4001 οὕτω
2799 3956 3106 4018 μεμηνυῖαι)
3143 3950 3499 4021 παραλαϐὼν,
3550 3952 3867 4019 ἀφικνεῖται
3914 3954 4024 4003 σὺν

2418 4041 2556 4109 αὐτῇ
2591 4042 2725 4110 πρὸς
2755 4042 2814 4093 τὸ
2850 4044 3232 4111 μοναστήριον.
3276 4044 3428 4095 Ἐπεὶ
3466 4043 3520 4095 δὲ
3546 4044 3605 4095 οὗ
3667 4043 3878 4111 βάσιμα
3912 4062 4024 4110 γυ-

2414 4132 2555 4197 ναιξὶ
2594 4133 2661 4185 τὰ
2719 4133 2887 4197 ἔνδον,
2924 4134 3259 4203 προσήδρευε
3292 4134 3366 4204 τῷ
3403 4134 3627 4197 πυλῶνι,
3676 4135 3742 4186 τὰ
3804 4135 4028 4188 δυνατα

2414 4224 2664 4288 ποιοῦσα,
2698 4227 2919 4296 νηστεέᾳ
2966 4244 3021 4277 τε
3052 4229 3305 4297 χρωμένη
3338 4228 3432 4277 καὶ
3456 4230 3755 4296 προσευχῇ,
3789 4230 3885 4278 καὶ
3919 4228 4025 4279 τοῦ

2412 4317 2513 4384 τῆς
2544 4316 2718 4385 θήκης
2748 4319 3090 4387 ἁγιάσματος
3123 4320 3360 4385 ἑκάστης
3392 4320 3649 4388 ἑσπέρας.
3706 4320 3807 4370 σὺν
3840 4321 4024 4387 ἐλαίαν)

2412 4410 2509 4479 τῆς
2562 4412 2901 4479 φωταγωγοῦ
2954 4413 3202 4463 πίνουσα·
3257 4412 3428 4483 τρίτῃ
3460 4411 3515 4463 δέ
3649 4413 3775 4479 ἑξῆς
3826 4414 4024 4473 νυκτὶ.

2414 4503 2700 4571 ἐπιφανεὶς
2727 4504 2861 4573 αὑτῇ
2881 4505 2907 4555 ὁ
2938 4505 3107 4571 μέγας
3127 4502 3421 4570 Εὑθύμιος,
3445 4505 3547 4555 Ἴδε
3570 4505 3729 4570 ὑγιὴς
3748 4504 4023 4569 γέγονας.

729 4588 865 4641 vade
899 4588 950 4640 in
997 4587 1215 4639 domum
1274 4596 1462 4639 tuam:
1504 4585 1799 4653 statimque
1837 4596 1889 4639 et
1951 4587 2170 4639 morbus
2223 4597 2303 4639 cst

2419 4596 2673 4662 ἐπιλέγει,
2701 4596 2938 4667 πορεύου
2972 4598 3051 4658 εἰς
3080 4597 3169 4649 τὸν
3193 4594 3342 4649 οἶκόν
3382 4614 3498 4650 σου.
3533 4597 3643 4648 Καὶ
3676 4596 3711 4665 ἦ
3743 4612 3807 4648 τε
3857 4598 4027 4657 νότος

729 4679 1044 4740 dissolutus,
1082 4689 1134 4731 et
1165 4679 1400 4732 cessavit
1434 4678 1664 4738 insania,
1724 4679 1881 4732 demu
1908 4694 2051 4746 nque
2116 4680 2308 4732 n:ul.er

729 4772 925 4826 mentis
958 4786 1174 4841 compos
1218 4772 1524 4825 revertitur.
1571 4771 1653 4823 Ab
1692 4772 1783 4825 illo
1820 4782 1999 4826 autem
2042 4782 2301 4840 temp-ire,

728 4874 916 4933 utpote
948 4878 1155 4918 memor
1182 4863 1429 4918 beneﬁcii
1459 4878 1485 4916 a
1526 4861 1726 4917 Sancto
1755 4865 1983 4933 accepti,
2011 4867 2306 4934 quotannis

728 4958 981 5011 veniebat
1006 4957 1072 5009 ad
1099 4958 1504 5019 monasterium,
1527 4957 1811 5025 ipsumque
1841 4957 2001 5011 limen
2030 4970 2082 5011 et
2107 4958 2303 5025 solum,

728 5054 872 5118 quod
926 5060 1007 5106 est
1061 5062 1186 5105 ante
1230 5051 1553 5121 ingressum,
1588 5059 1642 5105 et
1678 5049 1951 5117 pulverem
2002 5051 2304 5118 complexa,

730 5144 1011 5198 ardentius
1056 5143 1421 5207 osculabatur,
1476 5155 1637 5212 atque
1686 5144 1881 5196 fratres
1930 5143 2193 5198 invitabat
2239 5148 2305 5199 ad

729 5236 1064 5298 convivium,
1082 5244 1135 5288 et
1153 5250 1312 5302 quam
1338 5235 1728 5289 humanissime
1746 5235 2299 5303 poterataccipiebat.

730 5330 796 5382 Et
824 5330 925 5384 hoc
972 5328 1186 5398 quidem
1223 5340 1304 5384 est
1340 5328 1626 5397 ejusmodi,
1672 5329 1861 5397 sicque
1897 5343 1996 5384 nee
2035 5328 2308 5399 prioribus

728 5419 872 5475 cedit
906 5420 1295 5489 magnitudine.

2415 4688 2574 4750 εὐθὺς
2604 4688 2853 4751 suum,
2888 4691 2981 4741 καὶ
3026 4690 3093 4742 τὰ
3147 4693 3243 4758 τῆς
3284 4690 3477 4759 μανίας
3529 4689 3796 4740 exuritur
3830 4690 3930 4741 καὶ.
3989 4694 4023 4755 ἡ

2415 4782 2550 4851 γυνὴ
2584 4782 2876 4853 σωφρόνως
2908 4782 3124 4849 ἔχουσα,
3154 4783 3335 4836 οἴκαδε
3372 4782 3617 4850 ἑπαιῄει.
3670 4781 3760 4845 Ἐξ
3795 4782 4025 4833 ἐκείνοι

2413 4874 2469 4925 δὲ
2496 4872 2747 4944 καθάπερ
2776 4876 3304 4945 ἀπομνημονεύουσα
3332 4877 3430 4945 τῆς
3468 4876 3686 4944 χάριτος
3732 4874 3812 4943 τῷ
3848 4874 4024 4942 ἁγίῳ.

2416 4967 2694 5033 ἁφικνείτό
2720 4984 2775 5019 τε
2807 4969 2943 5037 πρὸς
2974 4968 3030 5020 τὸ
3070 4970 3429 5038 μοναστῆριον
3479 4968 3730 5036 ἐτησίως,
3771 4968 3874 5019 καὶ
3921 4972 4027 5035 τὴν

2410 5058 2573 5127 φλιάν
2615 5059 2786 5127 αὐτὴν
2813 5061 2906 5111 καὶ
2936 5062 2996 5111 τὸ
3040 5059 3233 5127 ἓδαιξος
3266 5060 3370 5129 πρὸ
3400 5058 3501 5127 τῆς
3528 5057 3757 5118 εἰσόδου,
3790 5058 3894 5108 καὶ
3924 5061 4025 5124 τῆ».

2412 5150 2560 5203 κόνιν
2608 5150 2877 5221 φιλήματι
2932 5152 3249 5221 θερμοτέρῳ
3276 5151 3725 5220 τεριεπτύασετο,
3752 5149 3855 5200 καὶ
3888 5152 4031 5207 τοὺς

2411 5243 2673 5310 ἀδελφοὺς
2710 5244 2903 5308 εἱστία,
2938 5245 3031 5296 καὶ
3070 5245 3143 5305 ὡς
3174 5248 3203 5313 ἠ
3237 5238 3663 5312 δύναμι;,εἶχεν
3706 5241 4028 5305 ἐδεξιοῦτο.

2409 5335 2519 5386 Καὶ
2553 5334 2709 5387 τοῦτο
2737 5337 2833 5405 μὲν
2857 5336 2921 5405 δὴ
2945 5336 3207 5390 τοιοῦτον.
3240 5336 3352 5387 Καὶ
3380 5335 3521 5388 οὕτω
3548 5332 3822 5403 μεγέθους
3851 5333 4032 5403 χάριν

2408 5428 2527 5480 οὐδὲ
2561 5438 2581 5465 ι
2605 5428 2712 5481 τῶν
2742 5428 2969 5481 κατόπιν
2996 5428 3447 5497 ἀπολειπόμενον.

2038 5519 2268 5575 VARI/Ei
2303 5520 2705 5577 LECTIONES.

800 5620 821 5644 ³
855 5610 927 5666 al.
957 5609 1137 5664 οὐδέν.

1885 5707 2075 5763 JOAN.
2121 5708 2460 5765 BOLLANDI
2506 5712 2736 5768 NOTAE.

800 5803 907 5868 (Ἠ)
942 5802 1058 5855 Non
1094 5802 1255 5855 licere
1291 5803 1496 5854 mulieri
1538 5803 1589 5854 in
1619 5803 1822 5856 lauram
1850 5806 2109 5861 accedere
2140 5806 2301 5858 tradit
2362 5806 2499 5862 idem
2537 5810 2586 5862 in
2629 5808 2747 5862 Vita
2780 5810 2837 5864 S.
2902 5809 3127 5865 Joannis
3166 5809 3485 5865 Silentiarii.
3524 5807 3715 5863 Simile
3742 5807 3821 5864 Ile
3849 5826 4029 5867 man-

730 5872 821 5933 daui
846 5879 899 5928 δ.
935 5874 1219 5944 ὃτιιιοιηιίε
1253 5875 1459 5943 διγῖἰιξε
1490 5874 1519 5925 ὃ
1543 5873 1659 5926 Jan.
1695 5886 2071 5929 memoratum.
