4104 6486
104 461 144 519 ἰ’
159 455 220 518 Ξ]

1453 458 1571 520 ἰΤΑ
1610 461 1666 520 S.
1711 461 2125 526 EUTHYMIT.

3297 470 3410 535 722

183 568 376 619 PMH’.
425 566 632 619 Ἐκεῖνο
677 566 732 619 δὲ
783 566 876 619 καὶ
907 566 1068 630 dicit;
1096 568 1124 620 ὁ
1158 568 1254 637 τὴν
1286 567 1551 640 ἐπήρειαν
1577 579 1664 624 om

1768 585 1785 631 ι
1886 571 2167 630 CXLVIII.
2213 575 2350 630 Illud
2393 582 2572 630 autem
2603 577 2647 631 is
2683 589 2901 648 quoque
2932 579 3024 648 qui
3057 579 3225 635 subiit
3260 582 3402 636 cala-

99 657 265 720 στὰς,
339 659 436 710 καὶ
492 659 644 728 παρὰ
673 657 749 728 τῷ
782 657 872 710 τοῦ
920 658 1077 725 ἁγίου
1113 659 1266 729 τάφῳ
1297 662 1578 731 τρυγήσας
1609 662 1707 733 τὴν

94 749 434 816 Θεραπεία-λ,
454 755 520 822 τῇ
549 753 684 820 μονῇ
716 750 795 802 ἔτι
820 750 1044 820 περιὼν,
1067 753 1158 804 καὶ
1181 747 1260 815 εἷς
1286 754 1394 807 τῶν
1416 758 1545 825 παρ’
1569 757 1701 826 αὐτῇ

101 841 371 910 μοναχών
427 841 535 906 ὣν,
600 843 775 912 οἰκεία
806 843 1020 916 γλώττῃ
1053 845 1145 896 καὶ
1202 848 1354 915 φωνῇ
1410 851 1698 918 μαρτυρεῖ.

98 931 263 981 Ἐστι
299 931 411 1000 γάρ
451 949 536 994 τις
585 932 812 1000 ἀδελφὸς
843 935 900 985 ἐν
931 933 1007 1004 τῷ
1046 937 1430 1006 μοναστηρίῳ,
1465 939 1523 989 τὸ
1545 939 1703 1005 γένος

95 1019 379 1090 Γαλάτης,
417 1024 516 1091 τὴν
546 1024 738 1092 κλῆσιν
782 1025 1111 1094 Προκόπιος.
1173 1019 1338 1090 Οὗτος
1371 1028 1462 1080 οὖν
1495 1032 1523 1082 ὁ
1560 1031 1700 1099 Προ-

94 1109 322 1174 γοπιος,
373 1113 432 1162 ὲν
485 1113 782 1175 πολιτικοῖς
832 1113 912 1166 ἔτι
957 1114 1207 1186 θορύϐοις
1241 1119 1331 1169 καὶ
1373 1120 1697 1188 πράγμασιν

91 1202 197 1264 ὢν,
231 1205 463 1273 πονηρῷ
507 1207 814 1275 κατεσχέθη
849 1208 1153 1276 πνεύματι,
1205 1212 1298 1263 καὶ
1333 1211 1488 1264 τοῦτο
1522 1214 1696 1266 σύνοι-

87 1313 192 1346 κον
219 1293 341 1365 εἶχε
387 1297 546 1367 μέχρι
580 1299 797 1365 πολλοῦ,
827 1303 1074 1370 κρυφίως
1119 1304 1280 1356 αὑτὸν
1313 1306 1690 1374 ἐκδειματοῦν,

89 1391 191 1438 καὶ
219 1391 465 1459 ταράχου
498 1393 567 1442 τα
617 1392 764 1444 ἔνδον
810 1394 1082 1462 πληροῦνο
1129 1395 1318 1467 ὥσπερ
1369 1399 1528 1461 αὐτὸς
1572 1400 1693 1467 ἐμοὶ

86 1479 426 1547 διηγήσατο.
472 1483 625 1535 Ἐπεὶ
650 1483 706 1536 δὲ
731 1485 820 1536 τὸν
849 1485 1052 1554 κόσμον
1104 1489 1277 1540 λιπὼν
1309 1490 1384 1560 τῷ
1417 1507 1692 1561 μοναστη-

90 1569 195 1634 pitu
253 1571 661 1640 προσέδραμεν,
711 1573 992 1644 εἰσεδέχθη
1016 1594 1072 1628 τε
1126 1578 1276 1646 παρὰ
1306 1579 1400 1644 τῆς
1444 1580 1689 1641 συνοδίας

81 1659 197 1708 τὼν
241 1660 516 1727 ἀδελφῶν,
583 1664 678 1715 καὶ
725 1667 788 1734 τῇ
849 1667 941 1716 τοῦ
996 1667 1247 1734 λειςιάνου
1309 1671 1685 1738 προσεκύνησε

85 1751 256 1818 θήκῃ,
289 1752 354 1802 τὸ
381 1753 617 1822 πονηρὸν
643 1756 805 1817 εὐθὺς
838 1757 1158 1827 ἀπηλέγχθη
1185 1760 1420 1828 πνεῦμα,
1451 1764 1526 1825 ὡς
1560 1767 1684 1819 σκό-

79 1858 176 1900 τος
203 1843 314 1893 ὑπὸ
345 1844 545 1910 φωτὸς,
578 1846 673 1898 καὶ
729 1849 806 1910 εἰς
841 1850 1077 1918 ἐμφανὲς
1119 1852 1316 1921 ἤγετο,
1350 1858 1442 1906 καὶ
1477 1858 1684 1928 Προκόο

1814 665 2058 720 mitatem
2107 677 2161 721 et
2214 668 2279 722 ad
2319 667 2502 722 Sancti
2550 670 2859 738 sepulcrum
2895 672 3233 726 curationem
3276 690 3402 742 per-

1812 756 1973 820 cepit,
2010 757 2187 810 adhuc
2230 766 2512 826 superstes
2548 759 2600 812 in
2633 764 2983 828 monasterio,
3027 779 3166 819 unus
3211 780 3276 819 ex
3334 767 3401 820 iis

1810 845 1899 912 qui
1943 846 1993 898 in
2036 860 2101 900 eo
2131 858 2253 901 sunt
2289 850 2592 914 monachis,
2635 865 2728 903 sua
2764 851 2947 920 lingua
3004 863 3056 908 et
3086 870 3218 910 voce
3244 859 3398 912 testi-

1811 935 2024 990 licatnr.
2063 936 2158 992 Est
2186 939 2330 992 enim
2357 941 2578 1008 quidam
2618 940 2786 995 frater
2816 943 2868 996 in
2915 948 3268 1011 monasterio,
3306 963 3399 1016 ge-

1807 1039 1936 1078 nere
1964 1026 2174 1093 Galata,
2205 1028 2426 1083 nomine
2451 1029 2770 1101 Procopius.
2795 1031 2893 1086 Hic
2921 1047 3050 1101 ergo
3073 1035 3394 1104 Procopius,

1805 1132 1924 1170 cum
1946 1120 2121 1175 adhuc
2154 1123 2205 1174 in
2239 1122 2489 1178 civilibus
2517 1136 2839 1179 versaretur
2863 1127 3182 1183 tumultibus
3212 1140 3266 1184 et
3295 1148 3395 1184 ne-

1803 1209 1996 1277 gotiis,
2037 1221 2332 1278 occupatus
2385 1212 2488 1267 fuit
2525 1230 2552 1268 a
2606 1214 2797 1282 spiritu
2852 1231 3105 1286 nequam,
3156 1234 3393 1289 eumque

1801 1299 1889 1352 diu
1949 1300 2136 1355 habuit
2169 1303 2329 1356 simul
2380 1306 2736 1370 habitantem,
2788 1309 3003 1362 occulte
3055 1317 3376 1372 terrentem,

1798 1403 1852 1444 et
1900 1392 2226 1447 intrinsecus
2261 1395 2566 1462 opplentem
2624 1399 2883 1466 strepitu,
2915 1400 3066 1453 sicut
3103 1399 3219 1469 ipse
3256 1404 3388 1456 mihi

1800 1486 2067 1538 narravit.
2108 1485 2396 1554 Postquam
2445 1497 2622 1540 autem
2666 1490 2855 1544 relicto
2891 1491 3092 1545 smculo
3139 1493 3379 1547 occurrit

1797 1573 1863 1624 ad
1897 1576 2306 1640 monasterium,
2350 1586 2402 1629 et
2433 1593 2459 1630 a
2501 1589 2768 1632 conventu
2819 1581 3048 1635 fratrum
3095 1595 3384 1650 susceptus

1793 1673 1898 1728 est,
1931 1675 2092 1731 atque
2124 1668 2476 1736 reliquiarum
2511 1684 2728 1742 capsam
2758 1671 3025 1736 adoravit,
3051 1675 3231 1728 statim
3265 1676 3370 1742 spi.

1794 1757 1931 1808 ritus
1979 1773 2209 1824 nequam
2256 1769 2340 1814 est
2382 1761 2699 1827 convlctus,
2741 1773 3020 1832 tamquam
3077 1767 3314 1823 tenebrae
3349 1785 3378 1822 a

1790 1843 1930 1907 luce,
1963 1853 2016 1898 et
2051 1847 2102 1899 in
2132 1857 2378 1915 apertum
2417 1849 2736 1917 productus,
2781 1861 2835 1904 et
2860 1853 3157 1921 Procopius
3192 1861 3378 1925 cegni-

81 1952 208 1996 πιος
253 1937 534 2004 δαιμονῶν
580 1939 927 2009 ἐγνωρίζετο,
985 1944 1161 1996 πάντα
1215 1947 1398 2000 ἐκεῖνα
1433 1950 1655 2020 πάσχων

1789 1944 1874 1988 tus
1912 1945 1992 1991 est
2031 1952 2153 1992 esse
2186 1939 2574 2003 daemoniacus,
2627 1944 2806 1996 omnia
2855 1944 2944 1997 illa
2981 1946 3212 2013 patiens,
3259 1963 3380 2016 qua:

73 2027 178 2076 ἐσα
210 2029 326 2088 τοῖς
349 2027 527 2090 οὓτως
571 2030 787 2098 ἔχουσιν
837 2032 960 2097 [δια.
995 2036 1334 2104 ρησσόμενός
1378 2056 1435 2090 τε
1465 2041 1674 2106 δεινῶς,

74 2119 172 2168 καὶ
195 2121 282 2180 εἰς
318 2121 423 2187 γῆν
475 2123 1005 2193 προσριπτούμενος,
1041 2127 1120 2178 ἔτι
1156 2129 1529 2200 δεσμούμενος
1577 2135 1676 2203 τὴν

73 2213 354 2275 γλῶτταν,
391 2216 484 2266 καὶ
519 2215 655 2284 μηδὲ
711 2219 958 2288 συνήθως
990 2218 1326 2288 φθέγγεσθαι
1371 2227 1678 2296 συγχωρούο

76 2319 259 2368 μενος.
323 2304 537 2374 ’Ὁνπερ
560 2305 623 2374 δὴ
650 2309 744 2358 καὶ⁸
768 2308 932 2360 αὑτὸν
986 2311 1014 2361 ὁ
1053 2311 1227 2380 μέγας
1257 2314 1422 2378 ἰᾶται,
1453 2319 1544 2368 καὶ
1579 2317 1672 2370 τοῦ

73 2394 280 2457 πάθους
319 2396 439 2464 ἃμα
490 2398 712 2466 καὶτῆς
765 2404 962 2468 μανίας
1014 2406 1107 2456 καὶ
1153 2404 1262 2457 tth
1294 2408 1391 2476 τῆς
1426 2408 1672 2478 γλώττης

71 2488 291 2554 δεσμῶν
349 2489 578 2541 ἀπολύει
602 2508 614 2519 ’
650 2491 790 2544 καθὰ
828 2495 922 2545 καὶ
961 2497 1041 2557 είς
1071 2497 1230 2568 δεῦρο
1281 2499 1470 2568 παρὼν
1504 2505 1560 2554 ὲν
1604 2507 1666 2573 τῇ

76 2584 208 2648 μονῇ
244 2581 570 2635 δείκνυται·
605 2586 707 2636 ούκ
739 2585 965 2649 ἀπαθῶς
994 2588 1154 2656 μόνον
1185 2591 1325 2659 ἔχων
1349 2596 1442 2645 καὶ
1477 2595 1667 2661 ὑγιῶς,

73 2675 202 2725 ἀλλὰ
243 2678 348 2728 καὶ
385 2678 714 2748 σωφροσύνῃ
744 2681 888 2751 πασῃ
919 2683 1012 2734 καὶ
1045 2683 1292 2754 ὑπομονῇ
1323 2687 1667 2755 διαπρέπων,

71 2766 280 2819 καὶτὸν
311 2770 556 2837 χρηστὸν
583 2770 755 2823 ἕλκων
794 2774 852 2824 ἐν
880 2774 1052 2844 ταύτῃ
1083 2776 1174 2827 τοῦ
1233 2777 1470 2845 Χριστοῦ
1505 2777 1666 2846 ζυγὸν

75 2861 209 2911 κατὰ
238 2860 504 2929 δύναμιν.

133 2977 320 3030 PMB‘.
357 2978 582 3039 Τούτοις
605 2979 898 3032 ἀκόλουθον
928 2981 996 3034 τὰ
1028 2984 1166 3036 κατὰ
1185 2983 1274 3036 τὸν
1297 2986 1668 3050 ξενικὸνέκεῖ-

69 3084 152 3118 νον
205 3068 533 3132 διεξελθεῖν.
595 3071 942 3141 Καθημένοις
974 3076 1081 3144 γάρ
1135 3093 1264 3129 ποτε
1311 3079 1447 3147 πρδς
1476 3083 1542 3150 τῇ
1570 3081 1663 3133 τοῦ

72 3159 446 3227 ;.ιοναστηρίου
506 3161 718 3229 εἰσόδῳ,
782 3165 874 3214 καί
910 3182 1032 3217 τινα
1085 3167 1305 3235 μαλώαν
1342 3169 1525 3238 ἔχουσι
1575 3173 1663 3225 διὰ

70 3253 244 3321 χειρὸς
279 3253 380 3304 καὶ
429 3253 822 3321 καθαίρουσιν,
885 3256 1097 3310 ἔπεισιν
1147 3262 1280 3328 ἡμῖν
1317 3259 1468 3323 οὗτος
1498 3265 1662 3334 ῥοίζῳ
1692 3257 1730 3310 C

70 3338 312 3407 μεγάλῳ,
355 3339 453 3390 καὶ
480 3340 754 3408 καταιγίδι
787 3345 1206 3414 παραπλησίως,
1235 3350 1340 3401 ὑπὸ
1371 3351 1466 3402 τοῦ
1492 3370 1660 3422 πονη-

68 3431 155 3498 ροῦ
213 3431 535 3500 πνεύματος
586 3433 940 3503 ἐλαυνόμενος
962 3479 976 3502 ,
1011 3439 1234 3507 κράζων
1255 3459 1312 3492 τε
1344 3442 1570 3514 λαμπρᾷ
1596 3450 1658 3517 τῇ

69 3527 245 3594 εωνῇ·
283 3524 352 3577 Τί
401 3526 526 3594 ἐμοὶ
552 3527 644 3578 καὶ
676 3528 784 3588 σοὶ,
807 3529 898 3580 τοῦ
933 3529 1068 3582 Θεοῦ
1101 3531 1339 3602 θεράπον
1382 3536 1654 3606 Haeduis;

67 3616 160 3666 :25
196 3633 266 3684 με
299 3617 404 3668 σὺν
439 3617 530 3686 βία
559 3617 775 3682 ’ἑλκειςς
821 3623 921 3672 ούκ
973 3623 1170 3692 ἔξειμι.
1211 3627 1442 3681 Ἔπειτα
1479 3632 1656 3700 ῥίπτει

64 3709 162 3775 “.th
189 3707 302 3759 τῶν
355 3709 542 3760 πυλῶν
590 3710 748 3760 αὐτὸν
778 3712 838 3762 τὸ
889 3718 1124 3782 πονηρὸν
1157 3719 1396 3788 πνεῦμα,
1457 3726 1656 3793 πτῶμα

64 3802 165 3861 τοῖς
199 3799 413 3868 ὁρῶσιν
446 3799 828 3855 ἐλεεινότατον.
893 3803 1250 3871 ’Λναστὰντες
1300 3807 1392 3863 οὖν
1439 3814 1535 3864 συν
1579 3814 1656 3882 τῷ

64 3891 295 3958 θυρωρῷ
324 3891 570 3960 Βαδύλᾳ,
605 3893 698 3944 καὶ
729 3896 878 3962 μόλις
903 3898 1064 3950 αὐτὸν
1113 3901 1450 3970 ἀνελόμενοι,
1503 3907 1656 3976 παρὰ

59 3983 147 4048 τὴν
165 3982 264 4033 τοῦ
295 3983 555 4049 λειψάνου
582 3983 758 4054 θήκην
789 3987 1125 4058 κατάγομεν.
1160 3992 1218 4045 '0
1243 3993 1300 4046 δὲ
1316 3994 1426 4049 τῶν
1450 3998 1653 4067 ὁμοίων

63 4077 143 4124 2'1".
173 4076 258 4126 ἔτι
310 4075 510 4142 ιρωνῶν
564 4077 739 4144 εἴχετο
763 4093 775 4105 ·
803 4079 865 4129 Τί
902 4080 1093 4148 βιαίως
1133 4082 1294 4147 οὕτω,
1350 4086 1508 4154 βοῶν,
1539 4089 1651 4143 δια-

64 4166 229 4217 σπᾶτέ
269 4183 335 4233 με
365 4170 459 4218 καὶ
500 4172 870 4238 κατασύρετε;
909 4172 958 4222 τί
994 4190 1059 4240 με
1091 4175 1225 4242 πρὸς
1263 4177 1352 4229 τὸν
1399 4180 1529 4249 ἐμὸν
1555 4199 1652 4233 πον

60 4257 240 4325 λῗμιον
279 4259 481 4322 ἄγετες
515 4259 568 4310 τί
600 4260 734 4327 προς
772 4262 860 4312 τὸν
894 4262 1087 4332 ἐχθρόν
1116 4282 1129 4327 ;
1175 4267 1225 4318 τί
1279 4269 1413 4338 πρὸς
1449 4272 1540 4323 τὸν
1563 4274 1651 4325 ἀεὶ

905 4354 928 4366 ,ε

59 4351 544 4419 κεταπιειπρῶντὰ
603 4369 668 4420 με
727 4354 969 4423 σσοδρῶς
1020 4356 1238 4422 ἕλκετε;
1295 4362 1355 4411 Ὢ
1392 4362 1549 4430 βίαςῐ
1587 4366 1646 4416 ού

62 4443 403 4510 πορεύσομαι
442 4443 564 4511 μεθ’
596 4444 768 4512 ὑμῶν,
804 4445 915 4495 ἀλλ’
968 4447 1280 4517 ἐξέρχομαι,
1338 4454 1429 4504 καὶ
1487 4456 1646 4507 πλέον

58 4541 141 4586 ’νζκ
174 4540 258 4587 ἔτι
293 4536 464 4602 μενῶ.
507 4537 656 4588 Ἐπεὶ
683 4538 738 4588 δὲ
766 4539 899 4607 πρὸς
930 4540 1077 4609 αὐτῷ
1101 4542 1176 4610 τῷ
1194 4543 1285 4595 τοῦ
1311 4546 1466 4612 ἁγίου
1490 4550 1645 4618 τάφῳ

63 4647 142 4680 rm
288 4627 488 4697 ξενικῷ
516 4627 684 4679 πολλὰ
707 4632 973 4698 καμόντες
1005 4635 1330 4701 γεγόναμεν,
1371 4640 1642 4694 καταϐαλ-

58 4721 123 4770 λει
149 4722 250 4773 καὶ
289 4720 456 4771 πάλιν
488 4721 648 4772 αὑτὸν
678 4722 703 4772 ὁ
728 4722 958 4790 δαίμων,
1003 4725 1095 4777 καὶ
1129 4728 1306 4780 πᾶσαν
1334 4730 1547 4798 ἄφωνος
1585 4735 1642 4785 τὸ

59 4815 314 4881 παράπαν
369 4813 584 4883 ἐκείνην
628 4813 727 4882 τὴν
782 4815 948 4868 νύκτα
993 4817 1296 4887 διαγαγὼν,
1347 4827 1642 4895 σωφρονῶν

58 4906 212 4956 iubs-2
234 4905 549 4972 καλτωῆςξων
573 4905 876 4968 ἀνίσταται,
909 4909 1028 4961 οὐδὲ
1064 4911 1235 4980 βραχῦ
1266 4914 1640 4982 λείψανοντὼν

1784 2037 1908 2080 sunt
1951 2029 2259 2085 hominibus
2313 2031 2386 2084 ita
2433 2031 2642 2086 aﬂ‘ectis
2699 2036 2916 2102 propria
2947 2076 2960 2097 ,
3011 2046 3071 2090 ut
3107 2039 3200 2107 qui
3236 2054 3376 2094 saeve

1783 2118 2216 2188 disrumperetur
2247 2133 2300 2177 et
2357 2124 2504 2178 humi
2542 2124 2924 2194 projiceretur,
2965 2129 3152 2185 adhac
3187 2129 3369 2198 lingua

1785 2209 2103 2277 vinciretur,
2147 2227 2246 2284 nec
2281 2215 2553 2270 sineretur
2611 2232 2710 2286 pro
2759 2233 2911 2274 more
2965 2221 3131 2291 loqui.
3198 2223 3367 2289 Quem

1781 2301 1952 2370 ipsmn
1987 2319 2201 2374 quoque
2235 2322 2463 2376 magnus
2486 2319 2661 2376 sanat,
2694 2321 2748 2364 et
2782 2311 2854 2365 ab
2888 2311 3180 2369 aﬂ‘ectione
3207 2315 3368 2369 simul

1778 2401 1830 2442 ct
1870 2391 2104 2458 insania,
2157 2404 2210 2448 et
2264 2395 2460 2465 linguis
2516 2397 2747 2453 vinculis
2802 2401 3074 2468 exsolvit;
3127 2401 3268 2457 sicut
3313 2404 3366 2458 in

1779 2483 2103 2537 hodiernum
2130 2501 2301 2555 usque
2327 2489 2468 2542 diem
2494 2491 2801 2545 ostenditur
2827 2507 3064 2562 praesens
3090 2495 3140 2548 in
3176 2509 3363 2550 mona-

1775 2575 1972 2640 sterio;
2010 2591 2113 2629 non
2145 2577 2318 2631 solum
2348 2594 2514 2633 sanus
2548 2590 2601 2634 et
2635 2597 2662 2633 a
2694 2583 2833 2636 malo
2868 2584 3029 2648 liber,
3063 2585 3155 2640 sed
3195 2589 3358 2641 etiam

1774 2665 1920 2716 omni
1968 2668 2326 2734 temperantia
2371 2677 2422 2722 et
2468 2669 2756 2725 tolerantia
2818 2673 3068 2742 insignis,
3103 2683 3266 2745 atque
3302 2676 3356 2730 in

1771 2770 1839 2810 co
1872 2758 2094 2812 trahens
2119 2773 2220 2825 pro
2257 2760 2462 2815 viribus
2494 2776 2662 2817 suave
2697 2764 2895 2819 Christi
2932 2765 3146 2835 jugum.

1843 2932 2071 2988 CXLIX.
2118 2935 2212 2990 IIis
2243 2951 2581 3007 consequens
2640 2941 2807 2996 fuerit
2854 2958 2915 2997 ea
2950 2948 3204 3012 persequi
3237 2963 3358 3015 quae

1769 3025 1834 3078 ad
1871 3024 2018 3078 illum
2056 3027 2404 3095 peregrinum
2436 3039 2705 3098 spectant.
2731 3031 3058 3089 Sedentibus
3085 3037 3231 3092 enim
3255 3039 3360 3092 ali--

1768 3115 1985 3182 quando
2013 3116 2065 3170 iu
2099 3121 2414 3173 monasterii
2444 3120 2716 3190 ingressu,
2748 3135 2802 3177 et
2835 3125 3067 3192 ligonem
3099 3127 3150 3182 iu
3195 3145 3357 3184 manu

1767 3206 2114 3271 habentibus,
2165 3218 2327 3278 atque
2383 3213 2744 3282 purgantibus
2790 3215 2966 3279 nobis,
3012 3217 3232 3273 advenit
3270 3219 3359 3275 hic

1767 3312 1888 3351 cum
1926 3313 2119 3367 magno
2161 3301 2363 3370 impetu
2395 3310 2448 3357 et
2483 3304 2744 3368 stridore,
2781 3320 2844 3359 ac
2878 3307 3052 3362 instar
3079 3313 3351 3378 procellae,

1771 3401 1797 3439 a
1833 3388 1972 3440 malo
1996 3389 2186 3456 spiritu
2217 3400 2370 3445 actus
2393 3435 2405 3458 ,
2450 3402 2613 3462 atque
2642 3394 2784 3448 clara
2820 3411 2957 3450 voce
2988 3400 3307 3458 exclamans
3339 3422 3352 3434 ·

1763 3476 1898 3540 Quid
1930 3478 2060 3531 mihi
2093 3487 2145 3531 et
2171 3481 2411 3544 tibi,'Dei
2450 3497 2607 3537 serve
2631 3483 2928 3554 Eutliymi?
2963 3485 3082 3552 Quo
3113 3504 3196 3544 me
3229 3506 3350 3545 cum

1765 3568 2017 3622 violentia
2063 3571 2417 3626 trahisiNon
2441 3589 2598 3628 exeo.
2639 3575 2842 3630 Deinde
2877 3593 2998 3630 eum
3041 3588 3167 3634 ante
3203 3579 3348 3636 fores

1763 3659 1982 3728 projicit
2028 3662 2252 3728 spiritus
2286 3678 2538 3731 nequam,
2595 3682 2722 3719 casn
2776 3667 3084 3723 videntibus
3117 3675 3352 3726 maxime

1763 3748 2083 3802 miserabili.
2132 3751 2431 3820 Surgentes
2482 3754 2644 3822 igitur
2690 3770 2810 3808 cum
2856 3756 3094 3824 janitore
3125 3757 3348 3830 Babyla.

1760 3854 1880 3892 cum
1911 3840 1994 3893 vix
2023 3856 2143 3894 eum
2172 3843 2619 3912 sustulissemus,
2645 3846 2715 3901 ad
2754 3846 3106 3916 reliquiarum
3133 3865 3349 3918 capsum

1757 3925 2102 3986 deducimus.
2149 3932 2244 3988 Ille
2284 3943 2463 3988 autem
2513 3936 2691 3992 adhuc
2719 3939 2926 3993 similes
2972 3954 3136 3995 voces
3186 3957 3346 3997 usur-

1757 4021 1938 4087 pabat,
1979 4022 2225 4078 clamans
2269 4041 2281 4079 :
2321 4023 2432 4079 Cur
2458 4041 2543 4080 me
2578 4029 2658 4083 sic
2710 4029 2975 4084 violenter
3007 4032 3265 4090 divellltis
3289 4047 3344 4089 ei

1757 4111 2107 4166 distrahitis?
2154 4114 2267 4167 Cur
2302 4129 2388 4168 me
2418 4115 2616 4170 ducitis
2647 4119 2713 4170 ad
2747 4120 2957 4174 hostem
2989 4134 3170 4176 meum
3194 4121 3349 4180 ιουτ

1757 4202 1822 4253 ad
1857 4203 2179 4256 inimicum?
2219 4207 2330 4258 Cur
2374 4223 2457 4260 tne
2484 4211 2548 4260 ad
2578 4223 2699 4261 eum
2730 4211 3078 4264 vehementer
3118 4214 3345 4278 trahitis,

1753 4295 1841 4360 qui
1869 4309 1951 4346 me
1974 4311 2192 4364 semper
2223 4298 2510 4352 incendit?
2543 4316 2575 4353 o
2603 4303 2744 4351 vim!
2776 4318 2879 4355 non
2912 4304 3001 4357 ibo
3033 4305 3340 4367 vobiscum,

1751 4385 1843 4436 sed
1886 4387 2156 4453 egredior,
2212 4403 2394 4457 neque
2451 4393 2684 4458 amplius
2744 4395 2998 4448 manebo.
3056 4394 3342 4464 Postquam

1755 4491 1880 4529 vero
1931 4477 1996 4530 ad
2054 4479 2226 4546 ipsum
2290 4484 2465 4536 sancti
2521 4489 2826 4552 sepulcrum
2876 4501 2998 4540 cum
3057 4488 3342 4556 peregrino

1681 4591 1720 4643 ο
1761 4567 1987 4621 multum
2023 4570 2219 4625 defessi
2253 4577 2620 4640 pervenimus,
2651 4591 2772 4629 emn
2801 4592 2991 4632 rursus
3013 4578 3196 4648 dejicit
3232 4580 3341 4633 daa-

1751 4671 1894 4721 mon,
1943 4667 2144 4713 etcum
2190 4671 2355 4714 totam
2405 4664 2550 4717 illam
2617 4680 2829 4720 noetem
2880 4678 3061 4740 mutus
3115 4672 3339 4724 omnino

1751 4749 2127 4817 transegisset,
2168 4767 2323 4806 mane
2354 4756 2528 4822 surgit
2563 4758 2876 4812 moderatus
2918 4769 2974 4813 et
3005 4775 3152 4814 same
3186 4777 3339 4815 men-

1748 4838 1834 4899 tis,
1873 4855 1938 4892 ne
1964 4844 2218 4896 minimas
2243 4845 2461 4911 quidem
2499 4847 2707 4903 habens
2757 4851 2997 4916 priorum
3043 4853 3326 4922 reliquias.

1746 4929 1928 4998 Itaque
1957 4948 2060 4984 una
2087 4948 2210 4986 cum
2246 4951 2310 4990 eo
2355 4938 2582 5006 epulati,
2615 4941 2757 4995 inter
2795 4945 3121 4998 cmnandum
3169 4948 3334 5001 inter-

1743 5023 2094 5087 rogavimus,
2135 5027 2392 5094 quidnam
2439 5040 2584 5084 esset
2632 5035 2772 5100 quod
2827 5034 2944 5088 heri
3007 5037 3328 5104 patiebatur,

1739 5124 1790 5164 et
1821 5115 2280 5179 quemadmodum
2315 5120 2419 5174 huc
2449 5123 2711 5180 venisset.
2745 5135 2798 5179 et
2833 5127 3095 5194 quidnam
3131 5129 3333 5182 clama-

1741 5215 1840 5258 ret.
1876 5204 1968 5258 Ille
2005 5223 2136 5262 vero
2177 5220 2372 5264 cuncta
2408 5214 2622 5267 dicebat
2667 5229 2729 5270 se
2765 5222 3038 5286 ignorare,
3071 5227 3124 5274 et
3157 5234 3330 5287 neque

1738 5308 1844 5362 quo
1877 5299 2036 5350 modo
2067 5301 2321 5366 venisset,
2351 5317 2526 5372 neque
2557 5305 2687 5372 quid
2721 5307 3004 5374 clamaret,
3028 5323 3086 5364 se
3107 5313 3327 5365 omnino

1737 5397 1897 5438 SCII'C.

1809 5474 1915 5529 CL.
1961 5476 2131 5532 Porro
2183 5481 2299 5538 hzec
2356 5485 2481 5539 talia
2529 5502 2651 5540 eum
2689 5489 2819 5553 sint,
2877 5500 3039 5560 atque
3091 5493 3158 5546 ad
3201 5508 3322 5547 emn

1736 5570 1984 5635 modum,
2060 5574 2373 5644 nullamque
2472 5581 2788 5648 relinquant
2875 5592 3314 5652 exsuperantiam

1735 5661 1946 5715 ratione
1982 5664 2248 5732 miraculi,
2277 5668 2342 5724 iis
2391 5672 2523 5726 solis
2555 5673 2754 5728 cedunt
2809 5689 2927 5743 qua:
2977 5676 3319 5745 contigerunt

1736 5753 1785 5805 in
1816 5754 1935 5808 tiro
1981 5756 2452 5829 Betagabaaorum,
2496 5766 2715 5835 ad'qum
2765 5767 3020 5822 nimirum
3065 5779 3319 5839 properat

1726 5847 1920 5901 oratio.
1953 5849 2169 5906 Scilicet
2194 5868 2314 5908 erat
2344 5858 2567 5926 quidam
2594 5859 2644 5912 in
2678 5861 3315 5931 monasteriOpresbytor

1731 5953 1791 5993 ιι
1833 5953 1896 5996 eo
1929 5943 2044 5999 vico
2075 5955 2247 6016 crius,
2278 5951 2496 6009 nomine
2531 5952 2888 6019 .‘.t3i|liliibili$,
2934 5955 3020 6022 qui
3057 5955 3302 6022 quadra-

59 5002 209 5065 7.;025'
221 5018 335 5068 ρων
364 5002 522 5067 ἔχων.
545 4999 994 5064 Συνεστιαθέντες
1019 5005 1196 5058 τοίλυν
1214 5008 1639 5078 αύτιξ’>,ὴρόμεθα

59 5091 251 5155 μεταξῇ
285 5092 385 5159 τῆς
419 5091 721 5161 τραπέζης,
750 5093 802 5144 τί
827 5096 961 5165 ὅπερ
985 5096 1112 5165 χθὲς
1146 5099 1327 5162 πάθοι,
1364 5104 1455 5153 καὶ
1490 5105 1636 5168 ὅπως

57 5185 286 5237 ἐνταῦθα
320 5184 486 5248 ἔλθοι,
536 5186 627 5237 καί
656 5185 710 5236 τί
764 5186 870 5256 ἄρα
903 5189 1120 5257 κράζων
1149 5186 1236 5260 ἦν.
1281 5192 1339 5245 Ὀ
1364 5195 1418 5246 δὲ
1464 5200 1634 5250 πάντα

57 5279 228 5345 ίὶεγεν
256 5280 496 5344 ἀγνοεῖν,
535 5280 627 5331 καὶ
656 5277 781 5331 οὗτε
812 5281 924 5343 πῶς
945 5283 1110 5346 ἔλθοι,
1139 5284 1262 5336 οὔτε
1290 5285 1317 5336 ὃ
1348 5285 1542 5357 ἔκραζς
1575 5289 1635 5340 τὲ-

56 5376 312 5439 παίοαπαν
337 5371 555 5425 εἰδέναι.

110 5462 242 5519 PN'.
269 5463 456 5515 Ταῦτα
482 5464 661 5515 τοίνυν
688 5465 914 5519 τοιαῦτα
960 5469 1088 5521 ὄντα
1125 5471 1217 5522 καὶ
1246 5472 1440 5538 οὕτως,
1477 5475 1633 5527 οὐδε-

59 5554 169 5616 μίαν
224 5555 310 5614 εἰς
361 5551 640 5621 θαύματος
688 5555 845 5620 λόγον
882 5558 1190 5628 ὑπερϐολὴν
1236 5563 1627 5630 ἀπολείποντα,

74 5647 222 5707 vdua;
249 5646 277 5696 ύ
292 5652 532 5714 ποχωρεί
560 5648 673 5708 τοῖς
707 5648 844 5700 κατὰ
879 5648 974 5719 τὴν
1009 5652 1406 5720 Βηταγαὸαίων
1437 5655 1630 5725 κώμην

509 5740 595 5806 ἐφ’
642 5739 676 5790 ἃ
725 5740 894 5809 δήπου
944 5744 1034 5794 καί
1080 5745 1106 5795 ὁ
1135 5744 1291 5811 λόγος
1323 5747 1420 5816 τὴν
1454 5748 1628 5818 ὁρμὴν

61 5831 168 5894 ἔχει.
195 5827 301 5880 Ἠι
339 5829 448 5896 γάρ
478 5849 559 5893 τις
604 5833 664 5884 ἐν
702 5832 777 5899 τῷ
839 5835 1184 5905 μοναστηρίῳ
1232 5839 1622 5909 πρεσϐύτερος,

58 5920 134 5986 τῆς
169 5921 426 5987 τοιαύτης
469 5923 800 5994 ὡρμημένος
839 5925 1052 5996 κώμης,
1104 5930 1388 5998 ’Λχθαὸιος
1431 5933 1621 6004 ὄνομα,

63 5756 236 5802 ξιγενη
252 5740 456 5799 ιαὲνοιε,
