4104 6486
82 427 185 493 725

1364 415 1537 477 VITA
1581 416 1642 477 S.
1684 412 1896 476 EUTII
1908 413 2001 475 ΥΜ
2017 414 2035 473 1
2052 412 2099 476 l.

3257 410 3372 477 726

83 540 173 595 καὶ
206 533 446 606 δίαχὲει·
470 531 657 602 εεάγει
696 545 752 583 τε
782 526 882 599 τῆς
909 525 1151 598 γαστρὸς
1184 524 1350 580 οἱονεὶ
1379 522 1614 579 «tum
1640 542 1688 580 τι

1801 524 2094 593 bidumque
2138 523 2420 579 humorem
2477 521 2719 579 excernit
2749 531 2803 578 et
2845 522 3134 591 diffundit;
3167 538 3372 584 necnon

84 628 407 697 κατιττέρου
440 635 463 664 ο
495 620 887 692 πεποιημένον,
949 617 1305 689 χαρακτῆρας
1349 616 1472 688 ἔχον
1503 618 1676 683 τινας,

82 726 171 776 sui
200 718 366 773 τοῦτο
399 716 491 770 ἐπὶ
518 711 798 784 τραπέζης
816 710 960 772 τινὸς
988 707 1079 762 ὑπ’
1100 706 1224 776 ὄψιν
1256 707 1407 776 αὑτῷ
1436 706 1674 776 τίθησιν,

87 814 321 867 Ἔπειτα
359 811 456 863 καὶ
500 808 598 877 τὴν
631 804 805 874 τομὴν
836 804 903 872 τῇ
937 802 1085 871 χειρὶ
1148 800 1395 868 συνάψας
1429 802 1523 854 καὶ
1572 801 1678 851 ἀπ·

85 907 133 958 α’
155 903 342 970 ξίψας,
407 898 667 967 ἀκέραιον
727 912 784 946 τε
847 893 910 944 τὸ
935 893 1098 963 μέρος
1128 893 1221 944 καὶ
1245 892 1394 959 ὑγιὲς
1429 894 1675 959 θέμενος,

86 999 225 1049 Ξιπαν
270 993 401 1060 ἑξῆς
433 989 581 1058 αὐτῷ
638 986 930 1052 καταλέγει
957 986 1018 1036 τὸ
1047 985 1232 1053 δρᾶμα
1257 1001 1270 1016 ο
1302 984 1401 1055 τὴν
1452 984 1547 1050 τῆς
1584 985 1678 1035 οὐ·

86 1087 199 1149 σίας
238 1082 546 1152 βασκανίαν
567 1123 581 1144 ,
613 1077 712 1148 τὴν
740 1074 832 1129 τοῦ
864 1075 1059 1144 γόητος
1096 1074 1363 1144 μίσθωσιν
1385 1115 1398 1137 ,
1442 1076 1541 1143 τὴν
1571 1073 1679 1126 τῶν

83 1175 360 1245 δαιμόνων
406 1172 717 1240 ἐπίκλησιν.
774 1169 888 1220 Οὐκ
940 1167 1004 1219 ἂν
1039 1167 1096 1218 δέ
1148 1166 1302 1232 σοιά,
1331 1166 1518 1236 φησὶν,
1558 1164 1678 1217 asas

84 1270 260 1330 οὕτως
294 1269 349 1319 αί
380 1264 475 1319 τοῦ
508 1261 707 1334 ἐχθροῦ
745 1260 1121 1330 περιεγίνοντο
1155 1271 1175 1297 ε
1215 1259 1478 1328 μηχαναὶ,
1520 1260 1566 1309 εἰ
1604 1256 1678 1325 μὴ

89 1360 252 1419 αὐτὸς
281 1357 436 1426 αὕτῷ
495 1355 591 1417 τὰς
620 1352 786 1413 λαεάς
836 1353 1134 1420 παρέσχες.
1191 1352 1320 1404 Ἰδοὺ
1350 1352 1456 1420 γὰρ
1488 1352 1608 1411 ὅσος
1654 1350 1681 1400 6

88 1453 299 1522 μεταξὺ
330 1450 544 1521 χρόνος,
596 1446 689 1498 καὶ
739 1444 861 1497 οὔτε
900 1445 976 1506 εἰς
1024 1444 1349 1513 Ἐκκλησίαν
1380 1442 1548 1509 ἔγνως
1580 1458 1680 1494 πα.

88 1544 369 1614 ραεαλεῖν,
391 1538 515 1592 οὔτε
546 1541 657 1600 τοῖς
685 1537 977 1606 ἀκράντοις
1000 1535 1316 1606 προσελθεῖν
1338 1535 1676 1604 μυστηρίοις·

86 1631 442 1701 saepem;
474 1629 602 1698 ἔζης
635 1628 727 1679 καὶ
744 1627 1088 1695 ἀμερίμνως,
1108 1625 1231 1691 τόγε
1265 1627 1343 1686 είς
1375 1626 1470 1694 τὴν
1504 1623 1682 1691 ψυχὴν

84 1722 215 1795 ἧκον
250 1723 351 1791 τὴν
386 1724 507 1790 σήν.
558 1718 712 1770 Ἐπεὶ
754 1717 932 1769 τοίνυν
986 1716 1135 1767 ἔλεόν
1191 1733 1284 1769 σου
1315 1716 1615 1784 πεποίηκεν
1656 1716 1683 1766 6

86 1817 235 1878 θεὸς,
267 1813 365 1866 τοῦ
413 1810 601 1864 λοιποῦ
638 1810 874 1878 πρόσεχε
904 1809 1135 1876 σεαυτῷ,
1159 1809 1249 1859 καὶ
1282 1807 1476 1876 μηκέτι
1512 1804 1683 1875 μηδα-

90 1910 201 1978 μῶς
237 1907 440 1975 ἀμέλει
474 1905 571 1972 τῆς
603 1901 796 1955 ἑαυτοῦ
830 1901 1123 1970 σωτηρίας.

157 1998 340 2051 ΡΝΓῖ
398 1995 585 2049 Ταῦτα
638 1995 761 2047 ἐπεὶ
798 1996 888 2046 τὸν
946 1990 1224 2061 Ῥωμανὸν
1268 1990 1495 2044 ἀκοῦσαι
1537 1993 1578 2056 ί,
1612 1993 1687 2043 δι-

93 2090 409 2157 αιαστῆναί
442 2104 501 2139 τε
560 2087 633 2149 ώς
671 2084 813 2155 εἶχεν
850 2085 1010 2147 εὐθὺς
1046 2085 1203 2150 ὑγιᾶ,
1232 2082 1325 2136 τοῦ
1357 2084 1521 2150 ὄγκου
1549 2084 1695 2151 αὐτῷ

89 2184 183 2250 ἧῧη
233 2181 333 2234 τοῦ
390 2180 519 2247 περὶ
576 2180 676 2246 τὴν
734 2178 981 2245 γαστέρα
1038 2174 1531 2236 διαπνευσθὲντος·
1589 2178 1684 2227 καὶ

93 2273 515 2339 συγκαλέσαντα
584 2272 708 2332 τοὺς
763 2269 1140 2337 ἐπιτηδείους,
1201 2267 1299 2337 τὴν
1363 2269 1687 2321 ἐπιστασίαν

91 2367 272 2427 αὐτας
301 2364 400 2416 τοῦ
430 2364 612 2430 ἁγίου,
650 2364 742 2414 καὶ
784 2361 882 2431 τὴν
911 2360 1069 2429 ξένην
1100 2360 1319 2430 ἐκείνην
1345 2360 1432 2412 διά
1462 2362 1567 2413 τῶν
1598 2362 1690 2415 δα·

94 2457 307 2508 διτύλων
336 2456 534 2525 τομὴν,
570 2455 663 2506 καὶ
700 2455 879 2507 πᾶσαν
932 2452 1117 2513 ἁπλῶς
1168 2452 1498 2519 ἀπαγγεῖλαι
1544 2455 1565 2492 ε
1591 2455 1688 2522 τὴν

92 2549 241 2614 δξιν-
282 2546 485 2598 ἔπειτα
521 2545 575 2597 δὲ
628 2544 720 2598 κοιλ⁵
760 2546 838 2607 εἰς
885 2544 1032 2613 ἡμᾶς
1075 2537 1347 2612 διαϐῆναι,
1381 2544 1473 2595 καὶ
1518 2544 1594 2613 τῷ
1628 2562 1685 2596 τε

96 2639 408 2695 προεστῶτι
446 2638 543 2708 τῆς
572 2637 738 2707 μονῆς
757 2636 927 2689 ταῦτα
958 2635 1051 2689 καὶ
1082 2634 1351 2703 Ἀχθαόίῳ
1376 2634 1453 2703 τῷ
1471 2635 1684 2706 ἀδελφῷ

98 2735 183 2783 καὶ
224 2732 405 2783 πΞσιν
433 2732 568 2798 ἡμῖν
594 2727 986 2796 διηγήσασθαι.
1020 2725 1131 2795 Τὴν
1173 2726 1355 2789 μέντοι
1409 2726 1509 2794 τῆς
1558 2727 1690 2779 θαυ-

100 2817 697 2890 ματουργίαςήμέραν,
721 2816 915 2886 ἑορτὴν
946 2816 1039 2867 καὶ
1072 2817 1151 2877 είς
1200 2815 1318 2866 τόδε
1354 2815 1549 2884 χρόνου
1590 2815 1687 2885 τὴν

101 2914 371 2981 μεγίστην
414 2912 673 2972 ποιεῖται,
706 2909 794 2960 καλ
828 2907 896 2958 δι’
933 2907 1088 2969 ἔτους
1129 2906 1454 2959 ἀποδίδωσιν
1494 2907 1572 2959 ἔτι
1610 2906 1687 2974 τῷ

101 3007 235 3074 ἁγίῳ
253 3004 361 3066 τὰς
383 3002 645 3071 χάριτας.
697 2998 857 3051 Ἀλλά
886 2997 1047 3051 τοῦτο
1080 2998 1180 3066 μὲν
1198 2997 1261 3067 δὴ
1284 2996 1545 3051 τοιοῦτον.

182 3095 361 3149 PNA'.
397 3096 465 3145 ὐ
488 3094 544 3145 δέ
580 3110 663 3161 μοι
699 3092 878 3159 λέγειν
912 3091 1037 3158 ἑξῆς
1068 3092 1095 3142 6
1118 3090 1271 3156 λόγος
1304 3090 1577 3160 ὥρμηται,
1611 3089 1694 3139 δέ-

1783 630 1846 672 ex
1873 626 2063 671 ventre
2089 615 2268 671 educit
2302 613 2468 669 veluti
2500 613 2754 669 laminam
2779 616 3072 686 quamdam
3109 631 3139 673 e
3165 627 3366 674 stanno

1786 706 2004 772 tactam,
2047 707 2395 763 characteres
2439 709 2702 776 quosdam
2772 708 3083 775 habentem,
3142 724 3372 781 eamque

1784 798 2043 853 inmensa
2074 798 2294 867 subjicit
2325 798 2442 865 ejus
2464 800 2659 854 oculis.
2686 799 2887 857 Deinde
2909 817 3034 856 cum
3072 807 3367 860 scissuram

1783 904 1943 942 manu
2000 889 2371 956 coniunxisset
2436 899 2600 959 atque
2649 891 2990 957 inunxisset,
3056 904 3374 965 partemque

1782 977 2051 1033 effecisset
2082 980 2405 1033 incolumem
2443 990 2496 1034 et
2533 994 2748 1046 sanam,
2792 982 3046 1050 deinceps
3095 985 3142 1037 ei
3204 996 3370 1039 tomm

1784 1079 1964 1124 aetum
2006 1070 2171 1124 refert
2198 1088 2212 1136 ;
2244 1084 2406 1139 Oplilll
2442 1070 2722 1136 invidiam,
2776 1074 3002 1128 malelici
3041 1077 3365 1131 conductio-

1785 1175 1928 1222 nein,
1958 1164 2262 1215 davmonum
2292 1163 2711 1215 invocationem.
2740 1163 2814 1216 Te
2845 1174 3022 1217 autem
3052 1181 3116 1220 ne
3148 1166 3227 1220 sic
3254 1167 3373 1236 qui-

1784 1253 1928 1315 dem,
1960 1256 2150 1321 inquit,
2188 1254 2447 1307 vicissent
2480 1256 2652 1307 hostis
2694 1255 3142 1319 machinationes,
3189 1259 3288 1312 nisi
3320 1260 3369 1313 ei

1786 1345 1899 1411 ipse
1924 1360 2107 1398 ansam
2139 1345 2484 1413 prtebuisses.
2526 1345 2664 1397 Ecce
2710 1348 2875 1408 enim,
2912 1355 3171 1414 quantum
3201 1349 3371 1401 inter-

1786 1438 1991 1504 lapsum
2026 1448 2109 1491 est
2140 1446 2368 1505 tempus,
2410 1448 2464 1491 et
2509 1452 2684 1505 neque
2734 1440 2797 1490 ad
2845 1437 3131 1491 ecclesiam
3185 1440 3373 1495 venire

1785 1530 2010 1593 curasti,
2051 1543 2147 1581 nec
2201 1529 2267 1581 ad
2316 1529 2636 1581 intemerata
2676 1529 2932 1583 accedere
2978 1542 3318 1585 sacramenta
3355 1550 3367 1585 :

1789 1622 1882 1675 sed
1928 1620 2106 1674 vixisti
2146 1621 2266 1673 sine
2299 1634 2427 1673 cura
2475 1629 2529 1672 et
2563 1619 2941 1687 sollicitudine,
2997 1633 3257 1690 quantum
3303 1626 3367 1675 ad

1789 1722 1934 1765 tuam
1971 1712 2203 1780 pertinet
2251 1712 2515 1765 animam.
2548 1709 2814 1775 Quoniam
2845 1726 2971 1779 ergo
3008 1713 3150 1767 Deus
3187 1722 3237 1766 te
3266 1716 3369 1767 mi-

1789 1817 2002 1859 seratus
2035 1812 2140 1870 est,
2178 1805 2242 1857 de
2286 1805 2493 1872 reliquo
2527 1806 2746 1859 attende
2778 1804 2871 1858 tibi
2921 1806 3041 1873 ipsi,
3068 1817 3121 1859 et
3154 1822 3218 1861 ne
3251 1823 3369 1861 am-

1716 1887 1763 1946 B
1797 1897 1935 1965 plius
1966 1898 2233 1951 ullatenus
2277 1906 2420 1949 tuam
2462 1897 2688 1951 salutem
2738 1897 2996 1966 negligas.

1870 1988 2045 2042 CLIII.
2109 1988 2230 2043 Ilaec
2258 1988 2343 2042 ubi
2403 1989 2663 2043 audiisset
2715 1990 3023 2051 Romanus,
3077 2000 3129 2045 ct
3183 1991 3369 2045 statim

1797 2090 1952 2149 prout
2001 2092 2145 2143 erat,
2177 2081 2414 2134 surrexit
2449 2095 2646 2144 sanus,
2684 2089 2897 2133 tumore
2934 2083 3070 2134 uteri
3110 2082 3218 2150 jam
3244 2097 3371 2150 per-

1795 2174 2002 2239 spirato
2031 2190 2043 2237 ;
2076 2181 2128 2227 et
2159 2174 2473 2226 convocatis
2506 2174 2619 2226 suis
2663 2175 3009 2238 necessariis,
3054 2175 3133 2227 eis
3199 2175 3372 2228 sancti

1797 2267 2115 2327 adventum,
2144 2268 2444 2333 miramque
2478 2266 2618 2319 illam
2669 2281 2763 2335 per
2808 2268 3006 2335 digitos
3048 2267 3373 2332 sectionem,

1798 2368 1850 2410 et
1908 2368 2072 2410 totam
2126 2359 2371 2411 absolute
2422 2359 2761 2411 renuntiavit
2815 2357 3103 2412 visionem.
3166 2359 3370 2413 Deinde

1802 2461 1929 2500 vero
1966 2448 2029 2499 ad
2069 2462 2166 2500 nos
2200 2460 2420 2515 quoque
2450 2448 2683 2512 transiit,
2726 2449 2948 2516 bamque
2983 2450 3223 2502 narravit
3261 2459 3373 2502 tum

1800 2536 2052 2604 puniet-to
2102 2539 2440 2603 monasterii,
2508 2550 2618 2591 Iunt
2672 2538 2977 2592 Achthabio
3031 2540 3208 2602 fratri,
3262 2550 3372 2593 tum

1799 2621 1952 2682 nobis
1981 2628 2259 2682 omnibus.
2295 2627 2481 2698 Itaque
2525 2630 2667 2683 diem
2712 2631 2841 2683 editi
2880 2630 3158 2695 miraculi,
3198 2632 3373 2685 maxi-

1802 2734 1946 2772 mum
1984 2720 2264 2787 hucusque
2315 2719 2511 2774 festum
2556 2720 2707 2786 facit,
2754 2734 2808 2775 et
2858 2723 3150 2790 quotannis
3198 2723 3373 2778 adhuc

1801 2820 1989 2864 sancto
2020 2810 2130 2878 agit
2158 2811 2383 2877 gratias.
2412 2810 2518 2864 Sed
2549 2822 2648 2866 noc
2681 2809 2898 2881 quidem
2929 2822 3008 2868 est
3042 2814 3370 2881 hujusmodi.

1870 3090 2049 3146 CLIV.
2091 3090 2242 3158 Quod
2292 3101 2469 3146 autem
2508 3094 2619 3160 jam
2671 3095 2851 3148 dicere
2905 3094 3216 3163 aggreditur
3254 3110 3374 3150 mea

99 3190 245 3240 δοικα
274 3188 356 3257 μὴ
384 3187 478 3238 καὶ
510 3184 734 3237 ἄπιστον
761 3183 931 3247 δόξειε
962 3184 1074 3241 τοῖς
1105 3182 1339 3245 πολλοῖς,
1363 3184 1458 3235 καὶ
1482 3183 1686 3250 ἥκιστα

1799 3183 1998 3247 oratio,
2042 3196 2235 3236 vereor
2269 3197 2337 3237 ne
2366 3182 2617 3238 videatur
2648 3184 2831 3238 multis
2866 3184 3206 3248 Incredibile,
3245 3186 3372 3240 viri-

99 3279 171 3347 τῷ
198 3276 296 3329 τοῦ
320 3274 516 3345 ἀνδρὸς
543 3274 662 3344 ῆθει
690 3273 783 3325 καὶ
801 3276 867 3342 τῇ
902 3272 1227 3341 χρηστότητι
1256 3273 1461 3336 ἐοικός·
1497 3273 1690 3325 τοσαύ-

102 3386 195 3439 την
223 3367 549 3435 θερμότητα
576 3364 718 3416 κατά
756 3364 861 3416 τῶν
892 3361 1338 3431 ψευδορκούντων
1386 3364 1478 3416 καὶ
1532 3362 1691 3431 ζῆλον

102 3460 305 3529 ἀκριϐῆ
367 3456 719 3525 παρίστησιν.
768 3455 920 3506 Ἐστι
957 3453 1062 3524 γάρ
1093 3471 1177 3515 τις
1225 3454 1358 3525 πρὸς
1404 3454 1691 3524 ἀνίσχοντα

104 3552 249 3616 ἣλιον
276 3548 445 3617 κώμη
470 3548 570 3616 τῆς
602 3547 805 3616 λαύρας
835 3545 1031 3613 Φαρῶν
1054 3546 1104 3609 ιι,
1155 3545 1284 3597 δέκα
1324 3546 1559 3607 σταδίοις
1583 3548 1677 3599 ἀπ-

106 3644 326 3709 έχουσα,
388 3640 577 3708 Φαραν
622 3638 821 3707 ὁμοίως
888 3636 980 3689 καὶ
1035 3637 1173 3706 αὑτὴ
1246 3636 1589 3707 καλουμένη·
1632 3640 1691 3690 οὗ

107 3730 530 3799 μεταλαὸοὖσα,
582 3726 756 3800 οἴμαι,
790 3729 890 3797 τῆς
931 3727 1266 3797 ἐπωνυμίας,
1308 3727 1424 3783 ἀλλ’
1454 3730 1590 3798 αὐτὴ
1625 3732 1690 3798 τῇ

108 3823 283 3891 λαιῑρα
316 3820 626 3889 μεταδοῦσα
675 3818 893 3887 μᾶλλον.
946 3816 1110 3887 Ἀνὴρ
1163 3816 1219 3869 δέ
1269 3834 1351 3879 τις
1381 3816 1550 3885 ὄνομα
1581 3818 1693 3869 Κυ-

108 3916 299 3980 ριακὸς
354 3915 419 3963 ἐκ
466 3911 669 3979 ταύτης
725 3909 1068 3979 ὁρμώμενος,
1118 3907 1453 3976 θρεμμάτων
1494 3907 1695 3977 ποιμὴν

108 4003 168 4075 ἦν
190 4021 203 4031 ο
242 4006 337 4057 κοιλ
372 4004 435 4055 τὸ
478 4002 725 4073 ποίμνιον
752 3998 855 4055 ἀνὰ
883 3999 978 4064 τὰς
1011 4000 1248 4071 ἐρήμους
1266 3999 1443 4071 νέμων
1461 4001 1693 4065 ὲκείνας,

107 4097 431 4151 πιστεύεται
466 4094 615 4165 παρά
640 4110 785 4155 τινος
807 4092 905 4163 τῆς
923 4091 1094 4163 αὐτῆς
1119 4090 1449 4163 ὡρμημένου
1481 4092 1693 4165 κώμης·

111 4189 343 4257 πένητος
379 4185 476 4241 καὶ
507 4184 669 4239 αὐτοῦ
702 4225 715 4252 ,
769 4183 899 4238 δίκα
955 4182 1046 4238 τὸν
1097 4181 1332 4255 ἀριθμὸν
1389 4183 1482 4238 καὶ
1536 4182 1697 4256 lupa

109 4281 434 4353 Θρίμματα,
458 4275 597 4331 ὥστε
619 4276 709 4331 καὶ
734 4274 871 4331 αὐτὰ
896 4276 1004 4340 τοῖς
1029 4272 1223 4330 εαυτοῦ
1249 4274 1694 4345 συμποιμαίνειν.

112 4375 324 4446 Χρόνου
351 4370 411 4425 εδ
454 4368 656 4441 μεταξὺ
691 4367 1095 4441 διαγενομένου,
1135 4367 1452 4439 κατειλήφει
1488 4369 1586 4439 μιν
1615 4385 1696 4433 τις

110 4463 494 4535 ἀπαραίτητος
548 4460 638 4515 τὸν
684 4460 887 4530 πένητα
931 4458 1105 4531 χρεία.
1140 4458 1248 4514 Καὶ
1287 4458 1315 4512 6
1358 4458 1456 4529 μὶν
1486 4459 1698 4525 οὐδενὸς

1797 3289 1899 3343 que
1924 3273 2161 3327 moribus
2186 3283 2241 3328 et
2274 3274 2590 3344 benignitati
2623 3276 2845 3330 minime
2881 3290 3217 3345 congruum;
3254 3288 3373 3331 tan-

1799 3374 1907 3418 tum
1951 3364 2187 3419 ostendit
2225 3365 2472 3420 ardorem
2511 3365 2922 3436 perfectumque
2957 3368 3132 3420 zelum
3176 3377 3364 3422 contra

1799 3455 2064 3525 periuros.
2115 3456 2209 3509 Est
2243 3456 2387 3509 enim
2427 3456 2645 3524 quidam
2685 3458 2832 3511 vicus
2878 3458 2943 3511 ad
2980 3458 3146 3513 solem
3192 3460 3374 3514 orien-

1799 3558 1929 3615 tem,
1962 3563 1990 3600 a
2030 3547 2178 3600 Iaura
2226 3547 2525 3601 Phararum
2559 3550 2768 3603 distans
2809 3551 2993 3604 decem
3036 3551 3230 3615 stadia,
3264 3554 3375 3621 ipse

1799 3639 1999 3705 pariter
2028 3636 2239 3690 Pharan
2271 3649 2494 3692 vocatus
2519 3658 2532 3701 ;
2572 3655 2676 3693 non
2706 3642 2848 3707 quod
2870 3640 3152 3710 (arbitror)
3177 3657 3376 3713 cogno-

1800 3742 1920 3783 men
1951 3729 2243 3797 acceperit,
2287 3730 2380 3783 sed
2423 3731 2600 3796 potius
2628 3732 2769 3799 quod
2814 3732 2929 3800 ipse
2970 3748 3129 3786 suum
3175 3748 3370 3789 nomen

1800 3819 2008 3874 dederit
2040 3818 2223 3875 lauru).
2256 3818 2426 3875 Porro
2452 3822 2537 3875 vir
2565 3822 2812 3891 quidam,
2842 3824 3059 3878 nomine
3086 3825 3369 3892 Cyriacus,

1800 3927 1864 3966 ex
1904 3920 1968 3965 eo
2009 3912 2126 3965 vico
2161 3920 2314 3966 ortus
2337 3954 2349 3975 ,
2388 3922 2505 3966 erat
2539 3915 2717 3983 gregis
2755 3924 2937 3981 pastor
2972 3933 2985 3969 :
3024 3931 3254 3985 eumque
3282 3933 3376 3985 per

1803 4005 1919 4061 illas
1957 4003 2276 4061 solitudines
2326 4020 2540 4077 gregem
2584 4017 2851 4077 pasceret,
2888 4022 2914 4061 a
2956 4010 3186 4078 quodam
3228 4010 3374 4081 ejus-

1804 4097 1920 4153 dem
1950 4097 2050 4154 vici
2084 4096 2320 4155 nomine
2354 4096 2469 4167 ipso
2488 4099 2651 4155 etiam
2681 4112 2938 4170 paupere,
2966 4099 3017 4155 in
3046 4098 3200 4156 iidem
3228 4102 3375 4158 acci-

1807 4190 1882 4259 pit
1905 4204 2033 4246 oves
2065 4188 2198 4247 alias
2240 4203 2464 4268 numero
2495 4190 2705 4258 decem,
2736 4204 2844 4271 quo
2878 4199 2933 4249 et
2961 4190 3084 4253 llies
3110 4204 3235 4253 cum
3261 4191 3375 4253 etiis

1806 4291 2067 4353 pasceret.
2105 4281 2403 4353 lnterlspso
2430 4288 2606 4338 autem
2633 4280 2912 4353 aliquanto
2939 4292 3201 4355 tempore.
3243 4295 3375 4356 psu-

1808 4375 1986 4443 pet'em
2036 4373 2239 4429 invadit
2290 4372 2639 4429 inexorabilis
2689 4371 2868 4445 aliqua
2908 4374 3226 4431 necessitas.
3274 4374 3373 4443 Qui

1807 4465 2020 4535 quidem
2063 4464 2319 4535 quoniam
2362 4462 2492 4518 nihil
2531 4462 2676 4519 aliud
2720 4464 3051 4534 possidebat.
3088 4465 3274 4521 statim
3308 4466 3374 4520 ad

113 4555 371 4626 sinapi»;
393 4552 603 4623 ἑτάρου,
636 4554 769 4621 προς
784 4548 846 4603 τὸ
874 4547 1045 4621 βραχὺ
1078 4548 1326 4619 ποίμνιον
1352 4546 1511 4611 εὸθὺς
1539 4550 1688 4603 ἀπεῖ-

1810 4569 2029 4625 parvum
2060 4568 2276 4626 gregem
2307 4556 2565 4623 respexit,
2604 4554 2862 4625 illumque
2902 4554 3132 4611 vendere
3160 4564 3376 4625 propter

109 4652 183 4710 δε,
224 4648 327 4699 καὶ
378 4643 625 4713 πωλῆσαι
682 4642 777 4695 καὶ
812 4640 943 4693 αὐτὸ
978 4639 1062 4692 διὰ
1096 4642 1157 4692 τὸ
1182 4640 1277 4708 τῆς
1303 4640 1488 4709 χρείας
1526 4643 1695 4708 ἀναγο

112 4743 265 4793 καῖον
328 4734 609 4802 ¹ἠπείγετο.
675 4731 902 4801 Γνώμης
947 4731 1025 4791 δὲ,
1074 4732 1149 4792 ὡς
1210 4730 1460 4793 ἐοικεν,ὸ
1492 4732 1697 4800 Κυρια-

114 4834 205 4893 ut;
242 4828 531 4897 μοχθηρᾶς
551 4826 647 4885 ῶν,
674 4826 766 4877 καὶ
799 4823 917 4875 οὐδὲ
944 4821 1141 4891 μικροῦ
1174 4822 1393 4893 κέρδους
1423 4823 1696 4892 προτιθεὶς

113 4927 209 4991 τὴν
232 4919 523 4989 ἀλήθειαν,
548 4917 693 4971 ὀκτὼ
720 4916 968 4969 ἀπεδίδου
1007 4916 1142 4984 μόνα
1172 4932 1184 4945 ·
1226 4916 1317 4966 καὶ
1350 4914 1584 4967 τοσαῦτα
1605 4916 1700 4966 λα-

115 5015 229 5063 ϐεῖν
254 5009 392 5079 παρ’
420 5006 583 5060 αὑτοῦ
621 5007 715 5061 καὶ
745 5008 843 5075 τὴν
872 5006 1049 5075 ἀρχὴν
1089 5007 1412 5075 ἰσχυρίζετο.
1466 5004 1571 5057 Τοῦ
1620 5005 1697 5067 δὲ,

118 5106 211 5155 καὶ
244 5104 318 5155 τα
357 5102 524 5170 Ξτερα
556 5099 650 5152 δύο
702 5097 1225 5169 προσαπαιτοῦντος,
1253 5099 1278 5149 6
1311 5096 1588 5165 Κυριακδς
1618 5096 1701 5160 ἐξ·

116 5212 279 5263 αρ-θος
321 5188 391 5261 ἦν
414 5209 426 5220 ·
458 5191 551 5244 καὶ
585 5194 659 5251 εἰς
677 5189 1013 5257 ’φιλονεικίαν
1042 5189 1221 5250 αὐτοῖς
1246 5186 1437 5256 ἐχώρει
1466 5188 1523 5241 τὸ
1562 5190 1701 5255 πρᾶ-

118 5303 233 5351 γμα
257 5328 272 5346 ,
313 5285 412 5335 καὶ
436 5282 601 5351 ἄμφω
644 5281 887 5350 σφοδρῶς
920 5280 1260 5342 ἐστασίαζον.

192 5374 365 5430 ΡΝΕ’.
415 5376 696 5442 Διαιτηταὶ
728 5373 781 5425 δέ
810 5391 953 5435 τινες
997 5373 1179 5435 αὐτοῖς
1252 5372 1404 5442 μέσοι
1456 5372 1700 5442 παραλη-

123 5471 373 5535 φθέντες,
400 5469 564 5536 ὅρκον
591 5466 665 5535 τῷ
700 5467 1005 5536 βουλομένῳ
1033 5465 1322 5529 ἐπέθεσαν,
1356 5464 1493 5517 ὥστε
1529 5466 1699 5536 ταύτῃ

124 5562 481 5615 διαλὰσασθαι
511 5561 608 5630 τὴν
632 5561 764 5629 ἔριν.
822 5560 926 5611 Τοῦ
958 5560 1235 5630 Κυριακοῦ
1290 5561 1468 5612 τοίνυν
1502 5562 1697 5629 ὀμόσαι

1807 4657 2105 4701 extremam
2152 4645 2531 4699 necessitatem
2564 4644 2874 4699 festinabat.
2914 4646 2982 4697 At
3026 4659 3151 4700 vero
3185 4644 3375 4714 Cyria-

1806 4752 1919 4797 cus,
1956 4738 2071 4806 qui,
2104 4738 2177 4790 uti
2204 4738 2478 4805 apparuit,
2510 4736 2630 4789 mali
2655 4737 2818 4791 animi
2845 4747 2983 4800 erat,
3009 4746 3184 4791 etnec
3214 4752 3375 4805 parvo

1806 4827 2021 4896 quidem
2054 4828 2204 4881 lucro
2247 4826 2567 4894 praeferebat
2603 4828 2901 4889 veritatem,
2931 4836 3056 4881 octo
3083 4827 3227 4881 solas
3254 4829 3375 4880 red-

1806 4920 1960 4981 didit,
1995 4927 2180 4985 totque
2205 4932 2261 4971 se
2290 4920 2355 4971 ab
2381 4933 2444 4970 eo
2465 4918 2729 4986 principio
2756 4917 3031 4984 accepisse
3055 4916 3371 4970 aﬂit‘mabat.

1802 5010 1933 5065 Cum
1964 5011 2008 5064 is
2044 5024 2171 5063 vero
2196 5008 2331 5061 duas
2364 5007 2499 5061 alias
2534 5009 2710 5061 adhuc
2746 5017 2967 5076 peteret,
3000 5007 3262 5076 (Syriacus
3290 5010 3371 5059 in-

1806 5101 2125 5163 ﬁciabatur;
2158 5108 2323 5167 atque
2354 5112 2438 5153 res
2465 5099 2546 5152 eis
2575 5098 2824 5151 tendebat
2861 5098 2924 5149 ad
2950 5098 3369 5158 contentionem,

1804 5205 1856 5248 et
1885 5199 2041 5249 ambo
2071 5193 2419 5246 vehementer
2453 5190 2879 5245 altercabantur.

1876 5374 2026 5428 CLV.
2101 5372 2330 5438 Quidam
2406 5386 2531 5425 vero
2599 5368 2787 5424 arbitri
2862 5369 3003 5422 inter
3065 5379 3157 5420 eos
3209 5365 3371 5421 medii

1804 5465 2031 5533 caeepti,
2061 5462 2439 5532 jusjurandum
2469 5463 2710 5516 detulere
2760 5462 2808 5515 ei
2861 5462 2949 5529 qui
2984 5458 3177 5523 vellet,
3217 5467 3275 5511 ut
3310 5472 3373 5512 ea

1806 5562 2013 5613 ratione
2053 5557 2473 5611 controversiam
2499 5556 2833 5611 dirimerent.
2870 5554 3051 5621 Itaque
3095 5550 3236 5620 quod
3274 5550 3376 5618 Cya

1400 5675 1629 5731 VARIJ‘J
1670 5676 2071 5733 LECTIUNES.

197 5783 213 5803 τ
252 5774 321 5825 ai.
356 5773 700 5838 κασσιτέρου.
807 5771 827 5807 ἰ
858 5772 903 5825 ..ι
952 5790 1042 5825 σου

126 5845 147 5881 τ’
182 5845 226 5896 .tl
279 5844 468 5911 Φαρᾷν
501 5852 550 5893 (‘t
583 5840 782 5910 Φαςιῖνι,

1168 5784 1186 5803 τ
1222 5771 1287 5824 al.
1350 5773 1742 5841 περιεγένοντο.

1861 5773 1955 5824 lal
2036 5773 2197 5826 inser.
2272 5771 2467 5844 συνέϐη
2590 5769 2709 5821 ‘al.
2774 5769 2955 5830 αὐτοῖς
3024 5764 3371 5834 ἀπαγγέλλει.
