4154 6490
108 447 222 510 Ἷ33

1392 439 1570 497 VITA
1610 439 1667 497 S.
1713 438 2125 502 EUTHYMII.

3291 434 3397 500 73‘

106 551 224 607 οἷον
284 551 422 621 μηδὲ
463 549 684 620 παιδείᾳ
728 551 796 619 τῇ
853 546 1087 615 θύραθεν
1142 544 1392 615 ἐντριϐὴς
1427 544 1530 613 ὢν)
1555 586 1568 608 ,
1602 545 1701 597 οὐκ

1814 562 1913 599 non
1950 562 2201 614 possem,
2247 556 2305 599 ttt
2350 544 2444 615 qui
2496 558 2602 597 non
2641 545 2743 597 sim
2790 544 2842 596 in
2880 550 3103 597 externa
3148 555 3395 595 versatus

108 660 270 712 ανιην
298 640 577 711 δακρύων,
612 640 709 694 καὶ
736 640 921 709 δεήσει
953 636 1268 707 θερμοτάτῃ
1303 635 1398 687 καὶ
1424 638 1700 706 προσευχῇ

107 734 420 803 χρώμενος.
448 731 590 800 Ἤδη
623 731 678 782 δέ
711 747 796 791 τις
828 730 923 780 καὶ
951 726 1133 779 ἔννοιά
1160 742 1228 794 με
1262 723 1703 794 εἰσῄει,ἅποσχὲ-

108 829 236 879 σθαι
257 827 355 878 τοῦ
391 824 817 894 ἐγχειρήματος,
851 819 1125 890 ἐργώδους
1160 817 1304 871 οὕτω
1332 818 1427 870 καλ⁵
1456 816 1701 886 μείζονος

109 922 264 980 Luto;
303 918 338 987 ἢ
384 916 509 969 καθ’
544 916 715 985 ἡμᾶς.
759 913 899 967 Ποτὲ
930 911 1063 980 γοῦν
1087 910 1259 974 οὕτως
1286 909 1698 980 ἀμηχανοῦντα,

113 1009 205 1061 καὶ
242 1010 311 1078 τῇ
346 1005 566 1077 συνήθει
595 1002 1102 1074 προσκαθεζόμενον
1123 1000 1381 1070 καθέδρα,
1409 999 1536 1062 τοὺς
1568 1000 1705 1070 χάρη

113 1118 213 1162 τας
273 1118 334 1152 τε
385 1100 475 1153 διὰ.
524 1099 706 1169 χειρὸς
744 1098 955 1168 ἔχοντα,
1008 1097 1102 1150 καὶ
1154 1095 1425 1153 ἀλύοντα.
1470 1095 1703 1161 περίπου

115 1193 381 1261 δευτέραν
414 1192 511 1261 τῆς
545 1192 758 1262 ἡμέρας
784 1190 954 1257 ὥραν,
992 1190 1159 1252 ὕπνος
1188 1190 1355 1259 αἱρεῖ.
1379 1188 1487 1241 Καὶ
1528 1203 1709 1256 παραυ

119 1287 316 1355 χρῆμα
365 1286 394 1339 ὃ
445 1302 505 1337 τε
544 1273 724 1355 μέγας
777 1283 1051 1353 meum;
1107 1283 1199 1336 καὶ
1254 1280 1432 1345 Σάϐας
1488 1282 1516 1333 ὁ
1563 1279 1705 1343 θεῖος

117 1376 505 1445 ἐπιφαίνονται
528 1394 640 1445 μοι,
678 1377 746 1429 τὰ
780 1376 987 1447 συνήθη
1036 1374 1401 1442 ἐνδεδυμένοι.
1462 1372 1706 1427 ’Δκούειν

118 1486 175 1521 τε
231 1467 641 1537 διαλεγομένων
693 1468 874 1521 αὐτῶν
926 1468 1179 1521 ἐδόκουν·
1231 1466 1380 1519 Σάϐα
1414 1466 1509 1519 τοῦ
1552 1466 1705 1519 σεϐα-

121 1562 283 1625 σμίου
315 1599 330 1621 ,
395 1558 611 1628 πρώτου
662 1559 927 1629 ἄρξαντος
978 1558 1231 1628 ὁμιλίας⁶
1278 1558 1370 1611 καὶ
1410 1557 1520 1611 ἰδοὺ
1570 1558 1707 1629 πρὸς

116 1649 206 1697 τ²ιν
260 1650 440 1715 μέγαν
473 1647 772 1718 Εὺθύμιον,
827 1650 856 1700 6
912 1648 1179 1719 Κύριλλός
1226 1666 1343 1712 σου,
1396 1651 1702 1719 εἰρηκότος,

119 1740 243 1799 τώς
294 1739 503 1807 χάρτας
536 1738 636 1807 μὲν
674 1739 760 1792 διὰ
792 1740 973 1811 χειρὸς
1016 1739 1128 1809 ἔχει
1155 1741 1279 1803 τοὺς
1311 1740 1419 1794 τῶν
1455 1742 1705 1811 ὑπομνη-

123 1832 313 1898 ματων
342 1872 357 1895 ,
420 1830 659 1897 σπουδὴν
704 1831 760 1883 δὲ
814 1832 909 1884 καὶ
970 1832 1132 1885 πόνον
1182 1833 1308 1886 ὅσον
1350 1832 1702 1901 εἰσενεγκὼν,

1810 637 2136 699 eruditione,
2164 650 2267 689 non
2293 635 2575 689 cessabant
2606 622 2916 703 lacrytttari,
2939 634 3125 703 utique
3145 633 3396 701 precibus

1811 740 1863 783 et
1886 728 2227 783 orationibus
2264 725 2693 781 ardentissimis.
2722 723 2838 778 Jatu
2881 741 3009 779 vero
3038 736 3092 779 et
3122 740 3209 779 me
3249 724 3397 793 ejus-

1812 822 1953 875 modi
1984 821 2229 875 subierat
2257 819 2533 887 cogitatio,
2566 818 2833 873 desistere
2868 832 2896 871 a
2924 829 3101 888 empto
3124 819 3258 872 adeo
3287 818 3392 872 dif-

1811 914 1963 979 iicili,
1993 922 2047 967 et
2080 913 2222 967 vires
2264 920 2478 965 nostras
2515 910 2833 965 excedente.
2880 910 3185 979 Aliquando
3234 911 3393 979 igitur

1812 1023 1897 1061 tne
1938 1007 2007 1060 ita
2042 1005 2378 1076 perplexum,
2421 1005 2558 1059 etin
2598 1004 2756 1058 solita
2802 1004 3064 1059 cathedra
3095 1005 3392 1069 sedentem,

1812 1101 2213 1166 habentemque
2264 1098 2485 1152 chartas
2529 1097 2583 1151 in
2637 1111 2820 1160 manu,
2867 1106 2922 1151 et
2973 1111 3097 1151 cum
3156 1111 3395 1150 tnmrore

1810 1191 2247 1260 cogitabundum,
2295 1205 2521 1245 somnus
2560 1189 2841 1259 opprimit,
2889 1190 3035 1243 circa
3086 1188 3386 1243 secundam

1811 1287 1999 1340 horam
2024 1284 2151 1339 diei.
2177 1282 2245 1337 Et
2268 1283 2450 1338 statim
2481 1268 3046 1350 magnus'Eutbytuius
3074 1281 3394 1349 divitiusque

1812 1376 1983 1432 Sabas
2002 1376 2131 1430 mihi
2149 1383 2406 1445 apparent
2432 1362 2787 1444 (99'),vestiti
2807 1373 2878 1426 ita
2897 1381 2955 1426 ut
2971 1381 3391 1427 consueverant.

1810 1471 1987 1539 Atque
2025 1469 2154 1522 mihi
2195 1469 2417 1522 videbar
2460 1466 2649 1521 audire
2697 1480 2795 1520 eos
2831 1466 3186 1529 disserentes,
3230 1479 3396 1519 vene-

1811 1565 1981 1617 rando
2012 1561 2152 1616 Saba
2184 1561 2359 1630 primo
2395 1560 2694 1628 incipiente
2732 1573 3065 1623 sermonem,
3091 1574 3153 1612 ac
3178 1558 3394 1611 dicente

1810 1658 1877 1711 ad
1903 1670 2151 1725 magnum
2188 1653 2574 1724 Euthymium:
2607 1650 2744 1705 Ecce
2773 1650 3010 1721 Cyrillus
3050 1661 3194 1714 tuus,
3228 1664 3388 1702 manu

1809 1745 2025 1817 quidem
2047 1752 2195 1800 tenet
2227 1744 2474 1798 chartam
2494 1743 3012 1797 commentariorum
3034 1757 3050 1807 ;
3074 1741 3169 1795 sed
3196 1755 3392 1810 magno

1808 1839 2055 1893 adhibito
2082 1836 2263 1891 studio
2302 1844 2355 1889 et
2396 1836 2604 1897 labore,
2652 1835 2894 1889 nondum
2940 1833 3113 1904 potuit
3156 1834 3391 1888 orationi

120 1922 175 1975 οὗ
186 1940 272 1976 πω
300 1922 423 1975 οὐδὲ
445 1922 546 1988 τὴν
564 1923 743 1993 ἀρχὴν
786 1924 1146 1994 ἐπιθεῖναιτῷ
1167 1926 1312 1996 λόγῳ
1339 1926 1579 1996 ἴσχυσεν.
1602 1925 1707 1979 Τοῦ

1816 1947 1885 1986 ne
1924 1930 2249 2000 principium
2294 1927 2513 1998 quidem
2560 1931 2856 1999 imponere.
2895 1927 3141 1997 Cumque
3179 1926 3267 1981 ille
3307 1941 3393 1981 re-

119 2014 196 2073 ξὲ,
254 2016 353 2067 καὶ
386 2014 499 2076 uti);
532 2014 598 2068 ἄν
626 2015 885 2079 ἀδυνατὸς
905 2016 991 2087 εἴη
1038 2018 1209 2070 ταῦτα
1240 2021 1434 2083 ποιεῖν,
1491 2019 1651 2071 πάλιν
1683 2030 1707 2067 P

122 2108 399 2172 εἰπόντος,
450 2108 525 2179 μὴ
562 2110 663 2177 τῆς
712 2109 917 2162 ἄνωθεν
959 2110 1108 2179 αὐτῷ
1136 2112 1359 2181 χάριτος
1399 2112 1711 2180 συνεςαψα-

125 2201 295 2271 μένης
318 2241 335 2264 ,
361 2206 391 2255 ὁ
423 2202 566 2261 θεῖος
595 2202 793 2266 Σάϐας,
824 2202 984 2255 Ἀλλὰ
1016 2204 1079 2257 σὺ
1104 2204 1193 2267 δὸς
1222 2204 1374 2275 αὐτῷ
1408 2205 1505 2274 τὴν
1528 2206 1705 2274 χάριν,

123 2299 244 2365 ἅγιε
278 2296 485 2365 Πάτερ,
513 2294 799 2347 ὑπολαϐὼν
833 2293 959 2364 ἔφηι
1004 2296 1112 2348 Καὶ
1154 2297 1271 2365 ἅμα
1300 2298 1327 2349 ὀ
1358 2296 1502 2358 θεῖος
1539 2296 1711 2348 Εὐθύ-

127 2406 244 2457 μιος
308 2386 660 2439 ἑπινεὺσαντι
708 2386 925 2450 ἐοικὼς,
973 2387 1067 2438 καὶ
1121 2387 1221 2455 τὴν
1285 2390 1444 2457 χεῖρα
1498 2388 1578 2449 εἰς
1616 2388 1709 2440 τὸν

126 2482 327 2534 κόλπον
376 2478 590 2542 καθεὶς,
652 2477 992 2547 ἀλάϐαστρῦν
1049 2494 1103 2529 τι
1157 2478 1374 2548 μέλιτος
1432 2478 1710 2549 ἀργυροῦν

126 2574 339 2625 ἐκεῖθεν
395 2570 793 2638 ἀναλαμϐάνει·
831 2563 985 2638 ᾧπερ
1026 2569 1204 2639 μήλην
1233 2570 1511 2639 ἐμϐάψας,
1547 2570 1711 2638 ὲνῆκέ

130 2682 226 2733 μου
259 2664 389 2734 τρὶς
433 2666 511 2725 εἰς
557 2662 617 2714 τὸ
643 2662 838 2729 στόμα.
887 2660 995 2733 ’1ξοῦ
1028 2661 1084 2714 δὲ
1131 2664 1249 2729 ἄρα
1288 2662 1349 2712 τδ
1400 2659 1499 2727 μὲν
1550 2656 1709 2726 εἶδος,

130 2758 289 2825 ἐλαίῳ
326 2755 513 2825 ἐῴκει·
548 2756 581 2824 ή
609 2752 795 2822 γεῦσις
834 2752 889 2805 δὲ
941 2752 1010 2821 (ὣ
1039 2753 1146 2805 τῶν
1171 2751 1381 2805 ἐκεῖθεν
1408 2751 1646 2821 χαρίτων
1670 2754 1709 2821 ι)

130 2845 369 2916 ἄρρητός
408 2860 495 2906 τις
533 2842 748 2913 ἀληθῶς
786 2842 882 2895 καὶ
919 2842 1247 2912 ἀπόρρητος⁸
1286 2843 1379 2893 καὶ
1405 2841 1485 2911 τῷ
1534 2842 1711 2911 μέλιτι

129 2941 262 3001 ὅλως
321 2937 744 3008 παραϐληθῆναι
784 2936 1003 3015 ,ταύτην
1037 2975 1051 2997 ,
1114 2934 1271 3005 ὕϐρις
1318 2936 1557 3005 ἀτεχνῶς
1616 2934 1711 2988 τοῦ

131 3033 479 3102 πράγματος.
527 3032 681 3086 Ἐπεὶ
709 3034 801 3084 καὶ
823 3029 1190 3083 διυπνισθέντι
1232 3046 1344 3098 μοι,
1396 3028 1471 3098 τῷ
1520 3030 1713 3098 ἁφάτῳ

132 3126 221 3193 τῆς
271 3124 496 3195 ἡδονῆς.
558 3121 640 3175 ἔτι
688 3122 917 3191 λείψανα
970 3120 1134 3189 τῆσδε
1175 3121 1254 3191 τῷ
1285 3122 1515 3192 στόματι
1558 3140 1713 3194 περι-

136 3220 347 3289 μεῖναιξ
393 3216 490 3268 καὶ
532 3213 674 3267 οὕτω
715 3215 996 3284 περίπλεω
1042 3213 1142 3283 τῆς
1187 3213 1481 3278 θεσπεσίας
1507 3215 1713 3287 ταύτης

133 3277 400 3378 ﬁatque;
448 3306 599 3370 ὄντα,
628 3305 723 3359 τοῦ
750 3277 1017 3375 παρόντος
1038 3277 1270 3377 ἄρξαθαί
1302 3322 1368 3374 με
1394 3277 1709 3376 συντάγμαξ
1741 3277 1786 3337 c

132 3418 238 3465 τοςο
276 3401 640 3471 ἐπειγόμενον
664 3400 739 3463 ὡς
756 3395 869 3454 οἷόν
892 3418 950 3453 τε
984 3401 1079 3452 καὶ
1108 3401 1177 3451 τὰ
1198 3400 1339 3453 κατὰ
1372 3400 1459 3452 τὸν
1488 3401 1709 3471 ἄριστον

134 3493 329 3557 Σάϐαν,
384 3494 445 3543 ὲν
497 3491 642 3561 ἄλλῳ
688 3492 1032 3560 συντάγματι
1083 3490 1328 3544 διελθεῖν.
1372 3492 1472 3560 Εἴη
1512 3492 1568 3545 δὲ
1593 3496 1709 3557 ταῖς

134 3586 307 3637 αὐτῶν
340 3583 682 3654 πρεσϐείαις,
721 3584 813 3635 ἐπὶ
839 3584 1019 3636 πολλῶ
1049 3585 1304 3655 χρησίμῳ
1334 3586 1443 3638 τῶν
1488 3589 1711 3641 ἀκουόν-

134 3678 253 3742 τεῖιν,
286 3679 385 3730 καὶ
426 3675 666 3747 ὠφελείᾳ
694 3692 709 3707 ο
744 3679 824 3739 εἰς
842 3675 999 3740 δόξαν
1032 3677 1267 3747 Πατρδς,
1292 3679 1387 3730 καὶ
1423 3679 1575 3744 Υίοῦ,
1619 3682 1712 3734 καὶ

136 3773 282 3837 ἁγίου
318 3769 663 3838 Πνεῦματος,
696 3768 796 3838 τῆς
842 3772 969 3837 μιᾶς
1003 3770 1098 3821 καὶ
1124 3769 1430 3840 ἀχωρίστου
1461 3772 1711 3841 Τριάδος’

136 3856 398 3932 ᾗπρέπει
451 3861 599 3925 δόξαν
649 3860 782 3929 τίμὴ
815 3862 909 3914 καὶ
956 3861 1345 3931 προσκύνησις,
1377 3863 1473 3917 νῦν
1499 3865 1591 3917 καὶ
1630 3865 1717 3919 ἀεὶ

136 3955 224 4007 καὶ
260 3957 344 4018 εἰς
371 3955 499 4017 τοὺς
526 3953 729 4017 αἰῶνας
761 3953 867 4006 τῶν
901 3952 1133 4007 αἰώνων.
1212 3956 1403 4025 Ἀμήν.

1808 2026 2146 2093 spondisset:
2174 2022 2237 2076 Et
2267 2037 2372 2090 quo
2396 2021 2554 2076 modo
2576 2021 2688 2075 haec
2714 2021 2950 2088 potuerit
2981 2020 3180 2085 facere,
3212 2022 3256 2075 si
3285 2035 3387 2074 non

1809 2128 1931 2168 eum
1960 2126 2194 2180 superna
2233 2109 2504 2179 adjuverit
2538 2108 2748 2177 gratia?
2773 2108 2993 2161 Diviuns
3032 2108 3205 2161 Sabas
3238 2123 3249 2158 :
3286 2107 3392 2161 Sed

1811 2216 1863 2258 tu
1912 2205 1960 2258 ei
2001 2203 2069 2257 da
2107 2202 2361 2272 gratiam,
2408 2210 2595 2254 sancte
2636 2201 2821 2261 Pater,
2876 2197 3153 2264 excipiens
3197 2197 3393 2265 inquit.

1810 2297 1985 2362 Atque
2028 2292 2188 2347 simul
2236 2290 2451 2345 divinus
2494 2289 2819 2360 Euthymius
2871 2288 3133 2343 annuenti
3176 2287 3392 2349 similis,

1815 2400 2086 2455 manuque
2137 2384 2191 2437 in
2223 2384 2401 2438 sinum
2445 2383 2711 2446 immissa,
2747 2390 3061 2452 argenteum
3104 2382 3393 2452 quemdam

1814 2479 1989 2534 mellis
2020 2478 2355 2533 alabastrum
2393 2476 2541 2530 illinc
2572 2476 2771 2541 sumit;
2810 2476 2860 2529 in
2902 2491 3009 2546 quo
3044 2490 3165 2529 cum
3202 2472 3397 2541 specile

1814 2572 1921 2626 lum
1951 2569 2288 2632 intinxisset,
2319 2577 2398 2622 ter
2421 2583 2598 2621 nteum
2624 2567 2676 2621 in
2696 2568 3020 2623 ositnmisit.
3049 2567 3195 2621 lllius
3215 2576 3394 2620 autem

1814 2663 2027 2733 species
2044 2661 2264 2731 quidem
2298 2666 2417 2715 erat
2440 2658 2635 2713 similis
2665 2658 2783 2713 oleo
2806 2676 2821 2724 ;
2844 2668 3031 2728 gustus
3052 2672 3183 2713 vero
3207 2658 3259 2726 (ο
3278 2671 3397 2726 qua:

1814 2758 1963 2812 illinc
1998 2764 2125 2809 sunt
2165 2753 2416 2825 gratiae!)
2450 2767 2637 2807 revera
2686 2752 2947 2821 explicari
2982 2760 3037 2806 et
3072 2750 3252 2805 verbis
3296 2764 3397 2803 ex.-

1814 2849 1975 2919 pritni
2010 2861 2115 2902 non
2149 2855 2365 2917 potest;
2397 2859 2632 2915 eumque
2668 2846 2887 2898 omnino
2914 2858 3039 2898 cum
3076 2842 3234 2897 melle
3268 2855 3401 2896 con-

1818 2945 1983 3011 ferre,
2024 2943 2215 3012 ingens
2253 2949 2399 2995 esset
2443 2939 2519 2993 rei
2564 2937 2914 2993 contumelia.
2955 2935 3105 2991 Unde
3135 2935 3267 2989 mihi
3299 2950 3395 2989 ex-

1823 3036 2171 3108 pergefacta,
2220 3042 2443 3103 propter
2510 3030 2839 3087 iuell'abiletn
2883 3029 3247 3098 voluptatem,
3280 3028 3397 3097 ejus

1820 3132 1995 3185 adhuc
2019 3130 2071 3182 in
2102 3143 2197 3183 ore
2224 3132 2602 3182 remanserunt
2631 3125 2870 3195 reliquiae
2895 3141 2909 3177 :
2936 3124 3121 3191 sicque
3150 3121 3399 3190 expletus

1822 3223 2001 3279 divina
2031 3222 2131 3277 bac
2160 3220 2449 3285 suavitate,
2476 3233 2719 3289 praesens
2748 3232 2885 3287 opus
2910 3216 3157 3270 inchoavi
3186 3230 3201 3279 ;
3231 3214 3394 3267 etiam

1823 3314 2083 3383 impulsus
2115 3324 2525 3382 pr0perausque
2562 3309 2627 3363 ad
2661 3307 2947 3364 scribenda
2980 3320 3078 3375 pro
3108 3305 3313 3359 viribus
3341 3304 3395 3357 in

1821 3406 1927 3461 alio
1960 3419 2125 3473 opere
2162 3414 2313 3473 gesta
2344 3400 2781 3471 prastantissimi
2816 3400 2992 3455 Saba.
3035 3398 3119 3453 Sit
3143 3413 3304 3467 porro
3334 3412 3396 3451 ea

1822 3514 1909 3553 res
1958 3496 2169 3551 illorum
2232 3493 2713 3547 intercessionibus
2763 3491 2830 3546 ad
2881 3505 3133 3559 magnam
3176 3489 3403 3542 audieu.‘

1823 3592 1953 3646 tium
1986 3590 2308 3655 utilitatem;
2337 3587 2388 3641 in
2409 3587 2636 3657 gloriam
2655 3586 2856 3651 Patris,
2885 3595 2938 3641 et
2971 3583 3113 3647 Filii,
3140 3593 3194 3637 et
3221 3579 3395 3651 Spiri-

1820 3692 1907 3735 tus
1940 3681 2138 3746 sancti,
2177 3680 2336 3733 unius
2376 3689 2429 3734 et
2477 3678 2853 3747 inseparabilis
2889 3675 3202 3740 Trinitatis;
3239 3686 3399 3742 qttatn

1822 3778 1976 3831 decet
2006 3774 2199 3845 gloria,
2234 3775 2406 3827 honor
2434 3781 2489 3827 et
2527 3770 2798 3836 adoratio,
2844 3785 2987 3824 nunc
3017 3777 3071 3823 et
3098 3778 3313 3834 semper
3346 3770 3400 3815 et

1821 3868 1875 3921 in
1901 3867 2095 3921 saecula
2129 3865 2474 3920 saeculorum.
2511 3864 2701 3919 Amen.

1411 4084 1646 4141 VARUE
1695 4086 2108 4143 LECTlONES.

236 4215 261 4258 1
295 4207 371 4261 al.
410 4205 632 4275 μᾶλλον.

1360 4321 1553 4380 JOAN.
1588 4322 1929 4381 BOLLANDI
1978 4320 2211 4380 NOTAE.

201 4416 341 4481 (99')
372 4416 531 4472 Circa
557 4434 647 4475 su.
678 4415 806 4472 Chr.
835 4415 961 4471 555.
