4154 6490
109 427 209 489 ’137

102 634 283 683 ἐκεῖσε
335 632 640 696 ἀγιώτατος
692 634 1033 697 ἐπίσκοπος,
1089 636 1381 706 Οὐαλέριος
1429 637 1687 707 τοῦνομα,

102 723 243 789 ἀνὴρ
294 722 567 787 ἐπίδοξος.
609 724 702 775 καὶ
726 722 842 790 ἁμα
874 724 1046 793 τούτῳ
1081 728 1108 778 ὁ
1135 727 1254 795 τρὶς
1295 727 1563 798 μακάριος
1596 730 1688 781 Βι-

100 814 319 876 κέντεης
345 816 374 867 ὁ
407 819 499 866 καὶ
527 817 741 883 μάρτυς
773 816 850 867 ἔτι
874 819 938 885 τῇ
960 818 1066 868 τών
1100 819 1345 869 Λευῖτῶν
1369 820 1687 889 διαπρέπων

100 907 353 975 εὐταξία,
393 908 490 959 σὺν
523 907 690 976 πολλῇ
722 913 786 977 τῇ
822 910 972 981 ῥύμῃ
1023 912 1365 982 κατέδραμον
1418 914 1509 966 ἐπὶ
1562 914 1687 977 τοὺς

102 999 414 1059 ἀθανάτους
446 999 542 1052 καὶ
574 1000 853 1071 ἀοιδίμους
876 1004 1112 1070 ἀγῶνας.
1150 1005 1423 1074 Ὀλέθριος
1461 1006 1566 1075 γὰρ
1594 1002 1683 1076 ἦν,

96 1094 169 1154 ὡς
204 1093 427 1155 πολλοῖς
459 1094 655 1157 ἐδόκει,
692 1097 1066 1165 ὁπειρασμδς,
1098 1097 1234 1150 ἀλλά
1266 1099 1339 1167 μὴ
1361 1099 1471 1161 τοῖς
1500 1099 1684 1168 θεοφι-

98 1182 214 1237 λέσι
239 1200 253 1213 ⁸
289 1184 634 1239 διεπίστευον
668 1188 775 1256 γὰρ
805 1188 1031 1249 ἑαυτοὺς
1062 1188 1158 1242 καὶ
1204 1190 1347 1259 μάλα
1381 1192 1684 1259 μακαρίους

99 1278 324 1330 {tradeat
360 1282 421 1330 ἐν
448 1279 621 1347 αὐτῷ,
649 1280 796 1348 φημὶ
821 1282 897 1349 τῴ
924 1284 1273 1351 προκειμένῳ
1303 1283 1495 1350 ἀγῶνι,
1529 1286 1686 1353 εἰπερ

101 1369 287 1433 ἀξίαις
324 1371 723 1440 ἀνδραγαθίαις
754 1373 815 1425 τὸ
845 1374 986 1445 ὑπὲρ
1020 1376 1118 1443 τῆς
1165 1376 1369 1437 οἰκείας
1420 1376 1684 1446 καθιερώο

98 1477 235 1515 cato:
270 1463 636 1531 ἀναδήσονται
673 1465 957 1532 στέφανον.
993 1466 1153 1518 Ἀλλά
1186 1468 1294 1536 γὰρ
1324 1468 1352 1518 ὁ
1376 1468 1685 1535 τεκνοποιὸς

97 1554 193 1603 καὶ
223 1553 580 1624 πολύμορςςος
629 1556 729 1625 τὴν
775 1558 1025 1627 γνώμην,
1054 1560 1297 1628 οἰόμενος
1322 1563 1386 1628 τῇ
1418 1560 1686 1625 ἐξοδοιπο-

98 1644 220 1708 ρίας
258 1642 421 1712 ὕϐρει
448 1662 504 1695 τε
545 1647 638 1697 καὶ
673 1647 929 1717 συντριῦᾕ
978 1648 1180 1715 μᾶλλον
1234 1650 1458 1711 τούτους
1507 1648 1684 1717 ἑαυτῷ

99 1737 286 1804 {tanta
324 1736 711 1805 πειθήσεσθαι,
745 1740 823 1801 εἰς
874 1739 971 1809 τὴν
1002 1740 1157 1792 πόλιν
1202 1741 1568 1801 Βαλεντινίαν,
1608 1741 1682 1802 ώς

98 1829 285 1890 φασὶν,
315 1829 441 1895 ἥτις
490 1829 726 1899 ὑπάρχει
762 1831 859 1899 μία
909 1832 1006 1900 τῆς
1053 1832 1347 1901 ἐπαρχίας,
1380 1833 1476 1884 σὺν
1511 1833 1675 1901 πολλῇ

96 1921 158 1984 τῆ
181 1918 343 1988 ὖὸρει
366 1920 621 1972 ἐκέλευσε
645 1922 770 1984 τοὺς
799 1921 987 1983 ἀγίους
1005 1923 1349 1994 παραστῆναι
1384 1924 1475 1977 καὶ
1508 1924 1679 1994 πρόσ-
1712 1900 1758 1958 Β

94 2010 283 2061 τάττει
343 2012 687 2079 παραχρῆμα
739 2012 796 2064 ἐν
834 2012 1153 2084 ὀχυρώματι
1207 2015 1316 2067 τινὶ
1359 2014 1587 2081 ζοφώδει
1621 2032 1678 2066 τε

97 2102 190 2152 καὶ
214 2100 449 2153 δυσώδει
483 2103 577 2170 τῆς
614 2103 863 2173 φυλακῆς
896 2105 1284 2175 καθειρχθῆναι
1311 2106 1508 2167 αὐτοὺς
1540 2106 1677 2175 μετά

99 2191 373 2261 μεγίστης
410 2195 705 2262 τιμωρίας,
746 2196 891 2264 φημὶ
920 2196 981 2266 δὴ
1004 2197 1105 2263 τῆς
1130 2196 1289 2266 λιμοῦ
1326 2197 1552 2262 ἐνδείας,
1583 2198 1677 2250 καὶ

95 2283 325 2351 πιεσμῷ
354 2284 435 2353 τῷ
461 2285 769 2350 ὲξαλύσεων
800 2289 889 2338 καὶ
922 2287 1177 2357 στρέϐλῃ,
1218 2288 1311 2340 καὶ
1346 2288 1493 2347 ὅπως
1533 2288 1674 2339 κατά

92 2373 185 2424 τοῦ
212 2375 451 2443 αὐχένος
478 2377 570 2428 καὶ
618 2376 728 2429 τῶν
782 2377 983 2445 χειρῶν
1031 2377 1170 2447 βάρη
1220 2377 1289 2429 τὰ
1340 2378 1403 2428 ἐκ
1454 2378 1672 2446 σιδήρου

92 2467 450 2535 πεποιημένα
499 2466 738 2535 φέροιεν,
766 2468 861 2519 καὶ
910 2468 1097 2529 ἁπλῶς
1133 2466 1272 2519 κατά
1330 2467 1529 2530 παντὸς
1576 2466 1671 2519 τοῦ

95 2554 352 2623 σώματος
381 2557 482 2626 ἤδη
514 2558 615 2619 τὰς
656 2558 743 2610 διὰ
795 2558 1028 2611 Θανάτου
1072 2560 1251 2622 αἰτίας
1304 2560 1669 2628 ὑπομένοιειν.

102 2646 264 2701 Ἀλλά
292 2650 408 2718 γὰρ
443 2650 536 2701 καὶ
559 2649 701 2702 οὕτω
752 2650 993 2719 σωρηδὸν
1054 2651 1424 2720 ἐπιχεομένων
1488 2650 1675 2711 αὐτοῖς

88 2738 194 2789 τῶν
228 2740 446 2803 κακῶν,
478 2741 784 2808 κουφότατα
815 2739 989 2793 πάντα
1022 2742 1070 2793 οἱ
1114 2741 1257 2809 ἆγιοι
1284 2742 1350 2810 τῇ
1405 2740 1513 2792 τῶν
1550 2738 1676 2809 μελ-

86 2832 293 2883 λόντων
320 2832 527 2901 ἀμοιϐῇ
557 2834 792 2903 ὑπερέφε
802 2851 915 2903 ρον.

1382 438 1552 495 Vl'l‘A
1592 437 1647 495 Si
1694 436 2112 497 VINCENTII.

177 538 250 591 l".
293 540 650 608 Παραχρῆμα
684 541 741 593 δὲ
772 541 977 595 τούτων
1015 542 1188 605 οὕτως
1241 544 1494 614 ἐχέντων,
1524 550 1551 599 ὁ
1581 548 1687 600 τῶν
1719 557 1761 608 Α

3272 444 3373 508 738

1863 546 1950 601 ΙΙΙ.
1991 548 2115 603 llaec
2142 566 2264 605 cum
2299 551 2369 603 ita
2405 566 2461 603 se
2495 552 2777 615 baberent,
2812 552 3137 609 Vincentius
3182 555 3234 609 in
3270 556 3373 612 Le-

1793 638 2024 693 vitarum
2080 642 2269 696 ordine
2295 644 2646 705 constitutus,
2695 646 2797 699 sub
2834 644 3044 700 Valerio
3080 648 3365 719 episcopo,

1793 745 1999 797 magna:
2042 734 2459 789 existimationis
2492 744 2543 788 et
2586 737 2865 789 modestiae
2894 738 3029 798 viro,
3064 741 3229 793 animi
3256 740 3371 793 ala-

1791 820 1984 875 critate
2022 824 2187 876 multa
2223 836 2459 891 erectus,
2503 828 2566 879 ad
2599 828 2949 880 celeberrima
2987 829 3072 882 illa
3118 841 3172 883 et
3221 832 3369 884 Salu-

1790 912 1925 964 taria
1970 913 2267 966 certamina
2306 918 2653 985 properabat.
2708 916 2990 986 Ejusmodi
3038 902 3217 973 autem
3253 931 3369 973 ten-

1788 1002 1923 1055 tatio
1956 1003 2137 1058 multis
2183 1006 2402 1071 quidem
2445 1008 2729 1061 videbatur
2767 1010 3092 1073 perniciosa,
3132 1012 3225 1064 sed
3260 1026 3366 1061 nun

1795 1094 1921 1147 viris
1952 1095 2121 1148 Deum
2160 1112 2284 1150 vere
2323 1100 2631 1153 amantibus
2665 1118 2679 1154 :
2726 1102 2925 1169 quippe
2979 1103 3070 1170 qui
3122 1102 3367 1155 futurum

1789 1186 2099 1254 sperabant,
2134 1198 2191 1240 ut
2226 1187 2314 1241 tali
2352 1190 2650 1242 certamine
2696 1192 2973 1258 proposito
3011 1193 3151 1246 beati
3187 1194 3367 1246 ellii-e-

1790 1285 1998 1340 rentur,
2031 1278 2073 1330 si
2102 1279 2320 1346 quidem
2352 1288 2497 1332 recte
2523 1280 2678 1333 factis
2712 1284 3035 1338 consecrati.
3064 1282 3184 1336 fidei
3210 1300 3367 1337 coro-

1788 1383 1910 1421 nam
1939 1379 2380 1438 asscquercntur.
2418 1369 2603 1439 Itaque
2627 1371 2952 1425 artilieiosus
2980 1374 3086 1426 ille.
3106 1384 3160 1427 et
3184 1376 3364 1427 animo

1788 1474 1849 1512 ac
1903 1464 2172 1514 sententia
2222 1464 2497 1531 multiplex
2542 1463 2834 1523 Datianus,
2887 1464 3204 1517 existimans
3248 1467 3362 1519 fieri

1787 1566 1968 1618 posse,
2005 1561 2061 1605 ut
2087 1552 2381 1606 (Lbristiani
2415 1553 2684 1615 homines,
2708 1571 2844 1623 quos
2867 1570 2972 1607 non
3006 1564 3217 1624 poterat
3243 1571 3366 1606 cru-

1788 1643 2019 1697 ciatibus
2078 1646 2142 1698 ad
2205 1647 2531 1699 sententiam
2570 1662 2721 1699 suam
2775 1648 3093 1713 perducere,
3157 1648 3366 1701 itineris

1786 1734 2119 1801 longitudim
2170 1744 2217 1787 rt
2268 1736 2509 1804 corporis
2547 1738 2806 1790 arumnis
2851 1738 3123 1807 defatigati
3155 1737 3366 1791 afflicti-

1785 1841 1909 1894 que,
1957 1827 2077 1895 ejus
2129 1827 2392 1880 voluntati
2427 1842 2486 1879 se
2518 1829 2868 1897 subjicerent.
2918 1830 3195 1882 mandavit
3235 1845 3362 1882 san-

1788 1928 1903 1973 ctos
1933 1920 2076 1973 viros
2109 1919 2375 1973 Valerium
2410 1922 2726 1989 episcopum
2754 1964 2765 1975 .
2794 1932 2848 1975 et
2876 1922 3219 1976 Vincentium
3252 1922 3365 1975 dia-

1786 2025 1983 2064 conum
2038 2011 2223 2065 multis
2248 2027 2370 2065 cum
2406 2013 2621 2080 iniuriis
2651 2014 2773 2065 duri
2807 2014 2857 2065 in
2882 2028 3044 2065 unam
3075 2013 3362 2081 quamdam

1786 2104 1928 2157 illius
1974 2106 2267 2173 provincia!
2326 2106 2534 2169 urbem,
2595 2104 2894 2158 Valentiam
2931 2105 3175 2166 nomine,
3224 2119 3362 2173 quos

1786 2194 1967 2247 statim
2018 2194 2184 2263 jussit
2216 2194 2269 2247 in
2306 2209 2525 2248 carcere
2563 2196 2794 2262 quodam
2846 2195 3077 2248 obscuro
3122 2205 3175 2247 et
3223 2194 3361 2246 male

1784 2286 1949 2339 olenti
2014 2287 2303 2350 concludi,
2371 2288 2730 2357 maximisque
2784 2287 3114 2341 cruciatibus
3162 2286 3358 2355 affigi,

1782 2378 1941 2442 fame,
1985 2378 2185 2439 inedia,
2242 2389 2293 2433 et
2349 2390 2664 2433 catenarum
2728 2380 3015 2450 angustiis,
3068 2389 3123 2433 ct
3167 2379 3360 2433 ferreis

1780 2470 2103 2539 quibusdam
2136 2471 2467 2539 ponderibus
2490 2488 2517 2524 a
2550 2472 2688 2525 collo
2715 2473 2780 2527 ad
2812 2488 3006 2525 manus
3038 2487 3207 2540 usque
3236 2488 3362 2541 pro-

1781 2561 1969 2623 tensis,
2006 2570 2121 2615 toto
2169 2562 2249 2629 (ut
2298 2562 2607 2616 summatim
2662 2563 2859 2629 dicam)
2895 2577 3083 2615 eorum
3124 2577 3349 2630 corpore.

1774 2651 2070 2706 mortiferis
2116 2654 2520 2707 calamitatibus
2563 2654 2779 2707 afflicto.
2836 2651 2941 2705 Sed
2983 2653 3230 2720 quamvis
3273 2664 3353 2705 tot

1773 2751 2045 2814 tantaeque
2080 2746 2414 2799 calamitates
2436 2746 2649 2798 illorum
2680 2745 3001 2814 corporibus
3028 2744 3355 2799 adhiberen-

1775 2844 1883 2900 tur,
1925 2836 2107 2889 omnia
2141 2846 2318 2889 tamen
2348 2835 2446 2889 viri
2486 2836 2812 2889 sanctissimi
2852 2844 3143 2895 tormenta,
3173 2845 3231 2888 ut
3266 2852 3354 2887 res

86 2919 424 2987 levissimas,
459 2922 827 2990 perferebant,
863 2922 929 2977 ad
964 2922 1143 2977 futura
1205 2922 1294 2976 illa
1320 2921 1483 2986 bona,
1551 2922 1749 2992 quibus
1786 2924 2174 2995 compensandi
2224 2932 2428 2991 essent,
2476 2926 2689 2977 animos
2738 2934 2948 2978 erectos
3004 2924 3351 2992 inlen'osque

89 3015 383 3069 habentes.

154 3104 232 3154 A'.
280 3103 483 3155 Ἦνίκα
517 3103 572 3155 δὲ
601 3105 629 3156 ὁ
660 3106 953 3176 κακόφρων
978 3107 1171 3175 διέγνω
1201 3106 1425 3169 τούτους
1471 3106 1669 3158 ἀποκε·
1697 3106 1743 3167 C

92 3197 398 3263 κμηκέναι,
424 3198 518 3247 καὶ
548 3198 753 3265 σιρόδρα
778 3199 852 3267 τῷ
885 3198 1034 3269 ζυγῷ
1062 3201 1159 3267 τῆς
1192 3198 1405 3265 ὕϐρεως
1435 3196 1669 3267 βεϐαΡτΓ

96 3288 308 3353 μένους,
347 3288 444 3339 καὶ
478 3288 663 3351 δεδιὼς
704 3290 778 3359 μὴ
796 3294 861 3360 τῇ
891 3292 1162 3361 προλήψει
1188 3292 1282 3345 τοῦ
1305 3291 1484 3344 αὐτῶν
1509 3289 1672 3342 θανά-

93 3393 177 3427 τσυ
211 3378 430 3446 ζημίαν
456 3380 732 3449 ὑπενέγκῃ
767 3382 864 3449 τῆς
888 3382 1092 3444 οξκείας
1114 3383 1495 3452 χαλεπότητος,
1515 3382 1671 3434 ἀναι-

97 3470 227 3533 μωτὶ
258 3468 362 3520 καὶ
394 3468 521 3537 δίχα
552 3475 865 3541 κατατομῆς
898 3473 1075 3541 μελῶν
1101 3472 1210 3524 τῶν
1238 3473 1410 3540 ἁγίων
1444 3470 1541 3524 τοῦ
1572 3471 1671 3540 ζῇν

95 3560 576 3625 ἀπαγγελλόντων,
608 3562 893 3614 ἐκέλευσεν
914 3564 1111 3626 αὐτοὺς
1141 3564 1239 3633 τῆς
1259 3563 1506 3632 φυλακῆς
1533 3578 1665 3631 προ-

94 3649 342 3712 ἁτεσθαν
378 3649 521 3719 ᾤετο
548 3652 655 3720 γὰρ
686 3650 763 3720 τῷ
815 3653 1013 3722 χρονίῳ
1048 3653 1399 3721 ἀποκλεισμῷ
1432 3651 1525 3705 τοῦ
1554 3669 1667 3720 φω-

95 3744 195 3805 τὸς,
232 3750 327 3795 καὶ
368 3742 468 3811 τῆς
501 3744 686 3812 κοινῆς
719 3744 827 3795 τών
858 3744 1162 3815 ἀνθρώπων
1201 3746 1665 3814 συναναστροφῆς,

100 3836 227 3903 μήτε
258 3837 322 3887 ἐν
368 3834 611 3901 σώμασι,
652 3837 789 3905 μήτε
816 3838 871 3887 ὲν
900 3835 1097 3905 ψυχαῖς
1131 3836 1359 3905 δύναμιν
1397 3838 1517 3887 τινὰ
1562 3833 1669 3886 λοι-

97 3926 187 3975 πὸν
219 3926 413 3986 αὐτοῖς
446 3924 843 3994 ὑπολειφθῆναι
864 3942 878 3955 ·
908 3926 1265 3995 τεθνήξασθαι
1317 3927 1423 3993 γὰρ
1475 3926 1670 3987 αὐτοὺς

94 4018 192 4082 πρὸ
216 4016 332 4068 τῶν
370 4014 653 4084 τιμωριῶν
677 4016 776 4068 οὐκ
798 4015 1078 4085 ἠϐούλετο.
1114 4016 1334 4086 Ἐπειδὴ
1362 4018 1417 4068 δὲ
1442 4014 1669 4083 ἐγνώκει

97 4110 226 4176 μήτε
268 4109 414 4176 μετά
443 4106 676 4159 θάνατον
700 4108 896 4170 αὐτοὺς
948 4108 1286 4171 σπείσεσθαι,
1316 4108 1390 4169 ώς
1420 4109 1474 4159 δὲ
1506 4108 1665 4175 ἑστη-

96 4216 187 4250 σαν
217 4200 330 4267 πρὸ
357 4198 455 4251 τοῦ
482 4198 723 4268 βήματος
746 4200 794 4250 οι
831 4200 996 4265 ἆγιοι,
1024 4199 1121 4266 τῆς
1160 4202 1380 4269 εἱρκτῆς
1408 4199 1669 4269 μετακληο

92 4288 293 4352 θέντες,
338 4289 772 4360 εὐσταθέστερον
818 4292 875 4341 τδ
917 4288 1076 4359 σῶμα
1113 4292 1205 4341 καὶ
1237 4294 1333 4352 τὰς
1384 4290 1663 4359 δυνάμεις.

92 4392 181 4449 τήν
208 4401 267 4435 τε
294 4383 479 4435 εξδέαν
522 4383 881 4453 φαιδροτέραν
910 4383 939 4451 ἢ
971 4383 1137 4436 πάλαι
1178 4383 1422 4452 ὑπῆρχον
1466 4400 1667 4453 κεκτη-

94 4480 263 4543 μένοι,
331 4474 632 4543 ἁπηνεώθη
677 4474 1027 4543 καταπλήξας
1063 4478 1090 4527 ὁ
1138 4474 1420 4539 τύραννος,
1454 4474 1547 4525 καὶ
1598 4476 1664 4543 τῇ
1700 4466 1742 4519 Ῑ)

95 4572 260 4639 μανίᾳ
290 4567 625 4635 τυςρλώττων
663 4568 927 4633 ἐξίστατο,
957 4568 1081 4630 τοὺς
1116 4567 1218 4619 ὑπὸ
1244 4566 1377 4619 Θεοῦ
1401 4584 1666 4637 φρουρου-

99 4667 291 4734 μένους
323 4664 424 4732 τῆς
467 4661 689 4731 ῥώσεως
723 4660 1173 4730 ἐκπληττόμενος.

155 4925 229 4980 E'.
254 4926 369 4979 Καὶ
392 4926 808 4993 πριὸμενοςτπῖς
828 4926 1162 4986 κακοποιίαις
1185 4926 1286 4979 imi.
1304 4926 1395 4980 τοῦ
1418 4929 1661 4996 ἀκαθάρ-

91 5034 173 5070 του
222 5018 394 5070 αὖτοῦ
432 5016 761 5085 πνεύματος,
789 5018 884 5068 οὐκ
903 5017 1061 5087 ἔφερε
1080 5018 1186 5087 γὰρ
1206 5020 1304 5087 τὴν
1333 5016 1500 5091 ἧτταν
1527 5024 1662 5075 κατὰ

94 5111 287 5179 κράτος
327 5106 662 5176 νικώμενος·
693 5109 755 5160 Τί
801 5108 862 5177 δή
919 5127 1046 5161 ποτε
1083 5111 1268 5162 τούτου
1303 5111 1662 5184 δαψιλεστὲρᾳ.

93 5207 261 5272 τρυφῇ
289 5204 355 5270 τῇ
383 5201 469 5253 διὰ
502 5200 757 5268 βρώσεως
780 5200 874 5252 καὶ
904 5202 1113 5265 πόσεως
1140 5204 1480 5274 χρησάμενος
1505 5207 1663 5258 λιπᾶ-

93 5310 179 5355 νας
208 5293 537 5356 ἀνεκτήσ‹ι›;
568 5292 698 5359 φησὶ
719 5290 845 5359 πρὶς
872 5292 962 5342 τον
992 5293 1204 5359 φύλακα
1230 5310 1242 5319 ·
1266 5294 1461 5353 είθέως
1490 5285 1545 5348 δέ
1572 5298 1661 5349 καὶ

92 5382 435 5453 opum-nni;
462 5385 525 5451 τῇ
556 5386 703 5452 φωνῇ
724 5384 1070 5450 ἐπισυρὲζων,
1100 5385 1362 5456 μετέφερε
1396 5387 1486 5438 τὸν
1506 5388 1660 5456 λόγον

94 5480 176 5529 ἐτι
199 5476 291 5529 τὸν
320 5474 627 5542 ἁγιώτατον
658 5475 1084 5540 ὲπίσκοπον,καε
1118 5494 1281 5545 φησιν
1308 5497 1321 5507 ·
1360 5480 1422 5531 Τί
1458 5480 1656 5547 λέγεις,

94 5563 133 5621 ἆ,
157 5569 446 5637 Οὐαλέριε,
478 5569 505 5619 ὁ
532 5568 753 5637 ὀνόματι
780 5568 1074 5637 θρησκείας
1093 5572 1364 5639 ἀνταίρων
1382 5576 1489 5635 τοῖς
1526 5590 1659 5643 κρα-

96 5663 235 5714 τοῦσι
266 5663 362 5713 καὶ
400 5659 812 5729 βασιλεύουσιν;
848 5660 984 5731 ᾧετο
1016 5663 1123 5731 γὰρ
1157 5666 1184 5715 ὁ
1225 5666 1433 5726 ἀνόσιος
1470 5668 1658 5736 ὅτιπερ

98 5754 139 5803 εἰ
176 5756 271 5822 τὴν
307 5751 575 5820 κεφαλὴν,
600 5753 690 5805 τὸν
736 5752 1033 5805 ἐπίσκοπον
1069 5756 1229 5823 φημὶ,
1260 5755 1657 5824 ὑποτέμνεσθαι

96 5841 307 5914 δυνηθῇ,
330 5842 441 5896 τῶν
465 5842 667 5895 λοιπῶν
699 5843 898 5912 μελῶν,
930 5845 1091 5897 οἷονεί
1116 5864 1144 5897 τ
1178 5845 1206 5897 ὖ
1228 5846 1426 5918 κλῆρου
1448 5849 1537 5900 ni.
1564 5848 1652 5901 τοῦ

1847 3099 1939 3152 IV.
1969 3099 2105 3153 Cum
2138 3114 2270 3151 vero
2296 3113 2578 3167 per-.ersns
2615 3098 2703 3151 ille
2733 3108 2787 3151 et
2824 3098 3128 3167 depravatae
3153 3098 3352 3150 mentis

1774 3191 1938 3245 homo
1968 3189 2228 3242 Datianus
2267 3188 2621 3249 existimaret,
2663 3204 2757 3241 eos
2785 3189 2933 3241 viros
2964 3187 3351 3257 defatigatione

1773 3291 1935 3351 atque
1984 3296 2349 3335 :erumnarum
2378 3280 2510 3349 jugo
2540 3280 2768 3333 nimium
2798 3288 3048 3350 gravatos
3096 3294 3237 3343 esse,
3285 3292 3350 3331 ac

1772 3384 2073 3435 vereretur,
2112 3389 2179 3426 ne
2213 3372 2368 3435 forte,
2425 3372 2467 3426 si
2528 3386 2716 3424 eorum
2774 3387 2863 3425 res
2908 3371 3348 3434 oblivisceretur,

1773 3475 1929 3521 antea
1978 3474 2207 3519 mortem
2246 3463 2318 3517 illi
2370 3464 2605 3529 obirent,
2637 3479 2797 3532 quam
2832 3464 2946 3532 ipse
2979 3462 3254 3533 propriam
3290 3464 3346 3524 in

1772 3562 1985 3616 iilorum
2019 3558 2279 3629 sanguine
2313 3556 2611 3621 fundendo,
2646 3566 2699 3609 et
2730 3556 2997 3609 membris
3045 3556 3347 3610 lacerandis

1771 3653 2028 3706 sevitiam
2086 3658 2380 3710 exerceret,
2434 3649 2602 3717 jussit
2654 3648 2772 3701 illos
2823 3647 2979 3702 educi
3018 3662 3047 3701 e
3095 3662 3343 3703 carcere.

1771 3742 2106 3812 Opinabatur
2125 3742 2292 3801 enim,
2325 3755 2389 3794 eo
2414 3740 2557 3809 quod
2592 3740 2850 3793 diuturno
2888 3755 3108 3795 carcere
3144 3748 3341 3804 vexati,

1772 3844 1827 3887 et
1865 3833 2124 3886 alumine
2175 3832 2557 3901 communique
2608 3832 2887 3885 hominum
2946 3833 3344 3887 consuetudine

1773 3924 1963 3977 remoti
2008 3923 2255 3985 fuissent,
2290 3924 2422 3976 nihil
2454 3924 2646 3976 virium
2684 3924 2916 3991 amplius
2942 3923 3209 3992 reliquum
3243 3925 3341 3977 ha-

1770 4018 1919 4071 bere.
1952 4014 2178 4070 Nolebat
2208 4026 2389 4070 autem
2425 4016 2544 4070 illos
2586 4017 2744 4080 mori,
2778 4016 3093 4085 priusquam
3136 4017 3346 4070 crucia-

1772 4108 1916 4160 tibus
1943 4106 2125 4159 afflicti
2158 4115 2345 4159 essent
2375 4124 2385 4159 :
2415 4105 2853 4175 quandoquidem
2886 4106 3124 4158 futurum
3154 4120 3343 4173 spera-

1772 4198 1883 4259 bat,
1908 4209 1964 4250 ut
1997 4197 2277 4265 multiplici
2305 4211 2368 4250 ac
2392 4197 2651 4271 diuturno
2681 4198 2923 4250 cruciatu
2960 4211 3053 4249 eos
3077 4194 3341 4250 flecteret.

1771 4289 1904 4342 Cum
1952 4289 2111 4359 igitur
2143 4288 2239 4340 viri
2288 4288 2360 4341 illi
2418 4288 2586 4342 sancti
2631 4290 2812 4343 educti
2862 4306 2891 4342 e
2939 4303 3178 4349 carcere,
3215 4296 3341 4340 ante

1773 4382 2009 4435 tribunal
2069 4381 2270 4448 judieis
2328 4382 2605 4433 stetissent
2659 4380 2979 4448 corporibus
3023 4388 3081 4433 et
3134 4379 3341 4432 viribus

1773 4472 2110 4542 integriores,
2135 4481 2463 4539 aspectuque
2494 4471 2610 4540 ipso
2642 4472 2812 4525 multo
2842 4472 3127 4525 hilariores
3177 4485 3337 4539 quam

1774 4575 1928 4617 antea
1980 4563 2213 4621 fuerant,
2262 4561 2523 4614 Datianus
2571 4577 2768 4630 praeses
2818 4576 3007 4613 amens
3059 4559 3251 4621 factus,
3286 4568 3341 4611 et

1773 4667 1990 4726 stupore
2040 4654 2341 4724 perculsus,
2380 4664 2538 4721 atque
2603 4654 2812 4707 insania
2862 4661 3163 4707 excaecatus
3215 4650 3335 4715 fuit,

1769 4763 1956 4802 eorum
1988 4746 2257 4806 videlicet,
2291 4746 2380 4812 qui
2413 4760 2442 4797 a
2498 4744 2608 4798 Deo
2661 4745 2859 4798 servati
2899 4743 3132 4809 fuerant,
3170 4742 3335 4797 robur

1769 4848 1821 4892 et
1853 4839 1989 4891 vires
2025 4838 2435 4905 obstupesccns.

1844 4928 1903 4982 V.
1928 4930 2060 4981 Cum
2090 4943 2219 4981 vero
2269 4928 2337 4979 ab
2368 4927 2472 4979 illis
2513 4942 2569 4980 se
2606 4927 2745 4980 vinci
2782 4943 2889 4981 non
2925 4937 3222 4997 pateretur,
3279 4934 3334 4979 et

1766 5024 1833 5077 ab
1864 5020 2058 5091 impuri
2094 5022 2315 5090 spiritus
2342 5020 2697 5090 perversitate
2726 5020 3039 5089 agitaretur,
3068 5019 3130 5072 ad
3154 5033 3331 5071 carce-

1766 5118 1840 5169 ris
1871 5114 2149 5167 custodem
2191 5127 2488 5165 conversus
2528 5130 2537 5164 :
2575 5110 2834 5173 Cumani,
2875 5110 3067 5179 inquit,
3116 5109 3237 5161 cibo
3277 5118 3330 5160 et

1764 5218 1890 5275 potu
1916 5205 2163 5256 homines
2198 5204 2329 5255 istos
2373 5201 2667 5254 retrrasti?
2710 5200 2821 5253 Cur
2854 5200 2921 5252 ita
2956 5200 3184 5269 pingues
3212 5197 3325 5251 ﬁeri

1763 5296 1998 5353 curasti?
2030 5297 2145 5349 Mox
2196 5295 2354 5348 feroci
2387 5294 2615 5361 quadam
2652 5308 2779 5345 voce
2821 5293 3081 5349 fremens.
3109 5299 3159 5345 ct
3199 5306 3321 5344 ora-

1762 5389 1965 5441 tionem
2000 5404 2148 5441 suam
2201 5387 2265 5439 ad
2302 5386 2701 5439 sanctissimum
2748 5385 3061 5453 episcopum
3092 5398 3323 5437 conver-

1763 5488 1900 5543 tens,
1943 5482 2018 5532 ait
2054 5501 2063 5533 :
2098 5480 2363 5543 Quidnam
2402 5486 2455 5530 tu
2494 5479 2559 5531 de
2597 5478 2768 5545 teipso
2800 5477 2954 5540 dicis,
2997 5474 3195 5532 Valeri.
3232 5475 3323 5545 qui

1760 5588 1855 5641 per
1880 5572 2153 5642 religionis
2181 5570 2415 5639 speciem
2453 5585 2514 5622 ac
2550 5570 2950 5623 simulationem
2984 5568 3323 5637 imperatori-

1758 5663 1861 5717 bus
1882 5662 2223 5717 adversaris?
2258 5660 2591 5729 Opinabatur
2624 5662 2767 5714 enim
2800 5660 2999 5730 impius
3027 5660 3138 5720 ille,
3166 5659 3323 5713 facile

1761 5754 1876 5809 fieri
1908 5770 2063 5824 posse
2097 5762 2174 5819 ut,
2208 5754 2248 5806 si
2284 5763 2445 5823 caput
2473 5754 2669 5823 ipsum,
2700 5753 2803 5806 hoc
2839 5760 2939 5814 est,
2983 5752 3320 5819 episcopum,

1760 5850 2119 5914 abscinderet,
2152 5846 2353 5917 reliqua
2380 5848 2537 5902 etiam
2568 5848 2827 5913 membra,
2856 5847 3055 5901 clerum
3078 5843 3324 5899 videlicet
