4154 6490
753 448 858 477 v-.--r

765 450 858 508 τμη
1958 450 2241 511 ΜΕΝΞΙΞ
2291 451 2423 509 ms
2442 452 2745 514 eamus.

3907 454 4016 521 748

751 564 827 615 ris
856 564 1001 615 enim
1032 561 1350 633 superﬁcies
1379 579 1441 618 ac
1478 564 1633 633 pellis
1661 562 1877 617 “anima
1920 562 2011 617 illa
2045 572 2329 617 cumbure-

2436 566 2987 637 προσαρασσομένων,
3020 568 3115 623 καὶ
3149 568 3257 622 τῶν
3290 565 3467 638 μελῶν
3511 574 4015 633 κατατεινομενων,

748 653 933 719 batur,
966 654 1299 725 vulneraque
1338 654 1654 710 vulneribus
1678 654 1865 710 addita
1895 654 2324 721 repovahantur,

750 755 808 802 et
843 746 1206 801 lacerationes
1256 747 1679 801 lacerationibus
1739 746 1896 800 novis
1964 746 2326 816 augebantur.

751 839 856 892 Alii
893 838 1161 893 carbones
1204 852 1465 892 accensos
1512 837 1563 890 in
1609 838 1729 906 cjus
1760 851 1959 906 corpus
1999 836 2325 905 injicientes,

750 929 1026 983 diuturnis
1055 927 1285 981 flammis
1312 927 1483 997 ipsius
1514 927 1757 980 membra
1797 927 2192 981 comburebant
2223 942 2238 980 :
2272 926 2325 978 in

749 1036 856 1089 quo
883 1034 1006 1074 cum
1041 1018 1203 1073 nulla:
1230 1019 1461 1088 amplius
1496 1025 1846 1086 superessent
1876 1015 2329 1081 carnes,ﬂamm:e

751 1113 885 1182 ipsa:
932 1111 1193 1179 deinceps
1239 1111 1304 1163 ad
1344 1109 1632 1163 intestinas
1666 1126 1836 1177 usque
1862 1117 2041 1178 partes
2084 1117 2330 1176 pcnetra-

750 1204 903 1268 bant,
926 1212 981 1257 et
1007 1217 1128 1256 cum
1156 1200 1528 1271 superioribus
1562 1200 1875 1254 vulneribus
1900 1200 2094 1253 addita:
2119 1207 2326 1261 essent,

751 1310 894 1350 novo
944 1293 1190 1349 cruciatu
1227 1295 1478 1363 martyris
1535 1308 1734 1363 corpus
1780 1292 2091 1362 allligebant
2121 1310 2135 1346 :
2171 1291 2329 1360 cujus

749 1385 851 1439 etsi
874 1384 1021 1438 nulla
1050 1399 1178 1455 pars
1199 1399 1328 1438 sana
1364 1384 1550 1437 relicta
1574 1392 1736 1449 esset,
1768 1383 2122 1437 nihilominus
2148 1392 2329 1437 tamen

747 1488 908 1528 mens
942 1473 1059 1544 ipsa
1103 1473 1376 1528 cruciatus
1407 1472 1527 1527 illos
1579 1473 1793 1527 fortiter
1824 1473 2125 1543 perferens,
2177 1472 2332 1527 robu-

749 1565 888 1619 stior
915 1564 1269 1629 efﬁciebatur,
1303 1565 1466 1635 idque
1490 1580 1598 1619 non
1630 1564 1906 1618 immerito
1936 1580 1949 1619 :
1978 1563 2164 1618 divino
2185 1563 2329 1617 enim

748 1655 1022 1725 praesidio,
1079 1655 1226 1724 quod
1272 1655 1508 1708 humana
1558 1654 1888 1726 cogitatione
1937 1652 2329 1722 comprehendi

747 1763 859 1803 non
891 1756 1092 1817 potest.
1121 1747 1360 1817 undique
1390 1747 1881 1801 communiebatnr.
1910 1746 2171 1799 Datianus
2201 1760 2330 1799 vero

747 1837 959 1891 insania
1000 1837 1165 1890 multa
1217 1848 1273 1889 et
1324 1836 1507 1889 furore
1558 1837 1814 1906 agitatus,
1874 1836 2133 1905 pergebat
2183 1834 2328 1887 illam

2431 656 2699 728 ἕξαρθρος
2729 660 2941 726 ἐγίνετο
2962 662 2989 712 ὁ
3026 659 3198 727 ἅγιος.
3251 656 3532 713 Ἐντεῦθεν
3560 656 3615 709 δὲ
3657 657 3892 726 σιδηρᾶς
3915 654 4017 725 ρε-

2431 747 2587 808 6δο·.·ς
2616 749 2844 801 ἐπιπολὺ
2870 749 3225 819 πυρώσαντες
3261 746 3527 801 ἐπέϐαλον
3560 746 3655 797 ἐπὶ
3697 745 3759 796 τὸ
3810 744 4018 811 στῆθος

2431 838 2728 906 καιομένας
2760 837 2853 891 τοῦ
2882 839 3180 909 μάρτυρος.
3209 839 3313 898 ἕως
3345 828 3406 889 οὗ
3442 836 3663 905 διετάκη
3693 832 3883 903 σχεδὸν
3914 850 4012 903 με·

2430 930 2563 995 ταξῦ
2596 929 2816 1000 σιδήρου
2847 948 2903 983 τε
2930 933 3023 984 καὶ
3056 930 3226 999 πυρῖις
3271 927 3708 996 ἐκφλογούμενος
3745 930 3774 979 δ
3806 930 4016 993 ἀγωνι-

2436 1023 2565 1082 στῆς
2589 1035 2604 1050 °
2639 1020 2806 1090 ἡγὰρ
2840 1021 2931 1073 τοῦ
2966 1020 3216 1089 σώματος
3243 1020 3537 1087 ἐπιφάνεια
3583 1019 3679 1070 καὶ
3716 1018 3780 1070 τὸ
3830 1016 4015 1087 δέρμα

2430 1110 2615 1181 τρίζον
2642 1114 2706 1181 τῇ
2739 1112 2895 1179 φλογὶ
2919 1110 3223 1180 διεπείρετο
3242 1128 3253 1143 ·
3282 1108 3571 1181 τραύματά
3587 1126 3645 1160 τε
3669 1109 3810 1162 κατά
3835 1126 4014 1176 τραυ-

2446 1202 2630 1270 μάτων
2655 1201 3021 1272 ἀνανεούμενα
3043 1203 3313 1272 ἐφαίνετο,
3332 1203 3423 1253 καὶ
3443 1202 3534 1253 ἐπὶ
3566 1202 3689 1262 τοὺς
3715 1201 4015 1269 αἰκσμοίς

2434 1294 2680 1362 αἰκισμοὶ
2707 1295 3083 1363 ἐχαλέπαινον,
3140 1295 3288 1348 ἄλλοι
3350 1311 3409 1347 τε
3450 1293 3592 1346 κατὰ
3628 1291 3720 1344 τοῦ
3762 1294 4015 1344 καίοντοε

2434 1388 2604 1455 πυρδς
2639 1384 2942 1438 ἐνέϐαλλον·
2966 1387 3058 1438 καὶ
3075 1389 3172 1455 τὴν
3201 1387 3443 1454 ἀνάγκην
3460 1385 3550 1454 τῆ.
3575 1382 3904 1451 (pl-lyciam;
3935 1384 4015 1441 ετς

2438 1480 2656 1549 μακρὰν
2680 1478 3154 1547 διασπειρομένων
3182 1477 3291 1529 τῶν
3327 1476 3525 1545 μελῶν,
3554 1475 3774 1543 σαρκῶν
3798 1490 3853 1525 τε
3893 1473 4014 1524 λοι-

2432 1572 2553 1623 πῖν
2585 1570 2659 1640 μὴ
2686 1570 2999 1638 ύφιστασῶν
3056 1571 3177 1621 κατ’
3208 1567 3386 1621 αὐτῶν
3438 1569 3546 1619 τῶν
3593 1566 3908 1628 ἐνδοσθίων,
3940 1566 4012 1614 τα

2435 1662 2570 1733 μέλη
2596 1663 2702 1714 τῶν
2725 1662 3002 1730 αἰκισμῶν
3025 1660 3301 1731 ἐφέροντο,
3330 1660 3422 1713 καὶ
3444 1660 3583 1710 αὐτὰ
3607 1661 3745 1710 κατὰ
3773 1657 3885 1708 τῶν
3910 1658 4014 1708 αύ-

2432 1751 2543 1803 τῶν
2570 1750 2743 1803 ἑλκῶν
2772 1750 2935 1804 πάλιν
2957 1751 3286 1820 ἐτιμωρεῖτο
3315 1750 3384 1801 τὰ
3416 1750 3579 1818 μέλη,
3609 1747 3795 1815 ἐπειδὴ
3820 1745 4017 1813 σώμα-

2435 1860 2525 1903 τος
2557 1842 2721 1911 μέρος
2753 1842 2874 1895 οὐδὲ
2913 1841 2974 1894 τὸ
3026 1841 3190 1910 τυχὸν
3235 1841 3387 1906 ὑγιὲς
3447 1838 3859 1908 περιελέλειπτο
3881 1853 3894 1865 ·
3922 1838 4015 1888 καὶ

748 1937 1145 1982 tormentorum
1191 1928 1401 1997 cupiam
1451 1927 1672 1988 inferre,
1712 1926 1968 1980 nimirum
2005 1934 2328 1997 exspectans

2434 1935 2582 2002 ὅμως
2610 1936 2637 1987 ό
2669 1936 2926 2006 λογισμὸς
2952 1937 3306 2007 ἐγκιρτερῶν
3347 1938 3456 1997 τοῖς
3502 1936 3701 1997 δεινοῖς
3752 1948 4010 2001 καρτερι-

750 2020 1075 2074 contrariam
1115 2019 1371 2088 martyris
1398 2018 1803 2073 confessionem
1839 2017 2049 2073 audire.

833 2195 973 2250 XIV.
1002 2197 1208 2251 Interea
1244 2196 1437 2250 cohors
1459 2195 1725 2259 militaris,
1756 2196 2057 2250 constantia
2084 2197 2333 2267 martyris

749 2290 1017 2360 perculsa,
1051 2290 1238 2344 retulit
1266 2288 1491 2343 Datiano
1527 2290 1810 2343 carniﬁces
1837 2290 1984 2359 ipsos
2010 2288 2333 2360 defatigatos

752 2394 900 2445 esse,
964 2388 1021 2433 et
1080 2380 1135 2433 in
1194 2380 1479 2434 tormentis
1534 2379 1840 2448 inﬂigendis
1900 2379 1968 2432 ad
2029 2388 2331 2433 extremum

750 2471 1005 2541 spiritum
1034 2471 1279 2525 redactos
1303 2489 1317 2528 ;
1342 2471 1602 2525 athletam
1642 2485 1769 2524 vero
1801 2469 1949 2523 illum
1977 2471 2332 2540 multiplicem

754 2571 1152 2617 tormentorum
1205 2564 1439 2633 copiam,
1486 2580 1547 2617 ac
1579 2573 1854 2617 certamen
1888 2564 2101 2634 egregie
2144 2578 2335 2633 super-

751 2672 894 2712 asse.
917 2655 1072 2711 Tunc
1101 2655 1365 2712 Datianus
1389 2673 1485 2725 spe
1516 2658 1796 2726 deceptus,
1825 2665 1879 2710 et
1914 2658 2155 2711 tenebris
2182 2673 2336 2712 nien-

750 2744 821 2798 tis
850 2760 1143 2815 oppressus
1172 2763 1185 2802 :
1228 2744 1364 2810 lleu,
1394 2747 1589 2816 inquit,
1614 2747 1739 2801 victi
1767 2761 1957 2801 sumus
1985 2764 2000 2803 :
2024 2748 2118 2802 sed
2143 2762 2335 2817 quam-

750 2837 834 2892 vis
875 2848 982 2891 tam
1015 2839 1203 2893 multis
1231 2840 1564 2894 cruciatibus
1590 2840 1709 2908 ejus
1738 2854 1893 2895 mens
1915 2839 2055 2894 victa
2089 2855 2199 2894 non
2224 2842 2333 2897 sit:

716 2912 723 2919 ’
749 2943 876 2982 cum
912 2927 1124 2982 fortiter
1146 2934 1344 2997 corpus
1370 2928 1542 2998 ipsius
1565 2928 1809 2983 flammas
1844 2929 2146 2999 pertulerit,
2170 2930 2337 2983 nihil-

751 3022 970 3076 omimts
1035 3031 1215 3076 tamen
1265 3022 1458 3076 demus
1514 3038 1771 3091 operam,
1834 3032 1891 3076 ut
1943 3023 2063 3092 ejus
2117 3026 2335 3077 animus

753 3112 953 3168 talibus
992 3112 1268 3167 crucietur
1301 3112 1499 3184 pmnis,
1540 3114 1737 3183 quibus
1784 3114 1991 3168 nullum
2034 3116 2334 3169 remedium

2436 2026 2674 2097 κιῦτερος
2707 2029 3086 2095 ἀπεδείκνυτο,
3116 2029 3343 2093 εἰκότως
3385 2027 3750 2098 ὠχυρῶμενος
3778 2029 3845 2096 τῇ
3873 2027 4015 2077 ἀκα-

2434 2120 2694 2189 ταλήπτῳ
2730 2120 2823 2173 καὶ
2857 2120 3226 2191 φιλανθρώπῳ
3265 2122 3403 2192 ῥοπῇ
3442 2119 3537 2173 τοῦ
3566 2117 3725 2172 Θεοῦ.

2506 2209 2600 2264 lA'.
2648 2212 3067 2281 Ἑμὸροντηθεὶς
3089 2212 3145 2265 δὲ
3167 2213 3333 2282 πολλῇ
3384 2213 3643 2280 ἐκπλήξει
3683 2214 3709 2264 ό
3741 2212 4013 2268 Δατιανος

2434 2305 2681 2371 διετέλει,
2742 2309 2809 2377 τῇ
2850 2306 3108 2377 ἐπιρροίᾳ
3146 2306 3254 2359 τῶν
3288 2304 3564 2359 κολάσεων
3620 2304 3718 2373 τὴν
3763 2304 4018 2356 ἐναντία-ι

2435 2395 2726 2465 ὁμολογίαν
2758 2396 3069 2465 περιμένων
3108 2395 3202 2448 τοῦ
3236 2396 3532 2466 μάρτυρος,
3574 2398 3668 2447 καὶ
3696 2394 3934 2462 τάληθὲς
3958 2392 4015 2443 δὲ

2434 2486 2619 2539 λοιπὸν
2643 2485 2772 2555 περὶ
2796 2485 2886 2539 τοῦ
2922 2485 3151 2539 θανάτου
3182 2485 3346 2539 αὑτοῦ
3375 2489 3495 2548 ταῖς
3554 2484 3836 2553 φροντίσιν
3886 2484 4016 2534 ἑτα-

2435 2575 2723 2628 λαντεύετο
2758 2576 2786 2629 ὃ
2813 2592 2866 2628 τι
2896 2575 3005 2629 δέοι
3036 2576 3241 2648 πρᾶξαι
3276 2576 3370 2628 καὶ
3397 2575 3545 2635 ὅπως
3583 2573 3892 2643 ἀναζητῶν.
3929 2572 4018 2624 Ίιῖν

2434 2668 2675 2738 τοσούτῳ
2697 2668 2751 2721 δὲ
2780 2667 2879 2737 τῆς
2908 2668 3119 2733 τάξεως
3167 2666 3775 2736 ύπερεκπληττομένης,
3824 2667 4017 2734 ἀπήγη

2436 2762 2623 2831 γειλαν
2676 2761 2825 2831 αὐτῷ
2853 2761 2903 2813 οἱ
2950 2762 3044 2813 ὲπί
3068 2759 3174 2812 τῶν
3216 2759 3495 2829 τιμωριῶν
3520 2760 3848 2827 τεταγμένοι
3886 2762 3967 2809 το
3992 2775 4019 2818 ς

2440 2854 2541 2926 μὲν
2565 2855 2795 2925 δημίους
2829 2852 3287 2923 ἀποκεκμηκὲνσι
3315 2852 3420 2913 ἓως
3476 2852 3708 2921 ἑσχάτης
3739 2848 4019 2912 ἀναπνοὶς

2437 2963 2495 2999 τε
2525 2945 2619 2998 καὶ
2653 2945 2942 3014 κινήσεως,
2992 2944 3086 2996 τὸν
3124 2942 3180 2995 δὲ
3222 2942 3465 3011 ἀθλητὴν
3517 2942 4018 3012 ύπερνενικηκένπ

2434 3039 2525 3092 τὸν
2560 3038 2859 3107 πολυσχεδῆ
2914 3038 3013 3107 τῆς
3044 3036 3315 3090 κολάσεως
3369 3035 3555 3104 ἀγῶνα
3583 3035 3797 3104 φαιδρῷ
3840 3051 4021 3103 χαρα-

2437 3129 2622 3200 κτῆρι,
2655 3128 3077 3198 ἑγκρατεστέρα
3107 3144 3166 3180 τε
3206 3126 3405 3195 μᾶλλον
3451 3126 3733 3196 ὁμολογία,
3762 3128 3796 3197 ἦ
3824 3126 4022 3194 ῶσπερ

751 3203 997 3258 adhiberi
1046 3204 1237 3274 possit.
1295 3205 1576 3275 Exquirite
1631 3206 1795 3275 igitur
1839 3208 2018 3259 locum
2067 3206 2213 3258 omni
2267 3219 2329 3259 ex

2438 3218 2772 3290 κατήρξατο,
2832 3219 2923 3273 τὸν
2950 3219 3157 3289 Κύριον
3199 3217 3407 3288 Ἰησοῦν
3449 3219 3684 3288 Χριστὸν
3730 3218 4019 3287 ⁴ὁμολογεῖ.

750 3303 907 3367 parte
953 3297 1252 3352 obscurum
1301 3311 1364 3351 ac
1417 3297 1841 3360 tenebricosum,
1889 3305 1949 3352 ut
1998 3298 2329 3367 sempiterna

750 3388 981 3458 quadam
1012 3396 1174 3441 nocte
1203 3387 1484 3457 puniatur.
1520 3385 1723 3441 Locum
1762 3401 1891 3442 vero
1922 3387 2095 3450 illum,
2135 3387 2188 3441 in
2224 3403 2332 3457 quo

750 3482 872 3551 ejus
896 3494 1095 3549 corpus
1132 3479 1577 3534 constituendum
1608 3489 1713 3545 est,
1749 3480 1905 3535 testis
1953 3480 2140 3534 fractis
2187 3488 2334 3533 ster-

753 3573 889 3637 nite,
934 3586 1001 3625 ex
1040 3580 1271 3640 utraque
1323 3580 1479 3641 parte
1529 3571 1897 3636 acutissimis,
1949 3581 2005 3625 et
2055 3570 2334 3626 aculeatos

754 3663 986 3733 angulos
1023 3662 1376 3727 habentibus,
1418 3671 1478 3716 ut
1512 3671 1926 3733 compungatur,
1957 3673 2012 3716 et
2054 3662 2111 3716 in
2141 3678 2333 3732 quam-

754 3771 971 3826 cunque
1004 3764 1215 3825 partem
1260 3754 1429 3809 latere
1469 3769 1565 3809 sua
1601 3754 1951 3819 converterit,
1986 3755 2325 3809 dilaceretur.

754 3849 884 3902 l’ost
911 3848 1045 3911 ha'c,
1075 3857 1136 3902 ut
1156 3847 1463 3901 membrum
1489 3847 1698 3902 nullum
1718 3847 2093 3903 remissionem
2115 3847 2329 3910 habeat,

753 3949 847 3993 aut
878 3938 1295 4002 rccreationem,
1347 3939 1443 3993 sed
1484 3945 1656 3993 totum
1702 3938 1821 4009 ejus
1872 3953 2069 4008 corpus
2113 3938 2329 3992 assidua

756 4043 1151 4086 tormentorum
1206 4030 1560 4085 renovatione
1600 4030 1888 4101 aﬂligatur,
1932 4044 2099 4098 super
2140 4030 2331 4098 hujus-

756 4126 901 4181 modi
922 4117 1088 4180 testas
1108 4125 1387 4179 hominem
1405 4126 1566 4177 istum
1586 4130 1993 4193 prosternentes
2012 4122 2328 4191 pertrahite.

756 4225 815 4269 ut
833 4215 1173 4270 membratim
1194 4215 1338 4268 varie
1354 4213 1645 4278 laceretur,
1673 4222 1727 4267 et
1750 4212 1983 4265 animam
2002 4227 2064 4266 ac
2081 4212 2330 4281 spiritum

753 4308 967 4362 emittat
1001 4307 1067 4370 is,
1091 4305 1184 4375 qui
1215 4312 1407 4359 contra
1430 4313 1661 4357 nostros.
1678 4304 2035 4373 imperatores
2057 4312 2329 4357 certamen

757 4398 1018 4470 suscepit.
1068 4398 1314 4467 Denique
1366 4395 1678 4451 concludite
1731 4396 1911 4465 ipsum
1968 4398 2022 4451 in
2079 4396 2199 4449 loco
2244 4395 2334 4449 illo

757 4492 1125 4556 tenebricoso,
1154 4499 1210 4543 et
1258 4490 1370 4542 illic
1405 4487 1787 4556 derelinquite,
1837 4493 1898 4541 ut
1944 4502 2012 4542 ne
2051 4487 2331 4541 minimam

2437 3310 2544 3363 Καὶ
2569 3310 2689 3362 τότε
2713 3308 3027 3380 διαμαρτὼν
3043 3309 3138 3373 τῆς
3152 3309 3384 3374 ἐλπίδος,
3405 3309 3502 3363 καὶ
3523 3311 3712 3371 σκότος
3731 3312 3837 3361 ἐπα
3846 3327 4022 3378 pLg-.2-

2437 3403 2703 3469 σαμενος,
2750 3400 2891 3453 Φεῦί
2934 3399 3038 3469 ἔφη
3068 3400 3096 3452 ὁ
3127 3399 3424 3469 ἱερόσυλος,
3477 3400 3834 3469 νενικήμεθα,
3892 3401 4015 3452 ἀλλ’

2436 3495 2483 3544 εἰ
2509 3492 2604 3544 καὶ
2637 3494 2754 3555 ταῖς
2806 3491 3122 3555 ὑπολοίποις
3164 3490 3417 3561 βασάνοις
3467 3491 3667 3558 ὁμοίως
3701 3492 3776 3559 μὴ
3812 3492 4021 3561 κάμνοι

2436 3584 2525 3634 τὸν
2565 3582 2846 3653 λογισμὸν,
2883 3582 2973 3635 ἀεὶ
3003 3581 3060 3636 δὲ
3093 3581 3374 3653 καρτερῶς
3394 3580 3667 3649 διατελοίη
3694 3581 3789 3634 τοῦ
3817 3584 4017 3651 σῶμα·

2433 3691 2524 3736 τος
2546 3674 2895 3739 ἐκτακὲντος,
2924 3675 2957 3743 ὴ
2983 3673 3130 3745 ψυχὴ
3153 3675 3266 3737 τοῖς
3289 3672 3639 3739 ἀδιορθώτοις
3670 3673 4017 3743 ἐπιμένουσα

2433 3765 2804 3837 τιμωρείσθω.
2837 3764 3139 3836 Τοιγαροῦν
3169 3766 3548 3835 ἀναζητήσατε
3582 3765 3749 3817 τόπον
3790 3765 4015 3833 ζοφώδη

2434 3857 2773 3928 πανταχόθεν
2808 3857 2908 3928 τῆς
2942 3858 3142 3927 στέγης
3169 3858 3555 3926 πεπιεσμένον,
3607 3858 3703 3910 καὶ
3730 3856 4017 3922 ἀπεξεεω-

2439 3949 2597 4017 μένον
2656 3948 2751 4003 τοῦ
2799 3947 2983 4003 κοινοῦ
3016 3948 3195 4017 φωτὸς
3229 3949 3365 4019 πρὸς
3392 3948 3713 4007 ἀπόλαυσιν.
3753 3948 3907 4010 ὅπως
3944 3951 4016 4015 τῇ

2433 4039 2688 4107 διαιωνίῳ
2715 4038 2871 4092 νυκτὶ
2925 4039 3240 4104 κολάζοιτοσ
3280 4039 3424 4092 κατά
3476 4043 3581 4107 γὰρ
3615 4037 3675 4090 τὸ
3708 4036 4018 4091 ἀνεύθυνον

2434 4126 2600 4179 αὐτοῦ
2626 4126 2725 4195 τῆς
2753 4126 2905 4197 παρὰ
2930 4127 3036 4180 τῶν
3059 4128 3241 4196 νόμων
3271 4127 3494 4199 εἱρκτῆς
3526 4128 3640 4189 τοῖς
3685 4130 4017 4189 κακοποιοῖς

2434 4218 2833 4290 ἐφευρηθείσης
2873 4221 3010 4290 πρὸς
3037 4220 3267 4289 βασανόν
3293 4237 3351 4273 τε
3381 4220 3474 4273 καὶ
3505 4219 3809 4288 ἀσφάλειαν
3830 4220 4018 4290 χῶρος

2435 4302 2592 4371 οὗτος
2639 4307 2972 4373 ἀξιώτατος·
3027 4308 3416 4378 ύποστρὼσατε
3447 4308 3504 4361 δὲ
3546 4308 3764 4361 καὶτὸν
3815 4312 4015 4368 τόπον,

2436 4398 2562 4452 ἔνθα
2600 4398 2856 4469 ἐρῤίφθαι
2903 4398 3109 4467 μέλλει,
3156 4400 3412 4469 ὀστράκῳ
3441 4400 3732 4466 κατεαγότι
3778 4400 3845 4451 ὲκ
3902 4399 4018 4451 τῶν

2440 4491 2716 4561 ἑκατέρων
2744 4489 2927 4561 μερῶν
2960 4491 3104 4555 ὀξεῖς
3135 4488 3329 4558 ἔχοντα
3352 4490 3446 4543 καὶ
3473 4490 3739 4551 ἀκιδωτας
3768 4490 3870 4551 τὰς
3900 4506 4017 4560 γω-

752 4582 969 4653 quidem
1026 4581 1162 4635 lucis
1212 4591 1423 4651 partem
1477 4576 1648 4631 oculis
1693 4576 1810 4633 suis
1862 4576 2108 4648 aspiciat,
2152 4592 2329 4649 neque

2437 4580 2577 4645 νίας,
2602 4581 2748 4645 ὅπως
2771 4582 2838 4634 ἂν
2858 4580 3243 4649 καταικξζηται
3272 4580 3366 4633 καὶ
3386 4582 3784 4649 κατα-λύττηται
3806 4585 3879 4650 τῇ
3918 4599 4017 4650 με-

752 4674 1040 4744 quisquam
1101 4672 1228 4725 illuc
1306 4668 1549 4734 accedat,
1596 4667 1885 4736 omnisque
1939 4668 2327 4724 consolationis

757 4766 893 4820 ratio
920 4780 984 4819 ac
1009 4778 1133 4835 spes
1148 4764 1217 4817 ab
1232 4776 1299 4817 eo
1318 4766 1681 4815 removeatur.
1697 4757 1899 4814 .lanuas
1930 4759 2073 4824 ipsas
2090 4759 2327 4829 undique

753 4858 1010 4923 claudite,
1046 4866 1101 4911 et
1142 4853 1388 4909 vectibus
1437 4867 1531 4906 eas
1567 4851 1934 4919 communite;
1967 4852 2178 4921 hocque
2207 4852 2330 4905 dili-

753 4958 944 5019 genter
973 4955 1179 5011 curate,
1215 4954 1295 5009 ut,
1335 4941 1742 5013 quamprimum
1772 4941 2006 4997 animam
2039 4942 2323 5006 efflaverit,

754 5041 884 5094 mihi
915 5038 1185 5094 referatis.

2434 4674 2711 4744 ταστροφῇ
2731 4671 2839 4724 τῶν
2860 4671 3131 4742 πλευρῶν,
3164 4673 3214 4724 εἰ
3236 4671 3289 4722 τί
3313 4686 3415 4723 που
3445 4672 3603 4741 μέλος
3626 4673 4020 4741 ἐξαναλήψεως

2434 4763 2619 4831 δοκοίη
2675 4762 2857 4816 ἄνεσιν
2908 4762 3358 4833 προσλαμϐάνειο
3419 4763 3512 4815 καὶ
3543 4763 3729 4826 ἁπλῶς
3788 4763 3883 4814 ἵνα
3917 4770 4017 4815 καὶ

2433 4853 2831 4925 τετρυχωμένῳ
2851 4835 2930 4924 τῷ
2954 4854 3169 4923 σώματι
3193 4853 3489 4917 ἀπαύστως
3517 4854 3585 4905 τὰ.
3605 4852 3707 4919 τῆς
3738 4855 4021 4922 τιμωρίας

2434 4947 2804 5016 ἀνανεούμενα
2836 4945 2911 5016 μὴ
2955 4946 3203 5018 ἐλλείπῃ·
3240 4946 3379 5016 πρὸς
3407 4945 3615 5007 τούτοις
3675 4945 4021 5006 ἐκτείνοντες

2436 5037 2599 5092 αὑτὸν
2633 5038 2901 5092 διασπᾶτε
2956 5037 3096 5091 κατά
3135 5038 3335 5099 παντὸς
3366 5037 3567 5107 μέρους
3604 5034 3699 5089 τοῦ
3757 5036 4019 5105 σώματος

752 5131 1113 5195 αύτοῦ,ὄπως
1141 5127 1263 5184 καθ’
1290 5125 1522 5179 ἕκαστον
1551 5125 1719 5194 μέλος
1790 5134 2054 5189 ποικι).ως
2124 5126 2553 5197 στρεϐλούμενος
2611 5127 2910 5199 ἐκπνεύσῃ.
2979 5127 3008 5178 ὁ
3050 5127 3192 5179 κατά
3258 5129 3366 5178 τῶν
3404 5126 3688 5195 ἡμετέρων
3741 5124 4019 5194 βασιλέων

755 5229 1004 5301 μαχητὴς
1037 5223 1326 5296 κρατερός.
1355 5221 1642 5276 Ἐντεῦθεν
1675 5221 2133 5285 κατακλείσαντες
2167 5223 2329 5276 αὑτὸν
2366 5224 2425 5275 ὲν
2483 5221 2562 5293 τῷ
2629 5222 2807 5293 σκότῳ
2831 5219 3163 5274 καταλίπετε
3197 5220 3333 5283 ἐκεῖ,
3359 5219 3432 5281 ὡς
3487 5218 3621 5288 μηδὲ
3645 5218 3995 5288 πρόσπνοιαν

754 5326 888 5396 μηδὲ⁹
922 5322 1183 5394 ἕλλαμψίν
1211 5338 1329 5373 τινα
1363 5317 1540 5388 φωτὸς
1560 5321 1671 5380 τοῖς
1687 5317 1926 5388 δμμασιν
1949 5318 2312 5388 ἐπιδέχεσθαι,
2356 5319 2490 5389 μηδέ
2524 5336 2609 5381 τις
2646 5316 2950 5387 ἀνθρώπων
2988 5318 3167 5369 ἐκεῖσε
3214 5315 3361 5385 πλησ
3386 5314 3505 5379 ἀζοι
3540 5311 3618 5382 τῷ
3650 5314 3833 5364 πᾶσαν
3867 5317 4017 5367 απο-

752 5414 1063 5472 κεκλεῖσθαι
1090 5410 1241 5483 αύτῷ
1275 5408 1650 5481 παραμυθίαν,
1678 5409 1871 5479 θύραις
1896 5426 1954 5461 τε
1980 5414 2073 5463 καὶ
2099 5410 2317 5480 μοχλοῖς
2358 5411 2695 5482 πανταχόθεν
2720 5412 2835 5485 ﬁrm
2898 5408 3436 5479 κατησφαλ.σμένος’
3478 5404 3566 5457 διὰ
3628 5403 3922 5475 ςιροντίδος
3956 5407 4017 5461 δὲ

755 5510 913 5576 μόνον
939 5502 1057 5578 ἦτε,
1086 5505 1174 5558 ἵνα
1203 5503 1297 5555 ἐὰν
1339 5500 1678 5572 ἀποπνεύσῃ,
1711 5501 1772 5553 τὸ
1804 5503 1968 5571 τάχος
1990 5503 2123 5571 ἡμῖν
2142 5502 2551 5573 ἁπαγγέλλητε.

832 5603 945 5658 .\'V'.
974 5603 1069 5657 llis
1094 5604 1163 5655 ita
1191 5600 1368 5667 factis,
1403 5598 1699 5669 ut_nefario
1725 5597 1875 5669 impii
1905 5598 2113 5652 Datiani
2144 5600 2324 5654 edicto

752 5698 1126 5770 praescriptum
1151 5694 1344 5759 fuerat,
1396 5705 1447 5751 et
1479 5708 1544 5749 eo
1574 5692 1630 5747 in
1660 5692 1779 5747 loco
1816 5702 2053 5763 martyre
2086 5693 2317 5757 incluso,

751 5799 1079 5848 adventante
1124 5799 1302 5854 nocte,
1337 5788 1519 5843 statim
1550 5780 1804 5843 'custodes
1844 5788 1944 5855 ipsi
1990 5787 2100 5840 alto
2127 5800 2323 5854 sopore

748 5884 997 5950 depressi
1021 5891 1167 5938 sunt.
1196 5880 1381 5951 Itaque
1411 5879 1552 5950 quod
1588 5880 1842 5949 Datianus
1873 5886 2058 5934 contra
2074 5886 2321 5931 sanctum

2501 5601 2606 5657 IE'.
2642 5602 2952 5671 Γενομένων
2980 5595 3073 5655 οὖν
3107 5600 3311 5654 τούτων
3336 5600 3555 5656 παντων
3596 5603 3741 5656 κατά
3789 5601 3857 5656 τὸ
3888 5603 4017 5657 ἀθές

2433 5708 2585 5760 μιτον
2612 5691 2703 5743 τοῦ
2739 5690 3083 5760 πολυμανούς
3118 5692 3561 5761 προστάγματος,
3590 5695 3685 5744 καὶ
3716 5695 3866 5763 μετὰ
3906 5694 4017 5747 πί.-

2430 5801 2530 5853 σης
2559 5784 2807 5853 ἀνάγκης
2839 5782 2983 5835 οὕτω
3016 5783 3433 5853 καθειρχθέντος
3451 5782 3543 5836 τοῦ
3570 5784 3880 5854 μάρτυρος,
3923 5787 4022 5839 εύ-

2431 5875 2567 5938 θέως
2598 5873 3192 5944 νυκτδςὲπιλαὸούσης,
3227 5874 3389 5945 ηνὶκα
3417 5874 3572 5944 βαθεῖ
3593 5875 4043 5947 κατεσχέθησαν·
