4154 6490
724 433 833 496 755
1582 433 1861 494 MENSIS
1894 432 2426 494 JANUABIUSr-
2459 431 2633 490 VlTA
2661 432 2723 492 S.
2754 433 3175 495 VINCENTII.
3876 440 3987 504 756

725 541 981 595 ανελθεῖν
1008 544 1132 604 τοὺς
1153 542 1414 612 ῥίψαντας
1435 539 1496 593 τὸ
1519 540 1678 611 σῶμα
1694 540 1786 593 τοῦ
1812 540 2087 611 μάρτυρος
2118 540 2340 605 ναύτας,
2380 540 2471 592 ἐπὶ
2506 538 2608 609 τὴν
2636 538 2805 610 ξηρὰν
2835 540 3105 610 ἐπανῆλθε
3126 541 3188 594 τὸ
3221 522 3377 612 ῥιψὶν
3400 543 3579 614 σῶμα,
3600 546 3664 615 τῇ
3695 545 3789 599 τοῦ
3841 548 3979 601 Θεοῦ

725 637 908 704 χάριτι
945 633 1380 705 κυϐερνώμενον,
1440 634 1534 687 καὶ
1561 635 1697 702 ὅπερ
1746 632 1967 685 ἐδόκουν
1992 636 2105 696 τοῖς
2170 633 2420 702 ἀπείροις
2485 633 2583 701 τῆς
2659 634 2934 703 Θαλάσσης
3006 635 3226 704 βάθεσιν
3258 638 3725 708 ἐγκαθελκόμενον
3769 638 3984 709 βυθίζε-

727 726 872 780 σθαι.
901 728 1058 779 τοῦτο
1081 727 1187 795 πρὸ
1206 726 1315 779 τῶν
1344 725 1640 796 ὀφθαλμῶν
1684 726 1863 779 αὐτῶν
1896 726 2128 797 ὁρῶντες
2184 728 2438 796 κείμενον
2501 728 2636 797 πρὸς
2702 727 2781 796 τῷ
2832 726 3032 797 λιμένι,
3079 731 3173 783 καὶ
3235 731 3333 801 τὴν
3399 732 3757 801 ὀφειλομένην
3812 734 3984 803 τιμὴν

728 822 828 890 ἰἦς
856 822 1031 890 ταφῆς
1057 820 1457 891 ἐξαιτούμενον,
1488 822 1582 873 καὶ
1613 824 1845 893 ήσυχίας
1895 823 2147 891 δεόμενον
2179 821 2478 891 ἐξέστησαν
2502 835 2515 851 ⁸
2572 824 2695 877 ὅθεν
2741 826 2891 895 φόϐῳ
2944 827 3122 896 πολλῷ
3181 828 3550 898 συσχεθέντες,
3579 830 3981 892 καταλιπόντες

730 914 859 965 αὐτὸ
892 912 1164 977 ἀπῆλθον·
1204 912 1334 982 πρὶν
1361 914 1392 980 ἢ
1421 911 1528 981 γάρ
1561 929 1681 965 τινα
1726 912 1929 980 φθάσαι
1962 913 2295 979 ἀπαγγεῖλαι
2333 915 2412 984 τῷ
2447 916 2706 985 ἀλάστορι
2730 919 2824 972 ἐπὶ
2885 922 2985 989 τὴν
3019 920 3189 989 ξηρὰν
3228 920 3500 991 ἐπανῆλθε
3538 924 3598 974 τὸ
3626 923 3783 989 ριφὲν
3811 922 3978 991 σῶμα

729 1006 823 1058 τοῦ
857 1008 1131 1078 μάρτυρος
1160 1009 1224 1077 τῇ
1253 1006 1345 1059 τοῦ
1374 1006 1610 1077 Χριστοῦ
1642 1004 2275 1079 κυϋερνώμενον[χειρὶ],
2338 1010 2477 1080 ὅπερ
2549 1012 2769 1082 ἐκριφὲν
2826 1014 2930 1068 ὑπὸ
2985 1014 3093 1067 τῶν
3130 1014 3389 1084 κυμάτων
3443 1014 3745 1069 ἀνεπαύετο
3801 1015 3862 1066 ἐν
3905 1012 3982 1081 τῷ

729 1100 984 1169 αἰγιαλῷ.

805 1191 946 1247 XXI.
971 1191 1087 1246 Jam
1104 1208 1236 1247 vero
1259 1202 1479 1248 sanctus
1498 1203 1699 1265 martyr
1720 1192 2035 1249 Vincentius
2061 1195 2176 1249 viro
2196 1195 2305 1249 cui-

2484 1194 2612 1250 κέν.
2646 1195 2754 1249 Καὶ
2785 1195 2892 1266 γάρ
2922 1212 3039 1249 τινα
3066 1195 3235 1265 ἄνδρα
3274 1194 3397 1250 καθ’
3430 1194 3628 1259 ὑπνους
3664 1195 3984 1262 ὑπέμνησεν

732 1286 855 1338 dum
885 1284 937 1337 in
966 1284 1172 1339 somnis
1199 1286 1453 1355 reliquias
1482 1301 1610 1341 suas
1639 1303 1704 1341 ex
1733 1287 1841 1340 alto
1861 1287 1993 1339 mari
2023 1287 2076 1340 in
2108 1297 2306 1341 terram

731 1378 1008 1447 expositas
1037 1394 1159 1433 esse
1186 1380 1513 1449 significavit
1538 1398 1550 1435 :
1573 1381 1885 1450 quinetiam
1904 1381 2104 1443 locum,
2128 1380 2181 1434 in
2199 1396 2309 1450 quo

738 1475 987 1543 reliquiae
1043 1474 1175 1543 ipsa:
1212 1474 1400 1543 posita:
1432 1483 1610 1535 erant.
1641 1475 1817 1529 eidem
1852 1474 2128 1545 patefecit.
2159 1475 2301 1540 Quo-

734 1565 878 1619 niam
934 1581 1061 1619 vero
1094 1566 1378 1634 praesidem
1412 1565 1611 1619 timens
1642 1567 1726 1619 vir
1780 1567 1886 1631 ille,
1924 1566 1990 1620 ad
2045 1567 2299 1637 martyris

733 1658 992 1727 reliquias
1023 1658 1377 1727 inquirendas
1410 1673 1632 1729 segnem
1667 1668 1721 1712 et
1749 1674 1936 1726 parum
1986 1658 2220 1714 alacrem
2249 1673 2307 1713 se

732 1752 985 1819 pr.ebuit,
1020 1750 1109 1805 ille
1143 1752 1261 1820 ipse
1296 1761 1497 1822 martyr
1535 1751 1588 1803 in
1640 1750 1848 1805 somnis
1904 1750 2159 1819 apparuit
2221 1748 2306 1803 fe-

736 1842 896 1895 mina:
922 1844 1141 1896 cuidam
1167 1844 1364 1907 vidum,
1394 1858 1513 1911 qua:
1543 1852 1600 1895 ut
1620 1850 1775 1895 :etate
1794 1852 2072 1911 provecta,
2098 1843 2168 1895 ita
2194 1856 2310 1894 mo.

735 1948 857 1987 rum
885 1935 1175 1989 sanctitate
1231 1934 1455 2003 praedita
1495 1942 1629 1999 erat,
1673 1933 1821 1988 Illam
1879 1949 2001 1987 cum
2060 1932 2309 1987 similiter

738 2024 1136 2089 admonuisset,
1171 2025 1348 2079 cidem
1403 2026 1554 2095 signa
1588 2026 1836 2095 quaedam
1868 2024 1988 2092 ejus
2018 2023 2118 2077 loci
2153 2031 2308 2092 pate-

737 2114 887 2179 t'ccit,
920 2115 974 2169 in
1000 2132 1107 2185 quo
1138 2127 1386 2171 sanctum
1413 2117 1543 2171 illud
1569 2132 1769 2186 corpus
1790 2116 2015 2184 jaceret,
2048 2115 2193 2183 quod
2221 2114 2306 2167 vi-

738 2209 937 2262 delicet
994 2212 1183 2263 lateret
1232 2211 1331 2263 sub
1359 2225 1521 2263 arena
1552 2225 1713 2279 quam
1742 2210 1878 2263 lenis
1907 2218 1961 2263 ct
2013 2208 2303 2277 tranquilla

740 2300 885 2353 unda
926 2301 979 2353 in
1009 2302 1265 2370 reliquias
1296 2302 1414 2356 illas
1467 2311 1680 2355 sanctas
1710 2302 1789 2355 sic
1829 2301 2102 2355 infuderat
2150 2300 2303 2370 quasi

737 2406 904 2444 arena
940 2391 1054 2459 ipsa
1084 2393 1332 2461 martyris
1368 2392 1662 2461 sepulturae
1695 2392 2019 2446 deserviret.

2406 1292 2434 1342 ὁ
2485 1290 2658 1355 ἅγιος,
2689 1287 2902 1349 δεικνὺς
2963 1285 3112 1353 αὑτῷ
3161 1286 3596 1353 ἁνακεκομίσθαι
3641 1286 3703 1338 τὸ
3730 1285 3985 1354 λείψανον

2407 1379 2569 1435 αὑτοῦ
2593 1379 2687 1432 ἐπὶ
2715 1380 2840 1441 τοὺς
2871 1376 3175 1445 αἰγιαλοὺς,
3214 1379 3310 1430 καὶ⁵
3337 1378 3500 1430 αὑτὸν
3546 1377 3639 1429 τὸν
3680 1378 3854 1429 τόπον
3889 1393 3987 1429 σαο

2407 1472 2639 1541 φηνίσας
2659 1469 2808 1539 αὑτῷ
2836 1469 2977 1521 κατὰ
3002 1468 3313 1539 ἀκρίϐειαν,
3341 1470 3398 1520 ἐν
3418 1462 3462 1536 ᾧ
3485 1468 3745 1531 ἐξέκειτο.
3763 1466 3992 1535 Ἐπειδὴ

2402 1565 2458 1617 δὲ
2492 1556 2648 1625 οὗτος
2681 1561 2829 1631 φόϐῳ
2857 1560 2949 1613 τοῦ
2969 1561 3226 1632 ἄρχοντος
3259 1560 3555 1629 άργότερὸς
3580 1577 3637 1613 τε
3677 1561 3773 1611 καὶ
3801 1561 3987 1628 ἄχρη-

2405 1673 2528 1719 στος
2568 1656 2697 1726 περὶ
2741 1653 2839 1724 τὴν
2871 1654 3098 1722 ζήτησιν
3127 1651 3222 1705 τοῦ
3278 1652 3645 1721 πολυτιμήτου
3704 1650 3990 1720 θησαυροῦ

2402 1750 2638 1817 ἐγένετο,
2672 1746 2817 1814 φημὶ
2867 1744 2955 1813 δὴ,
2983 1743 3074 1797 τοῦ
3128 1743 3284 1812 ἁγίου
3339 1742 3617 1811 λειψάνου,
3669 1744 3755 1810 ἐφ’
3786 1742 3992 1810 ἑτέραν

2406 1838 2569 1892 πάλιν
2598 1836 2774 1907 χήραν
2814 1835 3033 1904 ἔρχεται
3059 1832 3463 1904 προόεόηκυίαν
3498 1834 3611 1895 τοῖς
3637 1832 3843 1894 ἐτεσιν,
3896 1831 3991 1883 καὶ

2405 1933 2592 2002 ἡλικία
2625 1930 3054 1999 διαπρέπουσαν,
3088 1928 3182 1981 καὶ
3212 1928 3463 1996 ἁγιότητι
3519 1927 3989 1997 πεπληρωμένην,

2406 2028 2501 2077 καὶ
2523 2024 2727 2093 ταύτην
2750 2022 2951 2093 ὁμοίως
2993 2022 3319 2091 ὑπομνήσας
3346 2021 3467 2073 καθ’
3506 2020 3731 2081 ὕπνους,
3765 2020 3991 2072 δίδωσιν

2403 2118 2543 2187 αὑτῇ
2602 2108 2805 2185 σημεῖα
2852 2113 3197 2183 ἀληθέστατα
3223 2111 3317 2166 τοῦ
3366 2113 3553 2175 τόπου,
3580 2111 3706 2163 ἔνθα
3730 2111 3829 2179 ἤδη
3887 2110 3993 2161 ὑπὸ

2409 2211 2475 2278 τῇ
2508 2209 2690 2276 ἁπαλῇ
2749 2205 2961 2276 ψάμμῳ
2992 2204 3266 2273 ἡσύχαζεν
3292 2204 3354 2256 τὸ
3406 2204 3586 2272 σῶμα,
3631 2205 3697 2272 τῇ
3729 2204 3991 2253 ἐπα-θέσει

2413 2302 2507 2354 καὶ
2526 2298 2862 2366 ἐπαναχύσει
2886 2296 2964 2365 τῷ
2994 2298 3152 2365 πράῳ
3177 2296 3271 2363 καὶ.
3295 2293 3520 2363 γαληνῴ
3559 2292 3762 2362 κύματι
3783 2307 3992 2360 τετυμ-

2412 2391 2693 2462 σευμένον.
2757 2387 2863 2441 Τοῦ
2916 2388 3024 2457 γάρ
3058 2385 3322 2455 στοιχείου
3369 2384 3770 2453 ἐπλάμποντός
3802 2401 3867 2436 τε
3894 2384 3991 2435 καὶ

737 2485 1143 2549 ἐπικλύζοντος,
1179 2488 1347 2555 ἤγουν
1400 2487 1498 2555 τῆς
1548 2486 1842 2555 θαλάσσης,
1891 2486 2217 2539 δουλεύουσα
2266 2486 2299 2556 ή
2337 2486 2565 2555 ψάμμος
2596 2485 2682 2537 διά
2705 2485 2801 2553 τῆς
2836 2484 2977 2537 κατὰ
3010 2483 3204 2552 μικρὸν
3274 2480 3641 2548 ἐπαθροίσεως
3666 2521 3681 2545 ,
3722 2480 3823 2551 τὴν
3886 2480 3991 2547 τῆς

737 2581 914 2649 ταξιῆς
945 2580 1106 2649 τιμὴν
1138 2580 1556 2649 ἀπεπλήρωσεν.
1589 2580 1748 2632 ’Ὀθεν
1788 2582 1938 2633 οῦδὲν
1988 2581 2297 2650 θαυμαστὸν
2340 2582 2388 2634 εί
2460 2582 2598 2650 μετά
2627 2579 2803 2633 ταῦτα
2826 2578 3131 2649 ἀνθρώπων
3208 2577 3435 2630 σπουδαί
3473 2594 3531 2629 τε
3564 2579 3656 2630 καὶ
3698 2576 3992 2644 θεραπεῖαι

740 2672 1187 2743 συνεπλήρωσαν,
1218 2672 1354 2741 ὅπερ
1384 2672 1482 2742 ἥδη
1514 2671 1581 2725 τά
1610 2676 1844 2743 στοιχεῖα
1878 2675 1971 2727 σὺν
2000 2673 2287 2745 παραδόξῳ
2334 2673 2580 2738 δουλείας
2640 2672 2829 2745 τρόπῳ
2896 2671 2995 2742 τὴν
3061 2672 3202 2740 ὑπὲρ
3239 2672 3338 2739 τῆς
3372 2672 3550 2740 ταφῆς
3610 2671 3993 2727 τετελέκεισαν

742 2763 1092 2833 κηδεμονίαν.

812 2860 978 2914 XXII.
1011 2858 1270 2929 Sepultus
1294 2861 1457 2931 igitur
1475 2860 1573 2915 fuit
1592 2876 1890 2932 generosus
1916 2862 2115 2917 Christi
2142 2863 2305 2919 athle-

2488 2858 2617 2913 KB’.
2656 2858 2859 2925 Ἐτάφη
2883 2855 3017 2923 γοῦν
3047 2857 3263 2923 πρῶτον
3300 2857 3327 2909 ό
3353 2856 3595 2922 γενναῖος
3626 2855 3866 2925 ἀθλητὴς
3895 2856 3992 2908 τοῦ

743 2964 794 3007 ta
828 2953 1061 3022 primum
1086 2952 1138 3005 in
1174 2953 1361 3011 littore,
1386 2954 1487 3007 sub
1510 2969 1691 3008 arena.
1721 2952 1841 3007 Mox
1895 2970 2032 3009 anus
2077 2956 2187 3019 illa,
2232 2955 2312 3010 fe-

741 3045 888 3098 mina
916 3045 1071 3099 valde
1097 3045 1347 3115 religiosa
1372 3053 1427 3100 et
1452 3046 1631 3108 vidua.
1661 3062 1822 3116 quam
1856 3062 2017 3117 supra
2048 3048 2307 3114 diximus,

742 3136 1103 3205 perlustrabat
1159 3136 1363 3203 littora,
1411 3136 1695 3206 inquirens
1748 3138 1899 3208 signa
1942 3138 2051 3201 illa,
2087 3154 2208 3207 qua:
2254 3139 2306 3192 in

742 3228 948 3282 somnis
992 3228 1039 3282 ei
1091 3227 1357 3297 patefacta
1417 3228 1635 3282 fuerant
1676 3244 1951 3297 :cumque
2013 3229 2311 3284 invenisset

742 3318 886 3387 quod
918 3318 1213 3386 quaerebat,
1244 3328 1298 3372 et
1320 3317 1573 3387 martyris
1615 3318 1869 3386 reliquias
1896 3317 1949 3370 in
1992 3318 2164 3372 adem
2198 3318 2304 3371 illis

742 3410 959 3479 dignam
992 3408 1224 3471 tulisset,
1261 3423 1354 3462 eas
1412 3417 1596 3461 sancte
1631 3423 1693 3461 ac
1746 3408 1994 3477 religiose
2044 3409 2304 3462 condidit.

741 3500 928 3569 Itaque
977 3499 1313 3567 smnptnosis
1371 3498 1645 3567 exsequiis
1677 3498 1959 3563 adhibitis,
1995 3513 2160 3552 sacrae
2204 3498 2307 3552 illae

744 3586 983 3655 reliquie
1017 3587 1129 3640 Deo
1158 3587 1254 3657 ipsi
1289 3587 1479 3641 dicata:
1502 3597 1629 3640 sunt
1656 3586 1709 3639 in
1744 3586 1885 3641 illius
1929 3588 2129 3657 .templi
2186 3602 2301 3650 ara,

742 3680 888 3748 quod
944 3680 1116 3733 sancti
1177 3679 1425 3748 martyris
1481 3677 1749 3733 Vincentii
1811 3680 2139 3748 appellatum
2182 3679 2303 3734 fuit.

742 3770 870 3825 llaec
898 3778 981 3823 est
1009 3768 1348 3822 sanctissima
1414 3768 1663 3839 martyris
1708 3768 1999 3833 confessio,
2062 3771 2178 3825 hrec
2242 3772 2308 3824 il-

741 3860 847 3914 lius
879 3860 1198 3923 certamina,
1232 3861 1321 3928 qui
1356 3861 1672 3931 martyrium
1716 3877 1873 3917 suum
1895 3862 2187 3931 complevit
2253 3863 2307 3916 in

743 3952 970 4022 gloriam
1028 3952 1229 4006 Christi
1289 3952 1379 4005 Dei
1433 3952 1637 4011 nostri.
1701 3968 1847 4007 nunc
1897 3963 1953 4007 et
1998 3953 2049 4006 in
2090 3952 2305 4007 szecula.

742 4046 937 4097 Amen.

2416 2952 2654 3023 Χριστοῦ
2686 2955 2742 3004 ἐν
2787 2952 2866 3021 τῷ
2896 2951 3126 3021 αἰγιαλῷ
3172 2954 3249 3015 εἰς
3312 2953 3481 3014 αὑτάς
3520 2954 3617 3012 τὰς
3646 2950 3992 3016 συναλλαγὰς

2413 3046 2509 3098 τοῦ
2538 3046 2767 3113 ἐδάφους
2794 3046 2888 3096 καὶ⁵
2914 3044 3022 3095 τῶν
3050 3044 3257 3097 ὑδάτων
3276 3063 3289 3077 ο
3340 3045 3645 3112 διδάγματα
3701 3042 3761 3093 οῦ
3807 3042 3993 3110 μικρὰ

2418 3136 2751 3205 καταλείψας
2782 3136 2912 3204 ἡμῖν
2945 3135 3031 3187 διὰ
3065 3134 3157 3187 τοῦ
3180 3138 3277 3204 τῆς
3299 3137 3475 3203 ταφῆς
3510 3134 3672 3187 αὑτοῦ
3706 3134 3992 3200 θαύματος

2416 3230 2515 3297 τῆς
2538 3230 2617 3291 είς
2646 3228 2777 3279 Θεὸν
2808 3228 2973 3280 αὑτοῦ
2991 3227 3241 3290 ἁκλινοῦς
3266 3230 3357 3281 καὶ
3386 3227 3708 3295 στερεμνὲας
3725 3226 3991 3284 πίστεως,

2417 3320 2510 3371 καὶ
2530 3319 2678 3378 ὃπως
2700 3316 2927 3386 δόκιμος
2958 3316 3099 3369 κατὰ
3130 3318 3231 3386 γῆν
3257 3318 3349 3369 καὶ
3381 3317 3523 3370 κατά
3551 3317 3826 3369 θάλασσαν
3854 3315 3992 3367 ἁνα-

2414 3408 2623 3478 δειχθῇ.
2666 3409 2825 3461 Ἀλλά
2852 3408 2959 3478 γάρ
2994 3409 3134 3477 καὶὴ
3173 3406 3532 3479 προλεχθεῖσα
3554 3408 3857 3478 πρεσϐῦτις
3898 3407 3993 3458 καὶ

2416 3502 2922 3574 Χριστιανικωτάτη
2952 3506 3097 3575 χήρα
3126 3508 3452 3575 περιήρχετο
3494 3506 3621 3571 περὶ
3646 3506 3768 3563 τοῦς
3804 3504 3994 3568 αἰγιαο

2412 3596 2558 3659 λοῦς,
2590 3598 2657 3648 τά
2681 3595 3131 3664 ἁποκαλυφθέντα
3162 3597 3297 3665 αὐτῇ
3330 3595 3565 3665 ζητοῦσα
3593 3596 3813 3662 σημεῖα,
3865 3588 3991 3644 εἶτα

2412 3685 2651 3754 εὑροῦσα
2682 3685 2743 3736 τὸ
2778 3685 3130 3754 ζητούμενον,
3183 3686 3278 3737 καὶ
3308 3687 3386 3747 εἰς
3418 3682 3560 3737 οἷκον
3594 3682 3815 3745 ἐπάξιον
3848 3684 3990 3734 άποο

2413 3774 2629 3826 τεθεῖσα
2682 3773 2742 3825 τὸ
2770 3775 3075 3842 σεὸάσμιον
3101 3772 3193 3826 τοῦ
3242 3776 3513 3843 μάρτυρος
3555 3772 3823 3839 λείᾲανον,
3864 3786 3994 3823 κατ·

2413 3864 2569 3918 έθετο
2596 3865 2777 3928 ὁσίως.
2812 3864 3089 3919 Ἐντεῦθεν
3126 3866 3233 3934 γάρ
3261 3869 3338 3930 εἰς
3370 3863 3515 3919 οἷκον
3544 3863 3762 3927 ἐπάξιον
3792 3863 3988 3914 ἀνεκο-

2415 3955 2580 4025 μίσθη
2603 3957 2661 4008 τὸ
2691 3957 3164 4027 πολυμακάριστον
3187 3958 3280 4009 καὶ
3305 3955 3708 4023 πανσεὸάσμιον
3730 3953 3845 4017 λεί-ζ,
3857 3969 3988 4004 ανον

2411 4048 2504 4100 τοῦ
2554 4049 2879 4113 πανενδόξου
2926 4050 3203 4118 μάρτυρος
3250 4048 3343 4101 τοῦ
3396 4046 3632 4118 Χριστοῦ
3680 4044 3988 4105 Βικεντίο),

743 4142 839 4193 καὶ
862 4140 925 4211 δὴ
961 4140 1144 4194 λοιπόν
1182 4143 1278 4194 σῦν
1310 4140 1742 4211 πολυτελεστέρα
1788 4144 1929 4210 ταφῇ
1966 4142 2192 4210 ἀνετέθη
2236 4142 2330 4195 καὶ
2362 4142 2671 4213 καθιερώθη
2729 4144 2807 4213 τῷ
2854 4144 2972 4214 Θεῷ
3030 4144 3089 4195 τὸ
3130 4143 3379 4211 λείψανον
3406 4145 3461 4195 ἐν
3486 4142 3563 4211 τῷ
3614 4138 3990 4207 θυσιαστηρί)

740 4230 835 4283 τοῦ
866 4232 1015 4295 ναοῦ,
1072 4232 1169 4301 τήν
1200 4234 1515 4302 ἐπωνυμίαν
1545 4232 1794 4302 λαχόντος
1837 4232 1930 4285 ἐπὶΙ
1969 4232 2044 4301 τῷ
2074 4234 2295 4302 ὀνόματι
2359 4232 2455 4285 τοῦ
2509 4235 2665 4302 ἁγίου
2693 4236 2972 4305 μάρτυρος
2998 4235 3300 4294 Βικεντίου,
3341 4233 3433 4285 τοῦ
3461 4235 3607 4285 οἴκου
3635 4231 3833 4299 δηλαδὴ
3887 4228 3987 4278 σὺν

742 4321 820 4391 τῷ
878 4323 1154 4391 προσιόντι
1209 4322 1357 4393 αὑτῷ
1411 4324 1558 4393 τόπῳ
1617 4324 1695 4385 εἰς
1765 4322 2063 4390 ἐκκλησίαν
2126 4323 2596 4391 καθιερωθέντος,
2652 4326 2760 4377 τῶν
2812 4325 2972 4378 θείων
3016 4326 3109 4377 καὶ
3167 4324 3449 4393 ἀχράντων
3503 4318 3816 4390 μυστηρῖων
3889 4310 3987 4365 τοῦ

743 4416 1014 4468 Δεσπότου
1050 4414 1207 4483 ήμῶν
1247 4414 1420 4480 Ἰησοῦ
1455 4413 1690 4481 Χριστοῦ
1724 4414 1780 4465 ἐν
1842 4412 1988 4482 αὑτῷ
2054 4413 2527 4478 ἐπιτελεσθέντων,
2592 4416 2687 4469 καί¹
2712 4415 2811 4486 τὴν
2871 4418 3186 4484 ἐπωνυμίαν
3254 4417 3506 4486 λαχόντος
3547 4414 3638 4465 ἐπὶ
3678 4411 3765 4463 τὸν
3827 4410 3990 4475 ἄτιον

743 4506 1019 4560 Βικέντιον
1039 4522 1052 4536 ο
1084 4506 1204 4559 καθ’
1229 4505 1285 4557 ὃν
1312 4504 1419 4575 γάρ
1459 4504 1659 4573 τρόπον
1694 4504 1918 4574 ἐτίμησε
1955 4504 2049 4557 καὶ
2070 4505 2303 4575 ἐτιμήθη
2340 4508 2369 4557 ό
2432 4507 2609 4573 ἅγιος,
2641 4507 2735 4561 τὸν
2761 4502 2909 4560 οἷκον
2965 4508 3059 4561 καὶ
3085 4509 3175 4560 τὸν
3205 4509 3369 4561 τόπον
3393 4503 3766 4577 προσκυνητδί
3789 4503 3991 4571 ἀπειρ-

742 4596 974 4665 γάσατο,
1016 4597 1112 4650 καὶ
1159 4598 1267 4666 ὅσῳ
1297 4599 1355 4649 ἐν
1422 4595 1698 4658 πλείστοις
1753 4596 1937 4658 τόποις
2001 4595 2283 4664 ἀνεδείχθη
2322 4596 2383 4649 τὸ
2418 4598 2598 4668 τίμιον
2649 4601 2745 4653 καὶ
2793 4600 3082 4671 ἱερώτατον
3144 4600 3308 4653 αὑτοῦ
3374 4599 3551 4667 σῶμα,
3591 4594 3832 4662 τοσούτῳ
3891 4592 3992 4645 καὶ

743 4688 985 4750 πλείονες
1012 4689 1289 4757 εῦκτήριοι
1319 4683 1458 4740 οἶκοι
1480 4686 2002 4756 κατεστάθησαν,τῷ
2024 4688 2087 4739 ἐκ
2118 4686 2373 4741 πλειόνων
2399 4691 2547 4761 αὑτῷ
2574 4691 2751 4742 τόπων
2766 4694 2861 4755 τὰς
2878 4693 3046 4762 τιμὰς
3066 4691 3451 4761 ἀναφέρεσθαι,
3484 4690 3577 4742 καὶ
3595 4690 3820 4740 πλεῖστα
3849 4685 3991 4738 καθ-

745 4780 997 4850 ιερώσας,
1049 4780 1473 4850 σεσωρευμένως
1503 4780 1597 4832 καὶ
1621 4779 1973 4849 μεγαλοφυῶς
1998 4777 2307 4849 καθιερώθη
2350 4782 2485 4852 αὑτὴ
2552 4784 2583 4853 ή
2649 4784 2907 4853 ὁμολογία
2936 4784 3030 4837 τοῦ
3068 4784 3359 4852 μάρτυρος,
3394 4781 3486 4834 καὶ
3515 4776 3656 4835 οὑτοι
3684 4782 3730 4832 οἱ
3774 4780 3992 4845 ἀγῶνες

745 4872 931 4936 αὑτοῦ,
1001 4872 1077 4942 τῷ
1127 4873 1319 4941 μέχρις
1366 4872 1599 4940 ἐσχάτης
1647 4871 1919 4939 ἀναπνοῆς
1974 4870 2308 4939 ἀμετάθετον
2347 4871 2671 4942 διατηρῆσαι
2696 4875 2794 4944 τὴν
2817 4877 2896 4939 είς
2960 4876 3047 4928 τὸν
3097 4874 3297 4945 Κύριον
3325 4872 3481 4943 ἡμῶν
3513 4871 3719 4942 Ἰησοῦν
3747 4873 3990 4941 Χριστὸν

742 4967 946 5021 πίστιν.
982 4964 1093 5018 Καὶ
1126 4964 1295 5027 οὑτως
1326 4963 1611 5033 ἐτελειώθη
1656 4964 1684 5014 ό
1720 4960 2033 5025 πανένδοξος
2092 4962 2299 5032 μάρτυς
2371 4965 2466 5017 τοῦ
2518 4967 2754 5037 Χριστοῦ
2802 4968 3100 5035 Βικέντιος,
3162 4968 3295 5038 μηνὶ
3357 4966 3650 5037 Νοεμϐρίῳ
3696 4965 3991 5039 ἑνδεκάτῃ,

748 5057 1123 5130 βασιλεύοντος
1175 5056 1267 5111 τοῦ
1297 5055 1492 5127 Κυρίου
1545 5055 1701 5126 ἡμῶν
1745 5055 1918 5124 Ἰησοῦ
1969 5056 2227 5125 Χριστοῦ,
2260 5051 2303 5124 ᾦ
2340 5060 2371 5127 ή
2440 5059 2567 5125 δόξα
2611 5063 2705 5115 καὶ
2740 5062 2799 5115 τὸ
2844 5063 3046 5134 κράτος
3088 5064 3168 5127 είς
3198 5064 3321 5126 τοὺς
3346 5061 3542 5123 αἰῶνας
3598 5059 3706 5114 τῶν
3746 5060 3989 5117 αἰώνων.

757 5150 811 5203 ’Λ
823 5150 895 5220 μή
904 5170 947 5207 ν,
