4154 6490
886 433 1199 449 —_

135 439 1045 474 cum:

1202 415 2882 454 rm

740 641 924 753 DE
1004 637 1121 749 S.
1214 625 1979 748 'I‘IMOTHEO
2059 618 2796 737 APOSTOLO

1090 862 1474 925 EPISCOPO
1516 856 1939 927 EPHESINO,
1992 855 2049 913 Μ
2063 854 2103 911 Α
2117 849 2411 912 RTYRE.

448 1037 611 1085 (Auno
643 1032 820 1086 Christi
842 1032 922 1087 97,
950 1030 1033 1079 die
1068 1028 1129 1077 22
1152 1026 1370 1078 Januarii
1395 1025 1522 1086 apud
1556 1022 1769 1081 Grecos,
1795 1020 1923 1082 apud
1951 1018 2150 1068 Latinos
2173 1015 2253 1065 die
2276 1016 2334 1065 24
2358 1028 2370 1075 ;
2408 1012 2630 1065 Bolland.
2660 1013 2717 1060 ad
2750 1014 2871 1059 hanc
2894 1008 3069 1072 diem.)

1716 1198 1786 1211 ..-

543 1350 570 1419 §
604 1350 641 1403 Ι.
679 1349 737 1406 8.
781 1349 1029 1403 Timothei
1083 1346 1300 1399 natalis.

212 1492 228 1541 t
279 1490 459 1542 Latini
494 1488 739 1556 plerique
773 1486 905 1554 (non
952 1494 1151 1546 tamen,
1187 1484 1331 1552 quod
1385 1482 1713 1536 existimavit

141 1580 431 1641 ltaronius,
483 1594 693 1641 omnes,
742 1586 800 1631 ut
835 1593 958 1631 mox
1008 1578 1276 1644 dicemus)
1334 1574 1389 1629 S.
1442 1573 1712 1629 Timothei

141 1674 376 1725 natalem
426 1671 589 1724 XXIV
642 1669 879 1724 Januarii
917 1668 1211 1722 celebrant.
1245 1666 1436 1736 Opera:
1479 1668 1713 1737 pretium

142 1774 219 1815 est
247 1780 315 1817 ex
339 1762 547 1832 aliquot
575 1761 986 1831 Martyrologiis,
1009 1776 1128 1829 qua:
1154 1760 1221 1813 de
1243 1775 1309 1813 eo
1334 1760 1713 1829 praedicantur,

141 1857 491 1923 depromere,
517 1854 717 1923 quibus
750 1854 955 1923 reliqua
983 1854 1051 1907 de
1082 1869 1146 1907 eo
1178 1852 1408 1907 dicenda
1442 1853 1717 1907 iilustren-

146 1958 252 1999 tur.
314 1946 485 2000 Vetus
513 1961 643 2015 ergo
673 1946 976 1999 Romanum
1021 1946 1460 2015 Martyrolrtgium
1502 1946 1572 1998 ita
1621 1946 1718 1998 ha-

148 2038 235 2091 bet
290 2054 305 2090 :
360 2057 380 2088 ι
434 2037 630 2105 Ephesi
693 2038 961 2091 Timothei
1032 2037 1279 2106 apostoli.
1338 2056 1356 2088 ι
1409 2037 1605 2091 Eadem
1663 2040 1715 2091 in

145 2132 306 2181 variis
355 2146 489 2185 mss.
536 2128 809 2202 leguntur,
842 2146 1071 2199 quorum
1104 2131 1349 2199 quaedam
1396 2129 1552 2184 Beda:
1582 2148 1718 2199 prie-

148 2224 331 2276 lerunt
364 2237 586 2282 nomen,
626 2233 679 2275 et
711 2224 763 2276 in
789 2223 1065 2277 notmullis
1086 2224 1187 2277 sub
1236 2224 1456 2277 nomine
1492 2223 1716 2277 Usuardi

146 2314 355 2377 editis;
408 2315 462 2366 in
519 2314 725 2367 Bellino
770 2330 1007 2383 quoque,
1064 2314 1309 2375 Rabano,
1360 2316 1546 2371 Adone
1584 2336 1595 2369 :
1638 2326 1721 2371 ast

148 2405 228 2456 bie
265 2406 321 2457 in
350 2405 534 2459 libello
571 2407 638 2459 de
678 2407 1063 2460 festivitatibus
1094 2406 1475 2476 Apostolorum
1510 2426 1524 2461 :
1561 2427 1576 2458 ι
1613 2407 1720 2460 Na-

148 2499 266 2552 talis
300 2501 360 2552 S.
402 2497 676 2553 Timothei
731 2499 980 2569 discipuli
1013 2500 1071 2553 Β.
1119 2500 1268 2553 Pauli
1329 2501 1576 2570 apostoli,
1630 2502 1720 2570 qui

150 2592 289 2660 apud
324 2591 599 2660 Ephesum
631 2609 659 2644 ιι
691 2595 850 2646 beato
884 2594 1141 2662 Apostolo
1167 2595 1457 2663 episcopus
1504 2594 1721 2647 ordina-

1735 1347 1779 1401 Α
1812 1351 1866 1395 ιιι
1898 1357 1927 1393 a
1962 1350 2067 1395 tam
2101 1340 2445 1413 loedisl‘aetis
2467 1339 2793 1395 desisterent
2830 1341 3145 1394 hortabatur
3215 1338 3387 1404 Quem

1817 1438 1966 1507 impii
1999 1435 2233 1490 fustibus
2259 1444 2548 1489 contusum
2574 1449 2602 1488 e
2629 1434 2803 1487 medio
2834 1433 3195 1488 sustulerunt.
3232 1432 3389 1485 Post-

1816 1532 2034 1585 inodum
2059 1540 2240 1583 autem
2261 1544 2425 1581 sacrae
2452 1530 2571 1597 ejus
2597 1526 2837 1595 τρΙὶιιυίω
2868 1524 3388 1594 Constantinopolim

1820 1623 2088 1676 translata:
2130 1630 2277 1680 sunt.
2331 1630 2385 1673 et
2440 1620 2491 1672 in
2543 1619 2740 1686 templo
2788 1619 3112 1672 Sanctorum
3160 1619 3390 1685 Aposto-

1822 1716 1995 1768 lorum
2028 1714 2325 1775 collocatie,
2358 1712 2447 1765 tibi
2500 1710 2761 1765 solemnis
2808 1711 2924 1779 ejus
2968 1710 3143 1780 agitur
3183 1724 3390 1763 memo-

1824 1823 1918 1861 ria.

1890 1945 1942 1996 '5.
1978 1944 2174 1997 Eadem
2227 1940 2392 1993 habet
2433 1937 2815 2006 Antbologium
2862 1937 3172 1990 Graecorum
3210 1950 3237 1987 τι
3273 1933 3395 1988 Cle-

1821 2041 2001 2088 mente
2025 2030 2135 2084 Vlll
2168 2030 2546 2099 approbatum,
2570 2040 2623 2083 et
2657 2028 2919 2081 Maximus
2943 2028 3274 2097 Cytherieus.
3330 2027 3395 2079 At

1822 2126 1968 2190 quo‘d
2011 2125 2407 2192 conscripsisse
2456 2121 2805 2191 Evangelium
2840 2120 3057 2177 dicitur.
3091 2119 3140 2172 id
3177 2119 3391 2186 quidem

1823 2216 1947 2269 alibi
1998 2216 2139 2270 baud
2192 2216 2441 2284 legimus.
2474 2214 2681 2266 Citatur
2719 2212 3085 2282 apocryphum
3117 2208 3395 2263 Nlcodemi

1825 2308 2174 2377 Evangelium
2207 2324 2221 2359 :
2257 2305 2380 2359 aliis
2429 2319 2647 2373 quoque
2696 2302 2929 2372 ascripta
2973 2300 3126 2363 olim,
3163 2315 3283 2368 quae
3328 2300 3397 2354 ab

1822 2397 2012 2453 otiosis
2036 2395 2337 2466 composita
2368 2395 2682 2449 hominibus
2725 2402 2902 2457 erant,
2942 2393 3009 2447 de
3039 2393 3237 2461 quibus
3278 2391 3397 2443 fuse

1824 2492 2087 2545 Haronius
2114 2499 2244 2543 tom.
2282 2490 2300 2542 Ι
2337 2488 2403 2541 ad
2432 2503 2519 2540 an.
2560 2489 2660 2549 με
2695 2497 2749 2540 at
2785 2486 2916 2538 nihil
2971 2485 3135 2539 isthic
3186 2485 3253 2537 de
3302 2484 3393 2536 Ti-

1825 2586 2067 2639 mo‘theo.
2114 2582 2380 2636 Fortassis
2415 2580 2693 2649 Evangelii
2736 2580 3094 2646 conscriptor,
3133 2579 3245 2631 sive
3271 2594 3399 2642 συγ-

154 2698 255 2751 tus,
292 2695 421 2755 post
459 2686 659 2740 multos
694 2702 792 2753 pro
812 2685 1033 2740 Christo
1066 2700 1269 2757 agones
1301 2688 1577 2743 dormivit.
1610 2688 1718 2743 Cu-

1828 2678 2089 2747 γραφεὺτ,
2138 2675 2357 2737 dicitur,
2406 2674 2552 2733 quod
2611 2687 2734 2726 cum
2798 2670 3007 2724 Joanne
3064 2669 3400 2723 familiariter

148 2780 231 2845 jus
258 2793 469 2847 corpus
507 2794 629 2831 cum
662 2779 905 2847 reliquiis
938 2778 997 2830 Β.
1031 2778 1258 2833 Andreae
1288 2790 1341 2834 et
1366 2779 1545 2845 Lucae,
1574 2782 1721 2836 vice-

152 2872 286 2921 simo
312 2869 624 2924 Constantii
654 2884 800 2923 anno
836 2868 1368 2940 Constantinopolim
1403 2872 1721 2925 translatum

152 2973 253 3013 est.
297 2979 315 3010 ι
366 2960 571 3012 Eadem
619 2960 781 3014 habet
836 2962 976 3015 Beda
1027 2962 1293 3031 vulgatus,
1345 2962 1632 3025 Notkerus,
1671 2973 1725 3017 et

158 3070 286 3107 inss.
342 3053 601 3120 plurima.
640 3051 1075 3123 Martyrologium
1109 3055 1408 3107 Romanum
1455 3075 1465 3107 :
1506 3073 1525 3107 ι
1562 3057 1725 3110 Nata-

154 3148 213 3197 lis
240 3146 298 3199 S.
344 3145 622 3200 Timothei
656 3148 905 3216 discipuli
942 3147 997 3201 Β.
1045 3147 1193 3202 Pauli
1238 3151 1491 3217 apostoli,
1532 3153 1622 3220 qui
1657 3154 1725 3207 ab

152 3240 341 3291 eodem
378 3238 578 3304 Ephesi
605 3242 882 3293 ordinatus
915 3243 1222 3311 episcopus,
1253 3253 1375 3311 post
1405 3244 1602 3297 multos
1630 3260 1727 3314 pro

154 3330 372 3383 Christo
416 3346 641 3401 agones,
675 3344 798 3385 cum
851 3332 1031 3387 Diana;
1062 3333 1402 3387 immolantes
1453 3343 1725 3404 argueret,

156 3422 432 3487 lapidibus
491 3422 740 3485 obrutus,
786 3424 944 3491 paulo
994 3432 1116 3493 post
1157 3424 1485 3479 obdormivit
1539 3428 1589 3480 in
1628 3429 1728 3482 Do-

157 3530 321 3564 llllllO.
362 3534 379 3561 ο

218 3604 272 3656 2.
304 3604 479 3659 Graeci
547 3622 672 3658 vero
704 3607 844 3661 XXII
904 3608 1169 3673 Januarii,
1227 3626 1333 3676 quo
1367 3610 1727 3680 interemptus

156 3707 263 3755 est,
302 3699 374 3751 de
422 3714 488 3751 eo
522 3711 708 3768 agunt.
752 3700 869 3764 Quo
897 3703 982 3755 die
1024 3702 1219 3755 Illi-nam
1255 3721 1265 3755 :
1301 3722 1316 3753 ι
1379 3702 1559 3757 Samti
1602 3721 1730 3773 apo-

152 3790 269 3839 stoli
314 3789 613 3851 Timothei,
651 3792 897 3859 discipuli
928 3792 981 3844 S.
1010 3792 1155 3846 Pauli
1188 3795 1435 3862 apostoli.
1472 3815 1487 3846 ι

261 3907 458 3955 Amore
486 3906 783 3957 divinarum
828 3907 1121 3959 Timotheus
1175 3926 1509 3972 coronarum,

260 3972 524 4025 Fastibus
567 3990 729 4026 ca'sns
765 3977 917 4027 tinxit
942 3988 1136 4029 terram
1168 3981 1442 4046 sanguine.

153 4088 317 4139 Ortus
342 4088 431 4140 hic
475 4088 575 4140 fuit
606 4106 667 4141 ex
717 4091 900 4159 Lystra
931 4093 1081 4155 urbe,
1119 4104 1269 4160 patre
1314 4097 1521 4164 gentili,
1554 4109 1726 4151 matre

148 4175 368 4237 Judaia,
402 4178 488 4230 cui
526 4180 735 4233 Eunice
768 4196 985 4235 nomen.
1044 4182 1347 4252 Discipulus
1378 4186 1436 4238 Β.
1485 4190 1729 4256 apostolo

159 4266 325 4318 l‘aulo
348 4267 548 4328 factus,
575 4271 913 4337 conscriptor
944 4271 1113 4324 divini
1157 4273 1428 4343 Evangelii
1461 4285 1515 4329 et
1552 4294 1729 4345 przeco

158 4358 368 4410 nstitit
406 4375 416 4409 :
445 4357 642 4411 Joanni
672 4376 886 4429 quoque
915 4378 1020 4428 pra:
1052 4364 1263 4417 czeteris
1298 4380 1325 4416 a
1351 4365 1568 4421 Christo
1592 4370 1725 4423 dile-

158 4458 243 4501 cto
271 4450 519 4501 convixit
552 4468 563 4501 :
606 4461 768 4519 atque
806 4452 871 4505 ab
918 4454 1034 4520 ipso
1064 4456 1310 4522 apostolo
1341 4456 1505 4513 Paulo
1537 4461 1728 4528 Ephesi

156 4539 455 4607 episcopus
482 4542 761 4595 ordinatus
780 4553 879 4596 est.
911 4543 1200 4613 Postquam
1222 4550 1367 4601 enim
1388 4550 1467 4616 (ut
1497 4550 1731 4605 lrenzeus

160 4628 549 4698 Lugdunensis
576 4634 865 4701 cpiscopus
898 4637 1139 4701 tradidit,
1167 4646 1222 4691 et
1248 4638 1445 4707 passim
1480 4656 1733 4695 sermone

157 4720 493 4785 celebratur)
523 4721 760 4776 Joannes
785 4740 813 4776 e
850 4727 981 4778 mari
1013 4728 1238 4796 ejectus,
1267 4727 1589 4796 Ephesoque
1614 4731 1734 4782 red-

156 4813 306 4864 ditus
336 4826 455 4877 cst;
506 4829 567 4865 ac
611 4815 809 4867 deinde
863 4818 964 4869 sub
1016 4817 1321 4871 Domitiano
1375 4820 1621 4887 principe
1678 4821 1730 4871 in

162 4904 413 4960 Palmum
474 4908 703 4961 insulam
763 4910 914 4960 exsul
976 4909 1332 4976 deportatus;
1390 4910 1585 4964 Beatus
1648 4912 1735 4964 hic

161 5001 487 5055 Timotheus
539 5001 825 5069 Eplieslnae
863 5000 1113 5056 Ecclesia:
1160 5003 1391 5071 prmluit.
1448 5002 1581 5056 Cum
1612 5020 1736 5057 vero

164 5092 487 5145 idololatria:
519 5091 657 5144 diem
699 5092 987 5158 quemdam
1020 5091 1239 5155 festum,
1273 5092 1416 5159 quod
1471 5094 1736 5158 Καταγώ-

162 5199 303 5245 -ίετιν,
336 5184 390 5235 id
429 5190 531 5243 est,
560 5180 963 5242 deductioncm,
994 5182 1359 5250 appellabant,
1397 5181 1593 5251 Ephesi
1640 5199 1734 5251 pa-

166 5276 269 5328 trio
298 5276 406 5328 ritu
441 5275 704 5343 agitarent
733 5294 745 5339 ;
774 5275 910 5328 idola
953 5275 1170 5343 quidem
1224 5291 1385 5328 manu
1437 5285 1730 5344 gestantes,

1828 2778 2074 2823 versatus
2104 2767 2326 2836 Ephesi,
2372 2766 2534 2819 trium
2571 2764 3030 2833 evangelistarum
3060 2762 3404 2831 aliorumque

1828 2870 2138 2915 sanctorum
2192 2860 2432 2912 virorum
2482 2857 2548 2911 de
2580 2856 2780 2912 Christi
2839 2856 3000 2909 rebus
3057 2856 3223 2924 gestis
3256 2871 3403 2908 coni-

1829 2951 2126 3004 inentarios
2155 2949 2453 3017 collegerit.
2486 2963 2622 3016 quos
2649 2948 2772 3001 dein
2811 2945 3191 3015 recognovisse
3216 2960 3277 2998 ac
3322 2944 3403 2998 di-

1830 3040 2062 3108 gessisse
2094 3039 2334 3093 Joannes
2365 3037 2587 3090 dicitur.

1900 3174 1951 3225 4.
2010 3170 2209 3224 Eoderu
2276 3168 2417 3222 X.\'|l
2472 3170 2559 3224 die
2608 3168 2848 3222 Januarii
2898 3184 3023 3222 eum
3099 3168 3401 3233 Usuardus,

1830 3263 2188 3332 Maurolycus,
2207 3261 2541 3324 Galesinius,
2572 3258 2843 3325 Canisius,
2864 3261 3060 3329 aliique
3092 3261 3403 3314 Latinorum

1834 3353 2109 3415 referunt;
2146 3353 2363 3421 quidam
2388 3362 2617 3421 utquue
2645 3352 2754 3405 die.
2837 3352 3115 3405 Usuardus
3180 3355 3278 3407 ista
3315 3352 3407 3406 ba-

1834 3447 1923 3499 1)οι
1958 3464 1971 3500 :
2011 3465 2027 3494 ι
2070 3445 2268 3498 Natalis
2307 3444 2363 3498 S.
2393 3444 2665 3498 Timothei
2696 3443 2945 3512 discipuli
2992 3446 3051 3497 Β.
3097 3445 3269 3498 l‘auli.
3310 3446 3407 3499 llic

1833 3538 1901 3591 ab
1949 3537 2137 3591 eodem
2188 3537 2446 3605 Apostolo
2476 3536 2767 3604 episcopus
2830 3538 3043 3605 Epheso
3099 3538 3403 3601 ordinatus,

1833 3638 1937 3683 est.
1977 3649 1994 3679 ι
2039 3630 2347 3683 Galesinius
2384 3631 2627 3683 breviter
2662 3644 2878 3682 omnem
2912 3630 3032 3697 eius
3058 3631 3221 3682 vitam
3255 3646 3405 3683 com-

1834 3723 2028 3791 plexus
2060 3733 2145 3776 est
2178 3739 2191 3775 :
2232 3742 2249 3773 ι
2279 3722 2472 3791 Ephesi
2501 3722 2557 3777 S.
2593 3721 2882 3788 Timothei,
2917 3724 2973 3775 Β.
3000 3723 3148 3777 Pauli
3174 3725 3403 3792 apostoli

1833 3813 2100 3882 discipuli.
2138 3814 2183 3867 ls
2232 3814 2439 3883 Lystris
2492 3817 2544 3868 in
2597 3814 2861 3885 Lycaonia
2902 3825 3080 3877 natus,
3116 3832 3146 3867 ιι
3178 3816 3406 3883 pueritia

1835 3906 1886 3957 in
1916 3906 2083 3958 sacris
2118 3906 2315 3959 litteris
2344 3916 2399 3959 et
2445 3907 2645 3974 pietate
2694 3908 2977 3971 eruditus;
3025 3923 3132 3975 quo
3165 3919 3408 3975 tempore

1780 4028 1797 4079 3
1836 3999 2117 4064 apostolus
2150 3996 2345 4051 Paulus
2394 4014 2460 4049 eo
2490 3999 2655 4063 venit,
2695 3998 3005 4068 religionem
3043 3998 3406 4051 Christianam

1834 4091 2033 4153 coluit;
2062 4100 2249 4159 utpote
2280 4107 2402 4144 cum
2448 4100 2676 4145 matrem
2710 4092 2969 4145 Eunicem
3002 4092 3245 4152 haberet,
3285 4107 3407 4143 titti-

1833 4180 2017 4233 lierem
2049 4181 2177 4234 Jesu
2208 4180 2408 4234 Christi
2440 4182 2563 4235 lidei
2590 4180 2770 4235 studio
2809 4182 3149 4249 ﬂagrantem.
3187 4181 3409 4239 Pervnl-

1832 4280 1949 4339 gata
2006 4271 2124 4338 ejus
2173 4271 2537 4325 adolescentis
2591 4272 2850 4324 viriutum
2884 4271 3047 4333 fama,
3102 4270 3250 4324 illum
3306 4270 3405 4325 sibi

1832 4363 2086 4415 comitem
2146 4363 2598 4433 peregrinationis
2641 4375 2697 4418 et
2744 4366 2950 4418 sociant
2992 4366 3235 4419 laborum
3268 4367 3408 4434 Apo-

1834 4453 2005 4506 stolus
2031 4454 2277 4522 adjunxit
2306 4472 2318 4509 :
2351 4456 2538 4523 sicque
2568 4456 2873 4523 adjutorem
2905 4458 3087 4523 operis
3134 4457 3186 4508 iu
3234 4455 3406 4509 Evan-

1837 4545 1978 4611 gelio
2027 4544 2227 4598 Christi
2285 4547 2535 4599 eumdem
2572 4546 2775 4613 ubique
2814 4545 3084 4599 adhibuit.
3128 4544 3406 4613 Siquidem

1840 4636 1925 4688 hic
1960 4652 2065 4688 una
2107 4652 2227 4688 enim
2287 4636 2398 4696 illo,
2436 4637 2794 4706 propaganda”:
2849 4636 2969 4689 ﬁdei
3012 4653 3194 4697 causa,
3250 4640 3409 4690 molo

1839 4724 2133 4791 Ephesum,
2164 4725 2325 4779 modo
2350 4725 2670 4778 Corinthum
2708 4724 3006 4793 prolectus,
3041 4724 3407 4778 Macedoniam

1838 4814 2020 4877 etiam,
2085 4814 2315 4876 Italiam,
2362 4824 2522 4884 atque
2581 4815 2888 4867 universam
2938 4824 3156 4876 terram,
3216 4815 3407 4882 praidi-

1839 4904 2011 4957 cando
2034 4906 2357 4973 peragravit.
2386 4905 2508 4958 Fuit
2537 4916 2717 4957 autem
2751 4905 3053 4957 admirabili
3079 4904 3247 4957 indoli
3275 4906 3403 4958 ado-

1840 4997 2047 5049 lescens
2084 5014 2096 5051 :
2131 4997 2323 5065 pudice
2345 5006 2398 5051 ct
2420 5008 2568 5050 caste
2599 5004 2864 5065 perpetuo
2896 4997 3028 5049 vixit
3070 5014 3082 5049 :
3118 4997 3403 5064 prudentia

1838 5088 2215 5155 sapientiaque
2250 5089 2320 5141 ita
2367 5088 2637 5155 przestitit,
2686 5097 2741 5140 ut
2771 5103 2931 5139 omne
2966 5088 3326 5141 ministerium
3358 5090 3403 5139 ei

1838 5178 2132 5244 Apostolus
2166 5178 2559 5244 concrederet;
2589 5179 2641 5230 in
2670 5179 3094 5246 Macedoniaque
3118 5195 3303 5233 curam
3344 5181 3405 5231 il-

1840 5271 2018 5322 lorum
2063 5270 2317 5329 traderet,
2344 5269 2433 5336 qui
2492 5267 2841 5339 Evangelinm
2895 5280 3268 5337 susceperant.
3308 5270 3407 5323 υθ-

166 5376 213 5417 rt
244 5367 419 5418 larvis
447 5366 773 5433 quibusdam
807 5374 895 5416 aut
934 5365 1177 5431 personis
1210 5366 1406 5425 induti,
1445 5374 1497 5419 et
1548 5367 1598 5418 in
1655 5367 1733 5419 llis
1770 5364 1809 5416 D
1845 5378 1989 5413 nium
2024 5361 2377 5429 Ephesiorum
2417 5361 2592 5415 factus
2624 5364 2932 5431 episcopus.
2966 5362 3092 5415 dum
3120 5363 3187 5415 ab
3226 5362 3406 5415 Diana:

166 5458 543 5515 decantantes,
583 5464 741 5522 atque
771 5454 823 5505 in
865 5454 1006 5507 viros
1064 5470 1126 5506 ac
1178 5456 1409 5507 lcniinas
1465 5456 1734 5507 latronum

165 5561 315 5597 more
376 5547 668 5608 irruentes,
731 5545 1021 5613 omniaque
1081 5545 1319 5597 cordibus
1403 5544 1734 5606 miscentes;

170 5637 224 5685 lt.
288 5635 612 5689 Timotheus
641 5623 745 5687 tam
789 5636 962 5689 dirum
998 5647 1048 5688 et
1081 5646 1231 5689 atrox
1280 5636 1487 5690 facinus
1544 5638 1738 5689 intueri

172 5740 278 5780 non
322 5729 621 5797 sustinetis,
651 5728 873 5782 stultum
904 5745 1087 5783 corum
1118 5745 1359 5783 errorem
1387 5730 1661 5799 arguebat,
1689 5740 1734 5781 et

1838 5455 1985 5507 cultu
2018 5453 2275 5521 populum
2306 5469 2534 5507 avocare
2556 5465 2802 5518 conatur,
2842 5454 3144 5509 Domitiano
3173 5457 3403 5524 impera-

1842 5556 1976 5606 tore,
2014 5546 2283 5613 lapidibus
2306 5562 2333 5597 a
2367 5546 2712 5599 multitudine
2745 5561 2903 5615 ponte.
2947 5547 3195 5608 obrutus,
3241 5545 3403 5598 Chri-

1840 5640 2138 5691 stianorum
2169 5654 2269 5705 ope
2300 5653 2365 5691 eo
2389 5638 2627 5705 periculo
2679 5640 2960 5698 liberatus.
3000 5638 3062 5690 ad
3117 5632 3403 5690 ﬁnitimum

1844 5740 2099 5789 montem,
2139 5730 2229 5795 qui
2262 5727 2389 5782 i‘ion
2428 5728 2640 5787 dicitur,
2676 5730 2836 5793 \cnit,
2890 5730 2976 5783 ubi
3018 5728 3253 5782 animam
3294 5726 3404 5781 Deo
