4154 6490
735 412 847 477 759

1974 427 2258 487 MENSIS
2298 426 2758 492 JANUARIUS.

3883 437 3990 500 7m

734 528 990 582 reddidit.
1026 524 1153 597 Ejus
1203 547 1403 600 corpus
1433 532 1958 603 Constantinopolim
1996 544 2116 604 post
2166 532 2387 593 (Σοῦ-Α
2413 555 2538 594 cum
2568 540 2765 611 legisse
2806 557 2866 595 se
2912 542 3219 611 passionem
3264 540 3403 597 hanc
3446 542 3655 607 scribit,
3706 550 3988 599 auctorem

730 622 969 675 sta-mino
1012 623 1255 693 Augusto
1292 633 1638 691 procurante,
1668 626 1985 681 translatum
2013 637 2115 682 est.
2152 645 2171 678 ι

801 715 855 769 5.
886 715 990 769 Alii
1041 715 1162 769 aliis
1194 715 1387 772 diebus
1422 717 1549 786 'ejns
1607 718 1925 772 memoriam
1958 730 2302 776 consecrant.

730 807 1150 862 Wandelbertus
1188 806 1307 861 XVI
1339 808 1462 862 Maii
1495 828 1507 862 :

802 918 1041 987 Septima
1081 922 1333 981 Timothei
1360 938 1475 974 cum
1514 924 1647 976 dena
1689 925 1897 978 nomine
1927 924 2083 985 lucet,

813 989 1054 1043 Veridico
1086 990 1287 1046 Paulus
1316 993 1492 1046 docuit
1515 1011 1663 1063 quem
1693 1011 1810 1047 voce
1842 996 2050 1050 beatus.

738 1106 878 1160 XXII
919 1104 1144 1176 Augusti
1185 1108 1284 1161 ista
1347 1108 1511 1163 habet
1540 1119 1915 1178 pet-vetustum
1959 1110 2301 1167 Rhinawtcn.

738 1216 842 1252 ms.
894 1217 911 1247 ι
948 1196 1133 1253 Romae
1197 1198 1469 1254 Timothei
1531 1200 1781 1271 discipuli
1819 1200 1873 1256 S.
1903 1203 2076 1257 Pauli.
2126 1222 2141 1251 ι
2200 1202 2307 1257 Sed

738 1298 1029 1357 postrema:
1063 1300 1175 1346 tres
1216 1307 1376 1346 voces
1433 1292 1696 1348 videntur
1726 1310 1754 1347 a
1788 1296 2011 1349 librario
2040 1297 2263 1365 adjecta:
2291 1314 2303 1349 :

739 1383 936 1436 mlitur
995 1384 1235 1452 alioquin
1287 1400 1353 1438 eo
1394 1384 1483 1440 die
1542 1384 1599 1439 S.
1665 1386 1984 1441 Timotheus
2032 1386 2311 1442 Romanus

740 1470 959 1543 .‘lartyr.
1000 1473 1243 1542 Denique
1273 1473 1466 1527 XXVII
1524 1475 1862 1545 Septembris
1909 1493 2014 1531 ms.
2049 1476 2309 1549 Martyro-

740 1568 938 1637 logium
988 1567 1042 1621 S.
1082 1569 1395 1641 Hieronymi
1443 1589 1456 1626 :
1499 1590 1516 1622 t
1558 1570 1618 1626 In
1670 1572 1886 1640 Epheso
1936 1572 2227 1627 Timothei.
2286 1590 2304 1624 ι

742 1660 1134 1729 liujusntha
1168 1664 1337 1716 sensit
1389 1663 1588 1717 veteris
1635 1665 1869 1733 scriptor
1924 1663 2309 1736 Martyrologii,

740 1751 882 1815 quod
916 1751 970 1805 in
1000 1752 1342 1806 monasteriis
1373 1752 1625 1809 Lmtiensi
1661 1765 1714 1809 et
1746 1754 1803 1808 S.
1827 1753 2043 1809 Martini
2074 1754 2311 1810 Tornaci

741 1856 1075 1907 :isscrvatur,
1105 1845 1157 1897 in
1199 1860 1307 1913 quo
1341 1845 1443 1900 ista
1470 1847 1723 1917 leguntur
1756 1861 1822 1901 eo
1849 1847 1936 1901 die
1971 1868 1984 1902 :
2039 1865 2057 1898 ι
2125 1848 2190 1900 Et
2252 1844 2309 1899 S.

741 1936 1014 1990 'I‘imotliei
1044 1936 1297 2006 discipuli
1330 1937 1479 1992 Pauli
1534 1938 1786 2007 apostoli,
1840 1952 2002 2007 quem
2043 1937 2184 1991 idem
2218 1951 2313 1991 vas

742 2027 1025 2082 electionis
1059 2043 1369 2094 assumens,
1408 2044 1625 2083 omnem
1675 2029 2102 2084 ecclesiasticam
2154 2027 2316 2083 disci-

743 2118 942 2185 plinam
976 2118 1181 2180 docuit,
1214 2126 1266 2171 et
1289 2134 1385 2188 per
1414 2134 1609 2173 manus
1643 2119 2064 2189 impositionem,
2102 2133 2317 2173 accom-

746 2211 1071 2264 modabitcm
1107 2210 1367 2265 Ecclesiis
1418 2211 1565 2265 fecit.
1618 2210 1721 2266 llic
1776 2212 2010 2280 pudicus
2059 2223 2114 2267 et
2165 2213 2316 2281 virgo

744 2317 1091 2369 permanens,
1125 2303 1268 2372 apud
1295 2302 1566 2371 Ephesum
1616 2302 1670 2356 in
1728 2313 1914 2358 monte
1961 2303 2054 2374 qui
2094 2312 2317 2360 vocatur

746 2393 901 2460 l’iou,
932 2410 1055 2450 cum
1088 2412 1284 2467 magno
1336 2398 1542 2451 honore
1586 2397 1832 2466 sepultus
1859 2397 2114 2466 quiescit.
2155 2415 2174 2448 ι
2208 2396 2319 2451 Cur

746 2502 876 2541 vero
911 2504 930 2538 ς
965 2488 1441 2543 aceommodahilis
1492 2488 1753 2543 Ecclesiis
1800 2488 1977 2543 factus
2018 2507 2036 2539 ι
2073 2489 2320 2543 dicitur?

748 2594 815 2630 nn
854 2580 977 2648 quia
1022 2579 1315 2649 episcopus
1353 2590 1707 2635 consecratus
1752 2580 2022 2651 principio
2053 2590 2157 2645 est,
2187 2581 2319 2635 nulli

750 2681 914 2725 certae
967 2672 1078 2725 sedi
1129 2673 1407 2737 astrictus,
1456 2673 1549 2727 sed
1600 2681 1660 2726 ut
1712 2687 1914 2727 munus
1965 2674 2318 2743 apostolicum

748 2765 1045 2834 perfectius
1078 2766 1254 2820 ubivis
1270 2767 1491 2836 exsequi
1524 2766 1750 2835 posset?

957 2898 983 2969 ᾗ
1020 2894 1079 2951 Il.
1108 2898 1241 2952 Acta
1279 2897 1334 2953 S.
1379 2899 1651 2964 Timothei,
1709 2911 1911 2972 tempus
1942 2906 2144 2957 mortis.

825 3010 904 3063 ϐε
952 3010 1260 3082 Polycrates
1312 3010 1669 3083 Ephesiorum
1726 3017 2085 3087 episcopus...
2139 3016 2323 3072 floruit

754 3104 1092 3171 temporibus
1125 3103 1309 3157 Severi
1342 3106 1627 3175 principis,
1671 3126 1688 3159 ι
1722 3116 1784 3160 ιιι
1826 3118 2054 3163 testatur
2101 3106 2159 3164 S.
2194 3108 2322 3162 Ilie-

753 3209 1011 3266 ronymus
1037 3197 1137 3251 lib.
1167 3195 1243 3250 De
1272 3199 1612 3265 scriptoribus
1658 3199 2022 3253 ecclesiasticis
2078 3216 2197 3269 cap.
2231 3200 2324 3261 55,

757 3289 848 3341 ubi
877 3289 1138 3341 nonnulla
1175 3289 1369 3351 recitat
1398 3305 1459 3342 ex
1504 3290 1767 3361 Synodica
1795 3291 1914 3359 ejus
1944 3290 2173 3359 epistola
2224 3306 2324 3361 pro

757 3380 863 3433 ritu
895 3380 947 3433 in
973 3380 1073 3435 ista
1108 3379 1349 3434 Ecclesia
1377 3395 1406 3433 a
1436 3380 1495 3434 S.
1534 3379 1765 3436 Joannis
1798 3380 2156 3451 Evangelistaa
2185 3390 2327 3436 tem-

758 3471 985 3541 poribus
1014 3472 1327 3534 obscrvato.
1379 3472 1689 3527 celebrandi
1737 3488 1843 3527 una
1894 3488 1983 3527 xxv
2025 3472 2325 3528 Paschatis.

760 3564 835 3619 De
864 3580 929 3618 eo
960 3565 1279 3635 Sigebertus
1307 3579 1427 3635 cap.
1461 3565 1517 3620 3.
1548 3584 1566 3615 ‹
1600 3564 1911 3636 Polycrates
1931 3567 2237 3633 passionem
2267 3565 2326 3621 S.

760 3654 1032 3711 Timothei
1056 3657 1284 3726 apostoli
1318 3658 1553 3726 scripsit,
1579 3666 1634 3711 ct
1662 3657 1767 3712 alia
1794 3658 1996 3724 multa;
2032 3677 2050 3710 ι
2086 3667 2141 3713 at
2162 3658 2329 3715 Baro-

760 3749 884 3803 nius
926 3749 980 3802 in
1007 3748 1158 3802 Notis
1187 3748 1253 3802 ad
1280 3749 1738 3821 Martyrologium,
1776 3750 1842 3804 de
1870 3766 1933 3805 ea
1973 3752 2043 3805 ita
2080 3767 2329 3821 pronun-

764 3842 861 3894 tiat
895 3858 907 3893 :
950 3859 967 3892 ι
1008 3840 1325 3895 Passionem
1359 3840 1629 3897 Timothei
1670 3858 1699 3895 a
1751 3839 2033 3911 Polycrate
2070 3842 2327 3913 scriptam

766 3930 931 3985 fuisse
988 3940 1177 3985 auctor
1235 3940 1318 3985 est
1377 3930 1689 4001 Sigebertus
1724 3931 1799 3985 De
1828 3932 1955 3991 viris
1998 3932 2165 3986 illust.
2197 3949 2245 3988 c.
2274 3932 2328 3999 3,

767 4021 861 4073 sed
892 4020 1132 4090 ignotum
1165 4022 1215 4075 id
1253 4037 1476 4091 prorsus
1508 4021 1741 4077 Eusebio
1768 4032 1930 4094 atque
1976 4024 2329 4096 Hieronymo,

765 4110 857 4179 qui
885 4120 1051 4182 agunt
1074 4112 1140 4165 de
1161 4110 1459 4182 Polycrate.
1500 4131 1518 4165 ι
1564 4112 1761 4168 Verum
1791 4124 1847 4169 et
1875 4114 1979 4168 alia
2000 4115 2068 4170 ab
2093 4116 2159 4169 iis
2190 4130 2327 4185 pra:-

769 4204 1014 4259 termissa
1042 4206 1269 4261 aliorum
1301 4214 1582 4260 auctorum
1608 4206 1829 4277 scripta.
1864 4206 2093 4265 Photius
2123 4219 2327 4275 tamen,

839 4400 1297 4476 (a)_S._Timotiiei
1360 4402 1537 4458 Vitam
1591 4394 1813 4476 auctore
1865 4404 2140 4476 Polycrate
2175 4406 2331 4461 dedi-

769 4471 891 4526 mus
920 4473 976 4527 in
1004 4471 1329 4545 Patrologiae
1358 4484 1558 4529 nostra:
1585 4482 1732 4531 tomo
1759 4472 1823 4539 V,
1856 4471 1974 4530 co|.'
1996 4476 2153 4530 1302.
2175 4477 2331 4531 Nunc

2409 633 2616 687 nullum
2647 634 2914 690 nominat.
2956 634 3257 689 Autbertus
3304 634 3520 689 Mirazus
3566 635 3621 688 in
3659 635 3991 689 Bibliotheca

2412 722 2814 785 Ecclesiastica.
2857 745 2875 777 ι
2919 725 3003 780 Fit
3029 728 3082 781 in
3115 741 3179 783 ea
3206 726 3488 789 Passione,
3538 728 3732 796 inquit,
3781 726 3996 780 mentio

2406 816 2598 871 lrenrei
2648 814 3028 889 Lugdunensis
3055 819 3291 886 episeoiii
3319 836 3332 870 :
3359 833 3423 872 ex
3449 833 3558 888 quo
3584 819 3762 879 colligi
3800 818 3991 881 datur,

2407 924 2516 962 non
2557 923 2716 977 posse
2766 924 2888 962 eam
2935 909 3159 962 attribui
3213 908 3507 977 Polycrati.
3555 907 3645 976 qui
3696 905 3994 961 Timotheo

2409 1009 2535 1070 post
2559 998 2876 1054 Onesimum
2899 1000 3181 1054 successit.
3225 1017 3242 1049 ι
3275 1000 3626 1068 Atnusquam
3659 998 3859 1052 dicitur
3884 997 3990 1050 im-

2409 1092 2642 1146 mediate
2674 1092 3005 1146 successisse
3031 1090 3312 1154 Onesimo,
3345 1091 3437 1160 qui
3472 1091 3573 1144 sub
3602 1089 3837 1157 Traiano
3866 1104 3994 1157 pas-

2410 1196 2503 1235 sus
2549 1183 2801 1248 traditur,
2858 1190 2916 1235 ut
2960 1182 3023 1237 16
3068 1180 3227 1236 Febr.
3271 1182 3536 1236 dicemus.
3602 1180 3720 1249 Ipse
3778 1179 3995 1233 Mimos

2413 1274 2678 1329 lrcnmum
2730 1289 2874 1328 anno
2936 1273 3000 1326 l0
3060 1271 3247 1327 Severi
3283 1274 3415 1343 (qui
3470 1281 3587 1326 erat
3622 1272 3822 1323 Christi
3859 1270 3989 1327 202.

2411 1375 2507 1419 aut
2538 1364 2664 1424 203.
2698 1363 2889 1433 viginti
2937 1363 3048 1432 jam
3080 1362 3274 1416 diebus
3308 1361 3625 1428 inchoatus)
3665 1371 3991 1415 coronatum

2412 1456 2609 1511 asserit
2642 1474 2654 1509 :
2690 1455 2747 1509 Β.
2777 1453 3136 1524 Hieronymus
3164 1453 3493 1525 Polycratem
3526 1472 3543 1505 ι
3577 1452 3825 1507 floruisse
3856 1463 3995 1505 tem-

2416 1547 2643 1617 poribus
2709 1546 2896 1601 Severi
2971 1546 3273 1616 principis:
3333 1564 3351 1597 ι
3408 1555 3469 1600 ιιι
3529 1545 3687 1599 facile
3755 1544 4002 1612 potuerit

2414 1640 2627 1705 lrenaai,
2664 1638 2889 1709 aequalis
2922 1638 3027 1703 sui,
3062 1639 3512 1693 commentarium
3562 1637 3823 1707 aliquem,
3886 1636 4004 1688 imo

2415 1745 2628 1795 omnes,
2658 1730 2852 1800 legisse

2490 1826 2611 1894 lpse
2638 1838 2697 1879 se
2729 1822 3064 1893 Polycratem
3094 1832 3281 1876 auctor
3339 1828 3496 1874 vocat
3541 1819 3659 1887 (a);
3716 1817 3809 1887 qui
3865 1831 4002 1869 sane

2419 1914 2684 1982 impostor
2704 1911 2990 1966 habendus
3010 1920 3174 1973 esset,
3207 1910 3249 1965 si
3277 1910 3441 1964 alieni
3468 1908 3704 1963 nominis
3729 1908 3999 1961 honorem

2419 2003 2522 2058 sibi
2550 2002 2686 2057 falso
2719 2010 3017 2071 arrogaret,
3051 2009 3104 2055 at
3132 2000 3396 2069 scriptum
3429 2014 3589 2070 grave
3616 2008 3699 2051 est
3727 2000 3893 2066 (quod
3931 1999 3999 2051 ad

2419 2110 2531 2148 rem
2565 2095 2780 2159 attinet,
2815 2094 2941 2148 licet
2963 2093 3100 2163 stylo
3122 2093 3322 2149 humile
3341 2098 3547 2145 asserat
3573 2089 3847 2157 Photius),
3882 2100 4001 2144 est-

2419 2200 2526 2255 que
2555 2192 2983 2239 consentaneum
3024 2184 3091 2237 iis
3118 2199 3238 2252 qua:
3261 2183 3441 2237 caeteri
3472 2196 3689 2251 quoque
3719 2181 3785 2235 de
3814 2179 4007 2234 Timo-

2422 2280 2551 2334 theo
2589 2280 2956 2334 tradiderunt.
3014 2276 3335 2332 Vincentius
3382 2276 3785 2331 Bellovacensis
3820 2275 3918 2329 lib.
3950 2290 4003 2337 ι,

2421 2388 2543 2443 cap.
2573 2372 2665 2437 58,
2696 2388 2761 2425 ex
2796 2370 3076 2441 Polycrate
3108 2371 3239 2424 Acta
3275 2369 3523 2438 quadam
3551 2368 3828 2423 Timothei
3862 2368 4005 2422 rcci-

2426 2472 2539 2529 tat;
2584 2481 2603 2513 (
2651 2478 2774 2532 quas
2803 2462 2939 2533 stylo
2980 2476 3101 2525 suo,
3142 2478 3161 2511 ι
3192 2461 3390 2527 inquit,
3430 2459 3628 2514 Petrus
3660 2458 3871 2514 Halloix
3905 2472 4009 2512 no.

2424 2565 2535 2610 ster
2570 2555 2623 2609 in
2653 2555 2834 2609 Natat.
2888 2554 2955 2607 ad
2998 2569 3120 2623 cap.
3153 2553 3182 2605 7
3213 2553 3345 2608 Vitae
3368 2553 3435 2629 β.
3474 2551 3777 2623 Polycarpi,
3816 2571 3833 2602 ι
3875 2552 4012 2605 satis

2424 2647 2660 2700 clamant
2698 2662 2756 2700 se
2782 2661 2812 2700 e
2866 2645 3067 2701 Graecis
3117 2660 3239 2699 esse
3282 2632 3585 2710 translata;
3630 2664 3648 2695 ι
3692 2655 3857 2713 atque
3890 2658 4013 2697 om-

2426 2738 2557 2793 nino
2592 2736 2859 2808 Polycrati
2889 2737 3004 2805 ipse
3041 2735 3127 2789 illa
3162 2736 3371 2789 tribuit.
3409 2737 3485 2804 Ep
3530 2752 3597 2790 ex
3635 2736 3872 2791 vetustis
3914 2750 4013 2789 co-

2428 2830 2641 2885 dicibus
2672 2828 3128 2882 monasteriorum
3165 2827 3223 2883 S.
3257 2826 3557 2889 Maximini,
3590 2838 3645 2882 et
3700 2828 3761 2882 S.
3830 2827 4016 2881 Maria:

2426 2924 2493 2977 de
2526 2920 2808 2991 Ripatorio
2837 2919 3250 2988 descripsimus,
3285 2922 3723 2988 contulimusque
3756 2934 3885 2972 cum
3918 2934 4018 2971 ex-

2427 3012 2574 3067 cusis
2623 3013 2888 3082 agonibus
2934 3019 3257 3081 martyrum,
3281 3026 3386 3065 ms.
3415 3009 3620 3064 Nicolai
3655 3009 3925 3071 Belfortii,
3958 3017 4014 3061 et

2428 3105 2612 3161 Grasca
2640 3121 2743 3161 ms.
2786 3106 3013 3163 historia
3042 3106 3285 3177 martyrii
3318 3104 3375 3159 S.
3411 3104 3706 3165 Timothei,
3745 3118 3869 3170 qua:
3896 3102 4016 3171 ipsa

2431 3199 2677 3254 fortassis
2703 3207 2786 3253 est
2816 3198 3138 3269 Polycratis,
3193 3197 3284 3253 sed
3324 3212 3354 3251 a
3381 3196 3632 3266 qu0piam
3679 3205 3798 3261 post
3833 3206 4018 3249 trans-

2432 3290 2570 3344 latas
2599 3289 3130 3359 Constantinopolim
3162 3288 3422 3358 reliquias
3458 3288 3759 3357 recognita,
3806 3287 4018 3340 omisso

2432 3380 2679 3441 exordio.
2729 3394 2837 3449 quo
2862 3395 3061 3433 nomen
3104 3395 3263 3434 suum
3312 3380 3621 3450 Polycrates
3681 3378 4017 3448 proﬁtetur;

2432 3481 2488 3526 et
2523 3472 2737 3536 merito,
2777 3487 2899 3526 cum
2927 3472 3202 3527 recentior
3233 3472 3319 3526 ille
3350 3471 3585 3541 scriptor
3616 3471 3907 3541 periodum
3942 3472 4013 3524 in-

2433 3562 2710 3631 terjecerit
2743 3562 2809 3616 de
2840 3562 3119 3617 translatis
3158 3563 3425 3631 reliquiis,
3467 3562 3554 3616 cui
3597 3562 3827 3631 proinde
3877 3578 4018 3631 pre-

2434 3655 2596 3726 figere
2626 3655 2925 3725 Polycratis
2951 3670 3150 3709 nomen
3186 3670 3295 3709 non
3339 3663 3554 3725 poterat
3580 3672 3594 3718 ;
3626 3665 3679 3709 at
3707 3670 3870 3708 suum
3900 3656 4019 3722 ipso

2432 3748 2670 3813 reticuit,
2718 3748 2801 3802 vel
2836 3757 2967 3802 aetas
3001 3747 3414 3802 librariorumve
3450 3748 3776 3818 negligentia
3846 3749 4019 3802 oblit-

2434 3840 2629 3895 teravit
2661 3856 2674 3892 :
2710 3840 2911 3894 vixisse
2940 3849 3066 3894 ante
3097 3837 3390 3893 Iustiniani
3426 3849 3667 3908 tempora
3720 3839 3850 3892 inde
3876 3854 4016 3892 con-

2434 3932 2720 4003 iectamus,
2748 3933 2871 4001 quia
2904 3931 3087 4000 templi
3115 3931 3182 3984 ab
3228 3947 3294 3985 eo
3331 3930 3539 3984 conditi
3592 3945 3695 3983 non
3733 3932 4015 3983 meminit.

2438 4024 2829 4094 Metaphrastes
2898 4023 3240 4094 martyrium,
3311 4023 3765 4085 translationem,
3825 4024 4022 4089 templi

2440 4117 2523 4171 vel
2552 4116 2961 4171 :ediflcationem
3025 4116 3110 4169 vel
3162 4115 3642 4180 restaurationem,
3693 4113 4023 4183 complexus

2440 4214 2540 4263 est.

2440 4406 2843 4478 ejusdent_acta
2869 4419 2905 4478 ἓ
2936 4402 3206 4475 Symeone
3231 4404 3589 4478 Metapliraste
3620 4406 3820 4478 scripta
3856 4407 4018 4462 exhic

2444 4473 2654 4531 bemus.
2693 4475 2840 4531 Eutr.
2869 4473 3032 4529 Ρλτιι.
