4154 6490
141 430 242 492 765

1402 422 1578 485 VITA
1617 425 1678 486 S.
1717 425 2112 490 ΤΙΜΟΤΙΙΕῘ.

3283 422 3389 484 766

137 542 278 600 ὗδιυς
311 538 420 610 μόῦ
462 538 562 600 τὶς
593 537 651 590 ὲν
680 535 920 607 Χριστῷ.
960 556 978 588 ι
1002 537 1113 590 Καὶ
1135 536 1319 589 πάλιν·
1361 556 1378 588 ι
1427 538 1553 591 Ἐὰν
1584 539 1712 611 ἔλθῃ

1817 546 1949 598 riam
1985 546 2191 616 rediget
2221 546 2332 598 vias
2358 558 2506 598 meas
2539 542 2589 595 in
2610 543 2877 598 Christo.)
2908 541 2972 596 Et
3003 538 3216 595 rursus'
3251 556 3263 592 :
3302 538 3389 591 «Si

137 630 415 701 Τιμόθεος,
472 630 699 698 βλέπετε
730 628 815 681 ἴνα
844 626 1063 695 ἀφόϐως
1089 628 1317 698 γένηται
1344 630 1479 697 πρὸς
1500 630 1664 699 ὑμᾶς.
1688 648 1707 682 ι

139 722 241 776 Νῦν
262 722 321 775 δὲ
347 723 441 774 καὶ
467 719 850 788 Φιλιππησεοις
870 718 1223 782 ἐπιστέλλων,
1248 720 1505 772 κοινωνὸν
1541 720 1707 772 αὑτὸν

135 818 365 868 ποιεῖται
420 814 733 885 ἐπιγραφῆς
762 830 781 870 ,⁸
827 832 845 864 ι
869 811 1080 875 Παῦλος
1105 813 1199 865 καὶ
1251 811 1512 881 Τιμόθεος
1537 813 1713 866 δοῦλοι

148 907 319 976 Ἰησοῦ
354 906 617 976 Χριστοῦ.
645 923 664 957 ι
695 907 803 959 Καὶ
821 904 946 973 ἑξῆς
962 905 1061 973 τῆς
1087 904 1397 972 ἐπιστολῆς
1438 923 1456 955 t
1479 905 1715 968 Ἐλπίζω

138 998 186 1049 δὲ
225 999 283 1047 ἐν
317 996 511 1065 Κυρίῳ
565 996 830 1062 Τιμὸθεον
875 994 1087 1063 ταχέως
1134 994 1347 1062 πέμψαι
1412 995 1563 1064 ὑμῖν,
1628 996 1714 1047 ἵνα

140 1090 284 1157 xitde
338 1087 585 1159 εὐψυχῶ,
632 1090 797 1156 γνοὺς
828 1086 897 1140 τὰ
933 1088 1061 1157 περὶ
1125 1087 1299 1156 ὑμῶν.
1355 1087 1557 1139 Οὐδένα
1606 1087 1714 1157 γὰρ

140 1184 237 1251 ἔχω
300 1182 582 1249 ἰσόψυχον.
637 1181 785 1243 ὅστις
820 1180 1060 1249 γνησίως
1099 1180 1169 1231 τὰ.
1200 1180 1328 1248 περὶ
1358 1177 1513 1247 ὑμῶν
1555 1196 1714 1248 μερι-

142 1278 352 1343 μνήσει.
395 1292 414 1324 ι
452 1275 671 1341 Συνῳδὰ
716 1273 773 1325 δὲ
818 1272 1027 1334 τούτοις
1081 1273 1174 1325 καὶ
1204 1254 1710 1325 ’Θεσσαλονικεῦσιο

146 1368 392 1429 ιιιαῦλος
422 1368 521 1420 καὶ
555 1367 818 1438 Τιμόθεος
867 1366 1043 1420 δοῦλοι
1089 1368 1261 1435 Ἰησοῦ
1309 1367 1571 1436 Χριστοῦ,
1602 1385 1619 1417 ι
1646 1370 1710 1436 τῇ

138 1459 227 1526 τῆς
271 1456 591 1525 ἐπιγραφῆς
663 1458 758 1509 καὶ
818 1455 1053 1508 ἐνταῦθα
1112 1457 1367 1527 κοινωνίᾳ
1424 1458 1662 1525 τιμήσας
1696 1470 1710 1485 ⁸

145 1569 160 1598 σ
189 1547 457 1614 Ἐπεμψα
499 1548 628 1613 ὑμῖν
653 1546 917 1615 Τιμόθεον
937 1547 1029 1600 τὸν
1051 1547 1278 1616 ἀδελφὸν
1309 1547 1464 1615 ἡμῶν
1491 1549 1583 1600 καὶ
1605 1546 1715 1598 διά--

142 1657 285 1692 κονον
310 1639 475 1700 Θεοῦ.
509 1641 601 1692 καὶ
619 1639 879 1708 συνεργὸν
911 1642 966 1694 ὲν
989 1640 1067 1708 τῷ
1109 1640 1425 1709 Εὑαγγελίῳ
1451 1638 1543 1692 τοῦ
1576 1640 1619 1691 Χ
1630 1656 1711 1708 ρι-

142 1733 257 1785 στοῦ
272 1735 356 1795 εἰς
376 1732 433 1784 τὸ
454 1732 702 1798 στηρίξαι
721 1733 811 1784 καὶ
829 1732 1205 1800 παρακαλέσαι
1220 1733 1348 1800 περὶ
1364 1731 1461 1801 τῆς
1480 1731 1714 1795 πίστεως

140 1826 311 1893 ἡμῶν,
336 1822 435 1875 τοῦ
460 1823 664 1892 μηδένα
688 1822 964 1875 σαίνεσθαι
984 1825 1040 1875 ἐν
1058 1825 1176 1885 ταῖς
1199 1822 1410 1890 θλίψεσι
1431 1825 1708 1884 ταύταις.»

1815 638 2025 691 venerit
2058 636 2401 700 Timotheus,
2459 635 2639 689 videte
2666 644 2725 687 ut
2760 636 2877 687 sine
2930 643 3075 687 metu
3129 632 3202 686 sit
3249 630 3390 697 apud

1815 744 1927 782 vos.
1945 747 1962 779 ι
1996 729 2150 782 Modo
2170 735 2350 781 autem
2376 728 2441 781 ad
2464 726 2862 795 l’hilippenses'
2887 738 3101 792 quoque
3123 722 3387 787 scribens,

1814 821 2028 874 asciseit
2050 818 2256 873 socium
2282 818 2654 885 inscriptionis
2688 835 2699 869 :
2727 833 2745 866 ι
2776 814 2973 866 Paulus
2991 822 3045 865 et
3064 812 3391 867 Timotheus

1814 910 1951 963 servi
1998 908 2123 962 Jesu
2149 907 2349 962 Christi
2396 925 2443 959 ι.
2481 905 2544 959 Et
2585 905 2843 972 deinceps
2895 911 3287 968 consequenter
3334 899 3388 953 itt

1819 1000 2056 1069 Epistola
2099 1024 2109 1054 ;
2147 1019 2163 1050 ι
2194 999 2367 1068 Spero
2402 1009 2582 1052 autem
2616 1000 2668 1051 in
2691 999 2919 1051 Domino
2938 1010 3023 1048 me
3045 993 3387 1046 Timotheum

1814 1094 1921 1148 cito
1958 1095 2022 1147 ad
2056 1107 2151 1146 vos
2186 1093 2501 1153 missurum,
2541 1101 2598 1145 ut
2627 1099 2681 1143 et
2712 1105 2813 1158 ego
2858 1089 3000 1142 bono
3032 1086 3217 1139 animo
3263 1082 3386 1145 sint,

1814 1185 2048 1254 cognitis
2075 1200 2195 1254 quae
2217 1185 2359 1237 circa
2393 1199 2486 1237 vos
2538 1192 2683 1236 sunt.
2725 1182 3004 1235 Neminem
3034 1180 3179 1233 enim
3215 1175 3389 1229 habeo

1816 1290 1922 1333 tam
1949 1280 2278 1341 unanimem,
2315 1280 2403 1345 qui
2436 1277 2645 1331 sincere
2669 1291 2764 1343 pro
2797 1274 2948 1327 vobis
2969 1274 3036 1326 sit
3064 1271 3380 1325 sollicitus.»

1820 1372 1912 1426 His
1951 1388 2082 1426 vero
2130 1371 2482 1441 congruentia
2514 1370 2705 1421 scribit
2743 1369 2907 1421 etiam
2939 1367 3007 1420 ad
3040 1364 3389 1418 Thessaloni-

1817 1466 2074 1519 cences':
2100 1481 2120 1515 ι
2141 1462 2340 1517 Paulus
2368 1471 2422 1516 et
2446 1460 2767 1513 Timotheus
2788 1460 2929 1513 servi
2948 1458 3075 1511 Jesu
3100 1455 3326 1515 Christi,
3364 1472 3381 1502 ι

1814 1569 1939 1609 eum
1973 1554 2058 1607 hic
2092 1566 2309 1621 quoque
2355 1551 2630 1604 honorans
2670 1550 2931 1603 societate
2965 1545 3336 1612 inscriptionis
3369 1560 3384 1596 :

1822 1664 1841 1698 ι
1875 1646 1988 1699 Misi
2025 1646 2089 1699 ad
2122 1660 2216 1699 vos
2243 1644 2589 1698 Timotheum
2617 1642 2835 1696 fratrem
2868 1648 3112 1694 nostrum
3142 1644 3196 1690 et
3227 1636 3385 1689 mini-

1818 1749 1991 1792 strum
2022 1737 2139 1802 Dei,
2162 1747 2216 1791 et
2244 1746 2651 1805 cooperatorem
2677 1734 2730 1787 in
2760 1732 3044 1801 Evangelio
3069 1728 3195 1783 Jesu
3228 1727 3388 1781 Chri-

1820 1828 1992 1890 sti,ad
2023 1827 2419 1882 confirmandos
2451 1843 2547 1882 vos
2576 1836 2630 1881 et
2654 1824 3020 1879 exhortandos
3046 1837 3143 1891 pro
3171 1822 3271 1874 lide
3291 1835 3377 1873 no-

140 1916 241 1967 Καὶ
293 1912 535 1982 αλλαχοῦ
556 1929 568 1943 ·
634 1932 651 1964 ι
678 1912 789 1983 τὴν
823 1913 879 1965 δὲ
905 1913 1136 1982 δοκιμὴν
1167 1913 1333 1967 αὑτοῦ
1390 1912 1710 1982 γινώσκετε,

1817 1927 2015 1979 stra,et
2036 1934 2195 1972 nemo
2220 1928 2503 1973 moveatur
2536 1917 2590 1970 in
2622 1918 2738 1971 istis
2773 1915 3157 1969 afﬂictionibus
3178 1913 3241 1962 ³⁸.
3274 1933 3290 1962 ο
3322 1911 3387 1964 Ει

140 2006 314 2067 δτιὼς
356 2006 526 2073 πατρὶ
595 2005 782 2056 τέκνον
832 2005 930 2056 σὺν
982 2004 1106 2072 ἐμοὶ⁵
1156 2003 1471 2057 ἐδούλευσεν
1517 2006 1597 2067 εἰς
1645 2003 1707 2057 τὺ

142 2095 474 2162 Εὑαγγέλιον
496 2111 509 2126 ·
536 2114 555 2147 ι
598 2094 884 2165 μάρτυρας
901 2093 1186 2157 κάκείνους
1207 2096 1367 2147 οἱονεὶ
1391 2095 1490 2164 τῆς
1512 2093 1716 2164 ἀρετῆς

140 2190 225 2241 τοῦ
250 2187 526 2259 Τιμοθέου
593 2186 1059 2257 παραλαμὸἀνων.
1106 2189 1340 2241 Ἔπειτα
1368 2188 1422 2240 δὲ
1460 2186 1554 2240 καὶ
1580 2187 1718 2255 πρὸς

140 2282 515 2344 Κολασσαεῖς·
588 2299 606 2331 ι
636 2279 842 2343 Παῦλος
892 2281 1194 2344 ἀπόστολος
1260 2279 1432 2350 Ἰησοῦ
1473 2278 1713 2352 Χριστοῦ

140 2376 219 2427 διὰ
236 2375 550 2446 θελήματος
581 2372 741 2439 Θεοῦ,
771 2374 865 2427 καὶ
894 2372 1158 2444 Τιμόθεος
1184 2374 1212 2427 ὁ
1241 2373 1487 2444 ἁδελφός.
1517 2392 1535 2425 ι

1816 2012 1942 2065 alibi
1968 2014 1988 2043 ’
2015 2031 2029 2068 :
2056 2031 2073 2063 ι
2103 2012 2483 2066 Probationem
2516 2020 2697 2065 autem
2716 2010 2834 2077 ejus
2862 2007 3209 2079 cognoscitis,
3239 2006 3382 2073 quod

1818 2106 1957 2159 sicut
1986 2106 2124 2161 (ilius
2143 2107 2278 2175 patri
2308 2121 2519 2159 mecum
2547 2104 2733 2159 serviit
2764 2103 2815 2155 in
2846 2102 3134 2168 Evangelio
3164 2118 3177 2157 :
3204 2120 3221 2150 ι
3264 2100 3385 2153 illos

1815 2212 2032 2266 quoque
2075 2214 2361 2253 assumens
2393 2200 2557 2254 veluti
2612 2207 2777 2255 testes
2831 2199 3043 2252 virtutis
3093 2194 3380 2248 Timothei.

1818 2288 2022 2343 Deinde
2056 2306 2184 2345 vero
2219 2292 2385 2346 etiam
2416 2292 2483 2346 ad
2515 2292 2868 2347 Colossenses
2893 2291 2935 2321 ‘°
2966 2308 3007 2344 :t
3046 2288 3243 2341 Paulus
3260 2301 3389 2354 apo-

1815 2381 1991 2436 stoius
2048 2381 2192 2437 Jesu
2221 2383 2424 2440 Christi
2462 2401 2557 2456 per
2592 2385 2925 2441 voluntatem
2963 2380 3076 2447 Dei,
3113 2389 3168 2434 et
3200 2378 3385 2431 Timo-

1819 2470 1980 2526 theus
2021 2476 2205 2533 frater.
2248 2497 2266 2528 ι

1594 2636 1823 2696 CAPUT
1856 2642 1922 2699 ll.

912 2762 973 2817 S.
1033 2759 1287 2815 Timothei
1342 2758 1505 2824 zelus,
1564 2759 1901 2828 martyrium.
1961 2758 2019 2814 S.
2081 2756 2302 2812 Joannis
2338 2754 2602 2810 exsilium.

204 2880 285 2937 Β.
336 2880 494 2934 Οὕτω
530 2880 821 2951 τοιγαροῦν
847 2879 952 2932 ὑπὸ
999 2877 1092 2931 τοῦ
1135 2875 1453 2931 διδασκάλου
1505 2892 1713 2946 μαρτυ-

148 2972 233 3037 pm}
245 2988 432 3040 μενος,
463 2972 556 3022 καὶ
585 2969 742 3022 τοῦτο
777 2970 872 3038 μὲν
894 2968 1082 3019 τέκνον
1108 2967 1165 3018 ἐν
1192 2964 1381 3035 Κυρίῳ
1405 2964 1593 3016 πιστὸν
1617 2962 1713 3014 καὶ

1890 2876 1954 2931 ν.
1992 2874 2160 2930 Porro
2187 2884 2368 2928 autem
2400 2889 2522 2927 eum
2554 2888 2582 2926 a
2613 2877 2944 2939 praeceptore
2979 2873 3188 2919 tantum
3219 2863 3385 2917 ferret

1821 2969 2214 3033 testimonium,
2245 2977 2297 3022 et
2329 2967 2488 3021 modo
2519 2964 2735 3035 quidem
2778 2962 2920 3014 filius
2958 2960 3010 3011 in
3047 2957 3275 3011 Domino
3327 2956 3389 3008 fi-

144 3063 447 3130 ἀγαπητὸν,
478 3060 706 3113 τοῦτοδὲ
746 3061 841 3113 καὶ
865 3057 1087 3124 ἁδελφὸς
1125 3055 1286 3108 αὐτοῦ
1326 3057 1413 3108 καέ
1452 3053 1713 3123 συνεργὸς

1819 3062 1955 3117 delis
1986 3070 2037 3115 et
2062 3061 2325 3115 dilectus:
2358 3057 2517 3109 modo
2558 3064 2738 3108 autem
2769 3053 2886 3121 eius
2922 3050 3088 3103 frater
3126 3058 3181 3101 et
3208 3048 3385 3100 Evan-

140 3154 229 3206 τοῦ
262 3152 602 3219 Εὐαγγελίου
651 3149 933 3203 καλεῖσθαι
976 3148 1297 3217 ἠξιωμένος,
1327 3146 1418 3198 καὶ
1442 3144 1713 3198 τοσούτων

142 3247 249 3298 ἂνω
266 3246 360 3297 καὶ
383 3245 537 3296 κάτω
563 3241 689 3311 παρ’
713 3241 857 3311 αύτῷ
872 3242 963 3294 καὶ
992 3240 1134 3293 οὕτω
1152 3240 1402 3309 μεγάλων
1427 3234 1714 3290 ἀπολαύων

142 3337 247 3388 τῶν
280 3334 601 3401 ἐγκωμίων,
634 3333 780 3401 ὅμως
809 3332 930 3384 οὐδὲ
957 3330 1130 3393 οὓτως
1177 3324 1290 3398 εἶχε
1322 3328 1545 3398 θαρρεῖν
1574 3326 1714 3394 ὑπὲρ

144 3426 337 3479 ἑαυτοῦ
378 3426 578 3494 καὶμὴ
618 3424 844 3475 δεδιέναι
869 3437 885 3452 ·
927 3422 1064 3474 ἀλλὰ
1139 3421 1278 3491 μετὰ
1314 3420 1582 3487 τοσαύτης
1617 3418 1712 3487 ἔζη

142 3519 234 3587 τῆς
263 3513 575 3585 ἀκριϐείας,
604 3513 699 3565 καὶ
728 3511 899 3573 οὕτως
935 3509 1226 3577 ἐναγώνιος
1251 3509 1346 3561 καὶ
1412 3506 1714 3577 φιλοπόνως

142 3612 231 3663 καὶ
257 3607 601 3678 τηλικαύτην
659 3604 929 3675 εἰσφέρων
964 3605 1063 3674 τὴν
1086 3603 1481 3668 κακοπάθειαν,
1511 3601 1586 3664 ὡς
1621 3601 1715 3653 καὶ

142 3700 527 3770 παρακλήσεις
551 3696 799 3765 αύτῷτδν
816 3695 1133 3749 διδάσκαλον
1165 3693 1485 3765 προσάγειν,
1516 3694 1714 3763 μηκέτι

142 3792 462 3861 ὑδροποτεῖν
512 3787 589 3857 τῷ
666 3786 883 3857 μαθητῇ
949 3784 1351 3856 παραινοῦντα,
1413 3783 1527 3835 ἀλλ’
1586 3782 1715 3848 οἴνῳ

140 3883 303 3950 ὀλίγῳ
332 3878 568 3950 χρῆσθαι
597 3896 615 3928 ι
641 3877 740 3929 Διὰ
775 3878 866 3929 τὸν
907 3877 1175 3947 στόμαχόν
1244 3894 1359 3942 σου,
1412 3873 1565 3945 φησι,
1620 3873 1713 3926 καὶ

138 3976 233 4035 τας
260 3972 476 4033 πυκνάς
511 3986 606 4022 σοι.
639 3967 939 4030 ἀσθενείας.
970 3987 989 4019 ι

208 4064 301 4128 ς’.
346 4060 512 4113 Ἀλλὰ
568 4060 662 4111 καὶ
719 4058 890 4119 οὕτως
941 4055 1108 4111 αὑτοῦ
1145 4060 1444 4127 κάμνοντος
1480 4060 1584 4113 ὑπὸ
1618 4062 1715 4131 τῆς

143 4151 403 4221 συνεχοῦς
433 4150 748 4221 ἀρρωστίας
769 4149 827 4201 τὸ
847 4149 1026 4219 σῶμα,
1057 4149 1150 4202 καὶ
1185 4150 1283 4220 τὴν
1314 4151 1406 4203 τοῦ
1438 4153 1714 4222 στομάχου

138 4247 373 4314 δύναμιν
419 4240 714 4310 περιϐεϐλη
726 4241 908 4307 μένου,
937 4241 997 4293 τὸ
1024 4243 1273 4308 γενναῖον
1302 4242 1595 4311 ἁπέλαμπε
1617 4245 1715 4312 τῆς

140 4338 342 4406 ψυχῆς.
384 4334 461 4388 Οὔ
494 4332 603 4399 γὰρ
643 4331 898 4384 ἀσθένεια
945 4332 1198 4400 σώματος
1231 4331 1568 4401 τηλικαύτην
1608 4333 1714 4402 ψυ-

1817 3154 1938 3225 gelii
1984 3160 2303 3221 cooperator
2336 3149 2514 3203 vocari
2570 3148 2766 3215 dignus
2820 3144 3111 3197 haberetur
3145 3155 3158 3201 ;
3188 3148 3243 3190 et
3272 3152 3390 3189 sus-

1817 3263 1922 3319 que
2002 3248 2179 3316 deque
2251 3254 2329 3299 tot
2392 3253 2447 3297 et
2520 3252 2627 3296 tam
2701 3254 2896 3309 magna
2967 3242 3393 3303 consequeretur

1816 3340 2098 3403 encomia;
2138 3348 2317 3390 tamen
2384 3351 2451 3387 ne
2490 3334 2569 3387 sic
2626 3332 2844 3401 quidem
2917 3328 3020 3383 sibi
3068 3326 3167 3395 ip~i
3218 3324 3390 3375 conli-

1819 3434 1948 3488 dere
1988 3441 2043 3486 et
2096 3446 2205 3484 non
2240 3430 2429 3483 timere
2470 3435 2698 3496 poterat
2765 3423 2904 3479 :sed
2960 3430 3067 3475 tam
3112 3424 3391 3471 aeiurrnte

1816 3526 2050 3590 vivebat,
2101 3532 2158 3578 et
2214 3532 2321 3575 tam
2378 3520 2667 3589 diligenter
2706 3532 2763 3571 se
2813 3513 3119 3573 exercebat,
3171 3517 3224 3564 et
3280 3517 3386 3560 tant

1818 3618 2017 3672 acriter
2059 3630 2118 3669 se
2158 3613 2448 3684 afﬂigebat,
2494 3620 2553 3666 ut
2602 3624 2725 3663 cum
2785 3608 2948 3662 etiam
3008 3605 3391 3665 exhoxtaretur

1815 3714 2137 3775 praeceptor,
2168 3703 2401 3757 stiadens
2427 3696 2693 3769 discipulo
2724 3696 2788 3761 “,
2822 3706 2892 3751 ne
2921 3701 3117 3764 aquam
3154 3687 3390 3761 ampliet

1816 3797 2043 3860 biberet,
2070 3794 2163 3849 sed
2183 3794 2306 3847 vino
2335 3792 2546 3846 modico
2574 3799 2823 3845 uteretur
2856 3806 2869 3841 :
2908 3785 3160 3853 tPropter
3187 3791 3388 3836 stoma-

1819 3891 1981 3943 chum
2040 3896 2215 3952 tuum,
2275 3885 2469 3955 inquit,
2520 3893 2575 3938 et
2618 3882 2933 3952 frequentes
2992 3886 3113 3932 tuas
3159 3871 3386 3928 infirmi-

1822 3989 2013 4034 tates.»

1888 4071 1979 4126 Vl.
2005 4069 2108 4124 Sed
2142 4068 2388 4138 quamvis
2428 4066 2504 4119 sic
2539 4065 2807 4118 laboraret
2830 4062 2949 4127 ejus
2983 4073 3181 4128 corpus
3215 4053 3385 4110 couti-

1818 4178 1922 4215 nua
1946 4160 2279 4225 infirmitate,
2306 4167 2361 4213 et
2388 4158 2608 4212 haberet
2639 4156 2902 4224 dejeetatn
2927 4149 3190 4206 stomarhi
3218 4146 3392 4200 facul-

1819 4262 1984 4307 tatem
2033 4254 2100 4313 ",
2154 4255 2453 4319 generosus
2521 4246 2902 4313 rcsplendebat
2972 4244 3207 4295 animus.
3272 4238 3389 4292 Non

1818 4352 2031 4413 poterat
2090 4343 2234 4395 enim
2289 4339 2531 4408 corporis
2585 4336 2868 4390 tnﬁrmitas
2922 4333 3228 4401 deprimere
3279 4338 3384 4381 tam

142 4431 242 4497 χῆς
270 4429 557 4496 εὐγένειαν
612 4426 771 4494 ἱκανὴ
806 4425 1027 4492 γέγονεν
1067 4425 1307 4492 ἐλέγξας,
1339 4426 1453 4478 ἀλλ’
1474 4423 1542 4497 ἦν
1574 4446 1708 4481 παν,

1817 4450 2135 4506 generosum
2162 4432 2401 4486 animum
2433 4449 2444 4483 :
2478 4432 2570 4485 sed
2614 4429 2805 4485 celeris
2832 4427 2926 4482 zeli
2965 4439 3137 4493 penna
3168 4436 3384 4475 omnem

140 4521 304 4589 τιχοῦ
340 4521 531 4587 κούφῳ
568 4518 643 4587 τῷ
667 4517 759 4571 τοῦ
787 4516 950 4588 ζήλου
1003 4518 1186 4588 πτερῷ
1221 4519 1594 4589 διιπτάμενος,
1622 4522 1718 4576 καὶ

140 4612 233 4665 νῦν
286 4614 384 4681 μὲν
438 4610 691 4679 Ἔφεσον,
750 4608 844 4662 νῦν
873 4610 929 4663 δὲ
970 4610 1228 4680 Κόρινθον
1262 4612 1317 4664 αἱ
1350 4611 1448 4680 τῆς
1500 4613 1711 4666 ἐκείνου

142 4705 390 4774 γλώττης
452 4702 701 4774 σειρῆνες
734 4702 970 4771 ἔθελγον⁸
1000 4704 1093 4755 καὶ
1117 4704 1459 4757 Μακεδονίαν
1496 4705 1551 4758 δὲ
1582 4706 1712 4759 πολ-

140 4798 324 4859 λάκις,
362 4795 458 4848 καὶ
501 4793 753 4859 Ἰταλίαν,
786 4793 879 4847 καὶ
939 4794 1043 4862 γῆν
1088 4796 1268 4847 πᾶσαν
1301 4796 1393 4847 καὶ
1439 4795 1713 4850 θάλασσαν

145 4888 279 4951 μετᾶ
306 4886 403 4938 τοῦ
467 4883 791 4938 διδασκάλου
825 4883 903 4954 τῷ
928 4883 1243 4955 κηρύγματι
1270 4886 1610 4955 περιέλαϐον.
1648 4887 1713 4940 Τί

140 4978 185 5030 δ’
223 4978 285 5031 iv
312 4977 492 5039 εἴποις
549 4976 778 5039 ὁπόσους
839 4976 1157 5047 ἐπιθυμίαις
1215 4977 1582 5045 ἀλογωτάτοις
1624 4979 1716 5033 καὶ

141 5070 362 5131 litium;
393 5066 745 5132 δουλεύοντας
781 5068 881 5135 τῆς
912 5067 1157 5137 χαλεπῆς
1194 5068 1398 5139 ταύτης
1437 5070 1713 5139 ἀπήλλαξε

142 5161 518 5230 λειτουργῐαςς
571 5155 724 5212 Οἶδεν
781 5160 1024 5229 ἀκριῦᾦς
1060 5160 1086 5212 ὃ
1126 5160 1294 5228 λέγω,
1346 5162 1403 5225 ὃς
1433 5162 1539 5232 ἄρα
1578 5163 1714 5233 μηδὲ

142 5254 236 5305 τοῦ
259 5254 315 5303 ὲν
358 5251 609 5320 Κορίνθῳ
640 5251 1068 5321 πεπορνευκότος
1090 5253 1325 5322 ἠγνόησε
1344 5254 1403 5306 τὸ
1431 5255 1712 5324 ἁνὸμημα.

145 5345 252 5396 Καὶ
310 5347 422 5414 γὰρ
450 5340 518 5413 ἦν
554 5344 583 5396 ὀ
618 5342 758 5407 θεῖος
796 5343 1060 5413 Τιμόθεος
1128 5345 1248 5415 οὐχι
1313 5345 1502 5416 νοῆσαι
1553 5346 1713 5414 μόνον

142 5437 422 5501 ὁξύτατος,
451 5436 587 5488 ἀλλὰ
611 5437 700 5488 καὶ
726 5438 898 5489 εἰπεῖν
930 5438 1370 5507 προχειρότατος,
1406 5440 1496 5492 καὶ
1527 5455 1714 5509 περιτ-

142 5527 249 5586 τίτι;
280 5529 343 5597 τῇ
374 5526 722 5600 εύρημυσύνῃ
736 5528 1041 5598 χρήσασθαι
1061 5528 1397 5595 δεξιώτατος,
1418 5530 1485 5582 τά.
1506 5546 1563 5581 τε
1592 5528 1711 5581 Οεῗα

144 5619 541 5688 εἰσηγήσασθαι
600 5621 970 5688 χαριέστατος,
1008 5623 1099 5676 καὶ
1131 5623 1209 5683 εἰς
1256 5623 1554 5691 εὐκοσμίαν
1587 5622 1709 5675 Ἐκ-

220 5776 282 5831 ⁸1
312 5776 433 5832 Cor.
470 5792 578 5837 ττι,
630 5777 709 5829 l0.
790 5780 807 5809 ⁷
842 5777 979 5833 Phil.
1019 5780 1084 5837 t.l
1113 5797 1125 5843 ;
1155 5791 1208 5836 et
1243 5798 1301 5837 ll.
1341 5782 1420 5837 l9.

150 5851 343 5915 loss.t,
382 5848 427 5903 l.
511 5850 548 5879 ¹¹
599 5846 619 5901 ι
682 5846 822 5905 Tim.
886 5868 935 5916 v,
978 5852 1068 5905 25.
1152 5852 1239 5905 "l
1274 5851 1413 5907 Tim.
1452 5869 1502 5921 v,
1544 5854 1629 5907 ‘23.

1498 5782 1555 5833 ¹¹Ι
1595 5792 1645 5837 et
1681 5785 1721 5840 ll
1755 5785 1943 5843 Thess.
1979 5805 2013 5841 t.
2073 5792 2110 5817 “
2150 5786 2383 5842 lThess.
2418 5786 2559 5848 “1,9.

1824 4528 1878 4581 in
1909 4537 2116 4597 partem
2152 4524 2489 4594 pervolahat,
2524 4532 2579 4576 et
2612 4522 2774 4575 modo
2821 4519 3039 4589 quidem
3090 4515 3383 4582 Ephesum,

1824 4618 1983 4672 modo
2011 4632 2137 4669 vero
2163 4614 2483 4668 Corinthum
2514 4613 2656 4666 illius
2691 4612 2884 4681 linguae
2930 4608 3153 4661 Sirenes
3178 4601 3395 4658 demul-

1822 4708 1997 4763 ccbat.
2035 4708 2402 4762 Macedoniam
2433 4720 2649 4776 quoque
2700 4718 2842 4772 saepe
2874 4711 2928 4755 et
2954 4700 3153 4754 Italiam
3187 4705 3241 4750 et
3269 4695 3392 4747 uni-

1820 4817 2033 4855 vcrsam
2098 4810 2293 4854 terram
2357 4814 2478 4854 cum
2538 4804 2873 4867 praeceptore
2927 4793 3389 4862 complectebatur

1822 4894 2227 4965 prardicationc.
2278 4890 2417 4955 Quid
2468 4899 2647 4944 autem
2698 4888 2916 4951 dixeris,
2975 4900 3134 4954 quam
3187 4882 3388 4936 multos

1818 4982 2208 5055 cupiditatibus
2236 4998 2264 5034 a
2305 4982 2516 5035 ratione
2559 4980 2796 5034 maxime
2825 4976 3013 5031 alienis
3058 4985 3113 5029 et
3140 4971 3388 5027 absurdis

1819 5076 2139 5134 servientes.
2169 5073 2235 5127 ab
2258 5073 2359 5127 hoc
2384 5072 2528 5143 gravi
2563 5070 2806 5125 liberavit
2840 5063 3187 5122 ministerio?
3220 5062 3389 5115 Recte

1819 5166 1986 5227 novit,
2016 5163 2156 5231 quod
2191 5163 2333 5226 dico,
2372 5164 2416 5215 is
2442 5162 2531 5231 qui
2562 5162 2681 5228 ejus
2713 5159 2803 5228 qui
2832 5156 3074 5212 Corinthi
3108 5164 3189 5206 est
3220 5151 3389 5204 forni-

1817 5265 1969 5309 catus
1997 5270 2102 5307 non
2138 5254 2403 5324 ignoravit
2447 5253 2724 5306 delictum.
2788 5250 2917 5304 Erat
2969 5248 3114 5301 enim
3169 5244 3387 5299 divinus

1820 5346 2136 5399 Timotheus
2155 5361 2263 5399 non
2288 5345 2352 5398 ad
2386 5343 2793 5414 intelligendum
2818 5341 2990 5395 solum
3013 5337 3381 5396 acutissimus,

1819 5440 1910 5493 sed
1943 5438 2006 5492 ad
2030 5437 2317 5492 dicendum
2341 5436 2502 5490 etiam
2533 5435 2987 5505 promptissimus,
3019 5438 3073 5483 et
3100 5429 3167 5483 ad
3196 5428 3384 5481 facun-

1818 5529 1901 5584 dia
1931 5530 2142 5600 egregie
2170 5530 2429 5584 utendum
2464 5529 2848 5591 dexterrimus,
2885 5537 2940 5581 et
2972 5526 3028 5580 iu
3060 5521 3258 5579 divinis
3280 5536 3378 5575 ex-

1818 5624 2083 5695 ponendis
2110 5623 2557 5694 jucundissimus,
2610 5631 2664 5679 ct
2709 5622 2775 5676 ad
2816 5620 3109 5675 Ecclesiam
3155 5627 3377 5683 compo-

2661 5786 2678 5815 '
2722 5781 2914 5851 Philip.
2949 5797 3006 5845 tt,
3034 5778 3124 5833 9.2.
3205 5775 3247 5806 ‘°
3274 5775 3383 5832 (ἰοί
