4154 6490
798 423 903 490 771

2006 411 2288 473 MENSIS
2327 410 2783 500 JANUARIUS.

3953 415 4054 479 772

805 549 961 605 pans,
995 530 1215 592 docens,
1258 527 1386 597 quid
1419 539 1524 578 non
1559 523 1764 578 faciens
1793 537 1855 576 ex
1905 523 1968 576 iis
1999 537 2120 592 qua:
2149 529 2372 592 possent

2478 519 2572 588 τῆς
2609 520 2805 590 ἑορτῆς
2853 520 3151 592 ἀγομένης,
3175 519 3508 592 παρακαλῶν
3549 520 3722 605 αὖθις,
3757 520 4050 592 ἐπιτιμῶν,

798 627 1077 680 dimovere
1112 618 1389 673 hominem
1415 631 1445 670 a
1477 616 1566 670 tali
1600 616 1828 669 insania.

865 801 934 856 Χ.
968 801 1046 853 illi
1094 807 1276 852 autem
1315 795 1435 863 ejus
1476 793 1686 848 dicendi
1729 793 2033 848 libertatem
2077 807 2219 862 (εει-ο
2275 790 2366 846 fc--

793 903 998 952 rentes,
1033 899 1374 958 quaecunque
1427 881 1700 936 habebant
1746 881 1800 934 in
1835 880 2106 938 manilius.
2165 879 2230 932 iis
2275 883 2366 930 ad-

793 999 988 1040 versus
1021 997 1145 1034 eum
1173 980 1253 1033 usi
1285 986 1432 1041 sunt,
1473 991 1598 1030 enm
1627 974 1888 1028 ferientes
1935 983 1989 1026 et
2038 989 2135 1041 per
2166 983 2364 1026 terram

793 1079 1072 1132 trahentes
1096 1090 1215 1128 cum
1239 1087 1400 1141 quam
1433 1070 1665 1123 maxima
1694 1069 1801 1122 dici
1836 1075 2012 1136 potest
2044 1065 2365 1119 crudelitate

781 1180 852 1225 et
875 1167 1295 1228 inhumanitate,
1331 1174 1386 1217 et
1423 1163 1639 1216 tandem
1698 1160 1848 1214 humi
1901 1160 2195 1228 jacentem,
2241 1172 2362 1211 eum

793 1261 970 1314 omnis
1003 1258 1179 1312 virtus
1210 1256 1389 1309 vitalis
1413 1263 1468 1307 et
1494 1251 1743 1321 operatio
1776 1266 1900 1304 eum
1923 1250 2204 1312 deficeret,
2237 1249 2362 1318 qni-

791 1351 915 1405 dam
982 1347 1278 1404 Christiani
1331 1361 1454 1400 eum
1502 1345 1777 1407 tollentes,
1833 1357 2020 1411 parum
2077 1341 2257 1395 adhuc
2309 1349 2365 1394 et

790 1455 930 1509 εει-ιε
954 1438 1270 1508 spirantem,
1301 1443 1355 1487 et
1379 1434 1490 1501 jam
1518 1431 1676 1486 morti
1707 1431 1964 1493 \ieinum,
2002 1429 2140 1482 ultra
2173 1429 2365 1483 civita-

793 1533 860 1584 tis
885 1541 1098 1599 portutn
1130 1529 1504 1597 deposuerunt
1531 1543 1543 1578 :
1579 1524 1668 1578 ubi
1719 1538 1840 1576 cum
1875 1522 1986 1576 Deo
2015 1521 2364 1574 commenda-

793 1632 906 1676 tum
963 1619 1249 1674 emisisset
1312 1618 1602 1687 Spiritum,
1669 1629 1867 1682 corpus
1928 1628 2116 1666 rursus
2170 1612 2256 1680 pie
2309 1620 2364 1664 et

792 1727 981 1772 sancte
1011 1718 1064 1768 in
1094 1713 1326 1783 quodam
1355 1713 1475 1764 loco
1505 1708 1768 1772 condunt,
1797 1705 1886 1775 qni
1918 1705 2060 1774 apud
2086 1719 2178 1758 eos
2204 1703 2357 1771 l’ion,

794 1813 846 1866 id
882 1820 986 1874 est,
1021 1808 1258 1878 pinguis,
1291 1804 1510 1859 dicitur.

2471 611 2758 674 διδάσκων,
2818 610 2986 681 τίμὴ
3040 614 3210 665 ποιῶν
3269 613 3380 665 τῶν
3429 614 3734 684 ἀποστῆσαι
3795 616 4053 682 τοιαύτης

2471 701 2658 763 ἀνοίας
2687 700 2973 772 ἄνθρωπον
3007 702 3346 772 δυναμένων.

2543 793 2598 846 l'.
2634 795 2696 846 Οἱ
2727 795 2784 847 δὲ
2817 794 3028 864 βαρέως
3070 797 3387 864 ἐνεγκόντες
3422 797 3522 866 τὴν
3568 798 3908 868 παρρησίαν,
3935 800 4055 849 κατ’

2469 885 2633 938 αὑτοῦ
2666 889 2830 937 πᾶσιν
2854 881 2934 949 οἷς
2963 888 3019 938 ὲν
3058 889 3245 956 χερσὶν
3273 883 3420 957 εἶχον
3450 889 3766 959 ἐκέχρηντο,
3798 891 4051 952 παίοντες

2470 979 2632 1032 αὐτὸν
2663 979 2757 1030 καὶ
2803 981 2944 1032 κατά
2981 978 3084 1048 γῆς
3130 979 3380 1042 ἕλκοντες
3446 981 3564 1050 μεθ’
3615 983 3748 1052 ὅσης
3779 984 3845 1034 ἂν
3873 985 4049 1044 εῐποις

2472 1069 2572 1138 τῆς
2596 1068 2878 1138 ἀμότητος
2916 1073 3007 1123 καὶ
3042 1071 3140 1138 τῆς
3175 1071 3611 1142 μισανθρωπίας,
3641 1075 3736 1126 καὶ
3767 1075 3927 1136 τέλος
3957 1075 4047 1126 ἐπὶ

2477 1160 2578 1226 γῆς
2615 1158 2886 1227 κείμενον,
2943 1160 3036 1212 καὶ
3077 1162 3256 1231 πάσης
3294 1161 3457 1213 αὑτὸν
3498 1161 3781 1232 δυνάμεως
3810 1163 4048 1227 ζωτικῆς

2468 1252 2560 1301 καὶ
2595 1251 2872 1320 ἐνεργείας
2902 1251 3281 1322 ἐπιλιπούσης,
3321 1254 3636 1323 Χριστιανοί
3679 1272 3824 1318 τινες
3856 1257 4051 1324 ἀφελό-

2468 1357 2619 1410 μενοι
2660 1343 2839 1409 ὀλίγον
2891 1343 2972 1395 ἔτι
3028 1346 3122 1398 καὶ
3171 1345 3420 1413 ἀδρανῶς
3482 1346 3575 1398 καὶ
3630 1347 3794 1398 αὐτοῦ
3818 1347 4048 1401 θανάτου

2469 1434 2798 1502 παραψαῦον
2858 1436 3180 1500 ὲκπνέοντα,
3202 1438 3378 1506 πέραν
3397 1437 3490 1489 τοῦ
3521 1441 3621 1508 τῆς
3652 1439 3862 1502 πόλεως
3895 1441 4048 1505 λιμέο

2471 1541 2559 1588 νος
2600 1526 2938 1579 κατέθεσαν·
2991 1527 3127 1581 ὅπου
3155 1528 3273 1597 Θεῷ
3301 1532 3360 1581 τὸ
3407 1529 3623 1599 πνεῦμα
3666 1533 4050 1602 παραθεμένου

2474 1617 2536 1668 τὺ
2563 1619 2723 1686 σῶμα
2742 1618 2905 1670 πάλιν
2935 1619 3175 1680 εὐλαϐῶς
3190 1619 3287 1671 καὶ
3308 1621 3471 1684 ὁσίως
3502 1624 3583 1684 εἰς
3597 1639 3718 1676 τινα
3745 1623 4050 1694 κρύπτουσι

2462 1710 2649 1775 τόπον,
2687 1711 2851 1763 Πίονα
2892 1711 3022 1782 παρ’
3068 1711 3339 1778 Ἐφεσίοις
3367 1713 3730 1784 καλούμενον.

2239 1937 2465 1996 CAPUT
2505 1941 2593 1998 Ill.

1904 2061 1964 2116 S.
2003 2061 2261 2117 Timothei
2315 2065 2660 2135 reliquiarum
2715 2067 3026 2122 translatio.

879 2185 972 2240 Xl.
1007 2183 1194 2252 Longo
1229 2188 1407 2233 autem
1437 2187 1679 2247 tempore
1720 2185 1929 2246 postea,
1964 2177 2266 2234 Constantii
2323 2181 2378 2235 in
2409 2190 2456 2248 Β

792 2293 916 2330 eum
965 2289 1198 2335 amores,
1247 2270 1338 2339 qni
1416 2270 1557 2322 lilius
1610 2269 1710 2323 fuit
1763 2269 2102 2324 Constantini
2169 2270 2366 2340 Magni,

794 2367 1038 2436 inquam,
1075 2365 1222 2416 illius
1249 2373 1304 2414 et
1343 2360 1500 2418 Drimi
1532 2360 1876 2427 imperatoris
1905 2358 2366 2422 Christianorum,

795 2460 941 2512 illine
975 2464 1260 2524 eXportant
1284 2452 1560 2519 reliquias,
1583 2449 1835 2503 desiderii
1867 2449 2189 2504 administro
2213 2460 2369 2504 uten-

795 2562 877 2606 tes
909 2549 1191 2602 Artemio:
1227 2547 1312 2599 cui
1355 2559 1476 2597 cum
1525 2542 1754 2610 egrebiae
1809 2541 1950 2594 illius
1991 2540 2260 2598 Timothei
2315 2543 2366 2596 in

795 2644 1028 2697 dicendo
1059 2639 1323 2692 libertatis
1354 2636 1547 2690 fuisset
1581 2636 1837 2697 imitator,
1870 2633 1918 2686 ei
1943 2648 2159 2702 quoque
2181 2643 2368 2702 postea

798 2736 900 2789 fuit
929 2731 1225 2789 conformis
1257 2729 1448 2783 mortis
1471 2727 1846 2788 similitudine,
1878 2733 1932 2778 et
1964 2725 2066 2777 fuit
2128 2726 2368 2794 martyrii

798 2835 1120 2880 ornamento
1150 2829 1368 2891 propter
1395 2817 1670 2870 Christum
1702 2816 2008 2868 decoratus.
2069 2812 2370 2883 Reponitur

799 2927 981 2971 autem
1025 2917 1077 2968 in
1117 2929 1266 2967 sacra
1308 2926 1397 2963 ara
1438 2913 1576 2977 ejus,
1609 2907 1751 2976 quod
1781 2906 2195 2976 cognominatur
2235 2914 2370 2958 tem-

798 3011 946 3081 plum
997 3005 1374 3076 Apostolorum
1409 3002 1532 3069 (fuit
1559 3014 1686 3053 vero
1729 2998 1781 3052 id
1835 2996 2139 3052 Constantii
2178 3011 2371 3050 manus

799 3117 936 3170 opus
959 3110 1012 3153 et
1045 3099 1211 3166 fidei),
1242 3098 1342 3150 sub
1366 3097 1477 3164 ipsa
1510 3107 1696 3146 mensa
1724 3092 1968 3160 mystica,
1998 3090 2373 3158 suppeditalor

800 3195 1205 3253 miraculorum,
1234 3189 1572 3256 dispensator
1603 3183 1924 3252 gratiarum,
1959 3181 2248 3235 thesaurus
2278 3179 2370 3249 qui

801 3303 908 3342 non
951 3295 1128 3351 potest
1148 3280 1436 3342 exinaniri,
1457 3277 1654 3331 divitia:
1677 3291 1796 3345 qua:
1821 3291 1928 3329 non
1949 3281 2366 3336 consumuntur,

801 3389 856 3434 ct
891 3393 1012 3431 cum
1045 3376 1186 3429 Luca
1231 3384 1286 3427 et
1331 3373 1544 3424 Andrea
1597 3376 2020 3423 connumeratur
2052 3385 2065 3420 :
2101 3365 2212 3418 Deo
2265 3365 2374 3418 for-

805 3477 946 3521 tasse
982 3466 1084 3519 hoc
1128 3465 1360 3533 benigne
1387 3461 1723 3530 providente,
1780 3466 1838 3510 ut
1882 3458 2022 3510 sicut
2069 3457 2148 3509 eis
2190 3455 2373 3509 omnia

2556 2184 2655 2239 IA'.
2703 2187 2895 2256 Χρόνῳ
2953 2187 3137 2255 μέντοι
3170 2190 3348 2263 πολλῷ
3385 2189 3612 2261 ὕστερον
3660 2191 3863 2260 ῑρωτες
3921 2194 4050 2246 θεῖοι

2477 2276 2568 2328 τοῦ
2618 2279 3019 2341 Κωνσταντίου,
3073 2279 3131 2343 ὃς
3162 2281 3272 2342 υίὸς
3307 2278 3376 2353 ἦν
3423 2285 3857 2347 Κωνσταντίνου,
3885 2289 4044 2354 φημῇ

2475 2367 2568 2420 τοῦ
2603 2369 2875 2434 Μεγάλου,
2906 2372 3000 2422 καὶ
3045 2373 3260 2442 πρώτου
3304 2375 3644 2444 Χριστιανῶν
3680 2376 3967 2445 βασιλέως,
3992 2379 4049 2427 τὸ

2475 2459 2726 2528 λείψανον
2758 2462 2968 2514 ἐκεῖθεν
2991 2464 3415 2534 ἀνακομίζουσιν
3455 2469 3717 2537 ὑπουργῷ
3745 2469 3839 2521 τοῦ
3883 2470 4044 2522 πόθου

2491 2553 2760 2624 ’Λρτεμίῳ
2792 2555 3128 2625 χρησάμενοι
3153 2574 3166 2588 ·
3186 2558 3244 2621 ὃς
3278 2561 3371 2612 καὶ
3396 2560 3641 2630 ζηλωτὴς
3676 2562 3930 2630 Τιμοθέῳ
3952 2564 4046 2630 τῆς

2477 2647 2647 2714 καλῆς
2710 2649 2925 2716 ἐκείνης
2970 2651 3284 2719 παρρησίας
3339 2651 3666 2720 γενόμενος,
3722 2653 4045 2723 σύμ-μορᾷος

2478 2737 2627 2805 αὐτῷ
2687 2739 2822 2806 μετὰ
2877 2739 3048 2790 ταῦτα
3105 2741 3342 2809 κατέστη
3403 2741 3630 2792 καὶτοῦ
3699 2739 3934 2792 θανάτου
3966 2742 4041 2809 τῷ

2475 2827 2800 2897 ὁμοιώματι,
2872 2829 3069 2899 καὶτῷ
3089 2830 3175 2883 διά
3226 2831 3459 2900 Χριστὸν
3507 2832 3794 2902 μαρτυρίῳ
3819 2849 4047 2885 κατεκο-

2479 2919 2680 2987 σμῄθη.
2727 2921 3132 2974 Ἐναττοτίθεται
3155 2923 3210 2974 δὲ
3251 2922 3328 2990 τῷ
3363 2923 3492 2992 ἱερῷ
3535 2924 3907 2992 θυσιαστηρίῳ
3955 2923 4044 2974 τοῦ

2478 3011 2828 3080 περιωνύμου
2877 3014 2986 3066 τῶν
3031 3015 3370 3068 Ἀποστόλων
3405 3014 3532 3067 ναοῦ
3559 3016 3758 3084 (χειρξς
3798 3011 3865 3082 ἦν
3895 3009 4046 3075 οὗτςς

2478 3105 2573 3171 τῆς
2629 3107 3004 3159 Κωνσταντίου
3036 3112 3130 3159 καὶ
3176 3107 3410 3166 πίστεως
3437 3106 3645 3175 ἔργον),
3689 3107 3779 3158 ὑπ’
3810 3108 3949 3174 αὐτῇ
3983 3109 4046 3173 τῇ

2483 3200 2718 3266 μυστικῇ
2764 3199 3032 3268 τραπέζῃ,
3089 3198 3322 3268 χορηγὸς
3352 3196 3664 3265 θαυμάτων,
3700 3197 3942 3265 χαρίτων
3961 3213 4047 3247 τα-

2482 3290 2631 3358 μίας,
2661 3289 2932 3359 θησαυρὸς
2961 3291 3255 3353 ἁκένωτος,
3293 3289 3520 3350 πλοῦτος
3546 3289 4045 3358 μὴδαπανώμενος.

2480 3382 2574 3431 καὶ
2640 3379 2823 3449 Λουκᾷ
2867 3379 2966 3431 καὶ
3000 3380 3223 3449 Ἀνδρὲα
3256 3379 3707 3447 συναριθμεῖται·
3739 3380 3875 3431 Θεοῦ
3912 3381 4048 3446 τάχα

2480 3469 2876 3540 φιλανθρώπως
2929 3471 3379 3538 οίκονομήσαντος
3412 3511 3425 3530 ,
3490 3471 3554 3522 ἶν’
3607 3469 3802 3538 ὥσπερ
3873 3471 4041 3534 αὐτῆς

806 3558 959 3611 fuere
1023 3557 1361 3616 communia,
1426 3565 1606 3605 mores
1661 3549 1969 3617 disciplina,
2019 3545 2373 3616 praedicatio;

2480 3565 2633 3617 κοινὰ
2696 3565 2882 3628 γέγονε
2937 3563 3132 3621 πάντα,
3160 3565 3188 3613 ὁ
3224 3565 3442 3630 τρόπος,
3475 3567 3505 3630 ἡ
3535 3562 3824 3630 μαθητεὲα,
3851 3564 3912 3614 τὸ
3950 3567 4046 3626 κή-

805 3663 1095 3704 eommune
1144 3659 1358 3714 quoque
1413 3652 1560 3696 esset
1612 3639 1943 3709 sepulcrum,
1983 3636 2240 3705 quoniam
2297 3634 2374 3690 eis

803 3755 1018 3811 quoque
1048 3750 1131 3792 cst
1163 3739 1271 3790 illic
1300 3737 1453 3804 quies
1488 3733 1812 3787 communis.

879 3829 998 3882 XII.
1054 3827 1340 3895 Templum
1398 3834 1577 3877 autem
1638 3821 2000 3885 Justinianus,
2043 3833 2166 3873 cum
2211 3833 2375 3872 manu

807 3935 991 3992 postea
1026 3916 1478 3988 magnilicentiori
1512 3928 1728 3984 quoque
1757 3921 1874 3965 arte
1900 3910 2166 3973 adhibita,
2187 3909 2372 3978 splen-

808 4016 933 4070 dide
963 4014 1195 4067 aedtncat
1229 4019 1285 4063 et
1335 4008 1705 4068 transformat,
1741 4017 1796 4059 et
1825 4005 1873 4058 ei
1909 4003 2375 4074 pulchritudinem

808 4117 864 4160 et
891 4103 1338 4176 magnitudinem,
1367 4114 1486 4168 qua:
1507 4113 1652 4152 nunc
1670 4108 1756 4151 est
1776 4105 1831 4150 et
1847 4096 2107 4159 cernitur,
2136 4094 2375 4156 exhibet,

812 4207 1171 4266 prmtcrquam
1202 4193 1493 4262 'mysticam
1523 4199 1578 4243 et
1625 4189 1865 4243 diiinam
1903 4201 2169 4241 mensam.
2205 4187 2287 4238 Ab
2314 4201 2377 4238 ea

811 4292 956 4343 enim
1014 4289 1125 4340 sola
1173 4285 1458 4348 abstinuit,
1521 4282 1624 4336 hoc
1663 4281 1890 4350 pulchre
1943 4288 2129 4334 sancte
2177 4280 2380 4333 faciens

813 4387 1032 4447 pr0ptcr
1054 4375 1448 4443 depositionem
1481 4387 1753 4425 sacrarum
1807 4371 2176 4440 reliquiarum.
2233 4374 2378 4434 Quo-

812 4474 952 4524 circa
987 4474 1156 4538 posita
1188 4479 1268 4521 est
1299 4469 1350 4520 in
1385 4467 1561 4520 medio
1604 4466 1802 4536 templo
1836 4480 2005 4534 usque
2053 4465 2107 4518 in
2159 4465 2376 4518 hodier-

815 4579 945 4616 num
1001 4563 1166 4625 diem,
1225 4575 1346 4614 cum
1404 4575 1645 4612 mensam
1709 4573 1772 4610 ex
1821 4556 2113 4627 purissimo
2157 4566 2379 4625 argento

811 4655 1230 4714 construxisset,
1300 4659 1354 4703 et
1401 4665 1523 4702 cum
1587 4663 1777 4717 magna
1841 4648 1923 4701 sui
1985 4647 2038 4700 in
2105 4647 2378 4699 Christum

812 4746 1012 4798 amoris
1055 4741 1468 4813 significatione,
1516 4740 1716 4792 Christi
1753 4751 2062 4792 sanctorum
2112 4737 2380 4807 apostolo-

813 4854 930 4890 rum
955 4845 1140 4888 sancta
1173 4849 1401 4901 corpora
1431 4830 1841 4884 recondidisset.

880 4925 1019 4979 χιιι.
1043 4926 1174 4978 Cum
1194 4936 1372 4978 autem
1391 4922 1586 4991 impius
1612 4921 1944 4974 Domitianus
1962 4920 2372 4975 sceleratissime

812 5014 1029 5082 quidem
1049 5013 1384 5080 imperasset,
1416 5012 1717 5064 miserrime
1733 5020 1912 5063 autem
1934 5012 2098 5063 vitam
2125 5011 2372 5074 finiisset,

814 5106 989 5160 Nerva
1019 5106 1322 5174 suscipiens
1365 5105 1672 5172 imperium,
1720 5112 1775 5155 et
1802 5103 1980 5154 statim
2033 5111 2154 5171 post
2198 5103 2372 5171 ipsum

815 5197 1082 5265 Trajanus
1117 5211 1354 5264 quoque,
1397 5211 1516 5246 cum
1547 5209 1606 5247 se
1639 5202 1693 5247 et
1719 5208 1880 5261 quam
1911 5193 2023 5244 fieri
2057 5201 2239 5260 posset
2268 5192 2374 5245 cle-

815 5289 1180 5343 mentissimos
1217 5295 1272 5339 et
1301 5287 1638 5354 arqnissimos
1669 5286 1866 5338 vellent
1897 5285 2208 5345 ostendere,
2253 5299 2375 5336 cum

816 5383 1000 5435 multis
1036 5380 1155 5432 aliis
1188 5379 1530 5448 evangelista:
1572 5391 1788 5445 quoque
1833 5388 1886 5430 et
1929 5376 2206 5439 Theologo
2259 5376 2376 5428 dis-

816 5473 1034 5526 solvunt
1062 5471 1331 5524 exsilium.
1369 5471 1458 5523 Ille
1491 5479 1670 5523 autem
1713 5483 1835 5521 cum
1868 5466 2142 5535 Ephesum
2169 5471 2233 5533 (ο
2254 5481 2375 5519 cum

816 5573 1020 5632 quanto
1040 5563 1236 5616 dixerit
1269 5561 1388 5632 quis
1416 5561 1611 5630 gaudio
1645 5574 1699 5614 et
1723 5562 1926 5614 honore
1950 5562 1990 5628 l)
2024 5560 2290 5622 rediisset,
2324 5569 2378 5612 et

818 5655 1057 5707 divinum
1079 5656 1189 5721 jam
1222 5655 1568 5707 Timotheum
1617 5652 1685 5706 ad
1729 5651 1935 5713 Jesum,
1977 5666 2138 5718 quem
2172 5650 2380 5703 deside-

819 5744 995 5810 rabat,
1031 5747 1326 5800 excessisse
1374 5744 1676 5806 didicisset,
1727 5752 1781 5796 et
1817 5742 1924 5794 fine
1961 5740 2199 5811 martyrii
2252 5757 2379 5795 cur-

817 5851 937 5893 sum
961 5839 1234 5910 Evangelii
1255 5841 1587 5910 obsignassc,
1612 5847 1801 5892 etesse
1830 5834 2124 5889 Ecclesiam
2156 5835 2382 5905 praesule

2405 4877 2458 4939 D

2480 3673 2687 3727 ρυγμα,
2725 3654 2898 3716 κοινὸς
2928 3654 3151 3722 γένηται
3176 3656 3267 3706 καὶ
3299 3656 3327 3705 ὁ
3358 3657 3548 3722 τάφος,
3573 3656 3702 3706 ἐπεὶ
3740 3655 3892 3723 κοινὴ
3928 3659 4046 3706 του⁸

2475 3763 2588 3808 τοις
2613 3746 2707 3796 καὶ
2729 3747 2760 3815 ἡ
2796 3745 3005 3798 ἐκεῖθεν
3033 3747 3397 3808 κατάπαυσις.

2550 3831 2648 3885 lB'.
2687 3833 2789 3885 Τὸν
2823 3833 3004 3902 μέντοι
3052 3835 3177 3885 ναὸν
3221 3834 3595 3896 Ἰουστινιανὸς
3634 3835 4049 3905 φιλοτιμοτέραν

2481 3924 2620 3992 μετὰ
2658 3925 2752 3992 τῆς
2791 3924 2973 3993 χειρὸς
3046 3923 3272 3994 ὓστερον
3329 3927 3422 3976 καὶ
3470 3927 3670 3994 τέχνην
3724 3928 4051 3991 εἰσενεγκὼν

2479 4016 2821 4083 ἀνοικοδομεῖ
2853 4016 3117 4086 λαμπρῶς
3147 4018 3240 4068 καὶ
3281 4017 3696 4085 μετασκευάζει,
3732 4021 3826 4071 καὶ
3863 4021 4051 4080 καλλος

2479 4106 2626 4173 αὐτῷ
2671 4104 2766 4158 καὶ
2823 4105 3051 4174 μέγεθος
3107 4107 3166 4156 τό
3213 4122 3274 4173 γε
3307 4107 3492 4174 περιὸν
3514 4107 3606 4160 νῦν
3659 4109 3754 4160 καὶ
3778 4108 4052 4182 ὁρώμεντν

2478 4195 2794 4257 ἀποδίδωσι,
2823 4194 2964 4264 πλὴν
3001 4194 3100 4260 τῆς
3139 4195 3406 4263 μυστικῆς
3448 4197 3541 4246 καὶ
3572 4195 3719 4257 θείας
3748 4197 4047 4264 τραπέζῃ,-

2480 4285 2681 4354 ταύτης
2720 4285 2826 4353 γὰρ
2858 4286 3129 4352 ἀπέσχετο
3181 4285 3369 4353 μόνης,
3406 4283 3586 4347 καλῶς
3621 4287 3738 4337 ἐκεῖ
3765 4289 3861 4337 καὶ
3895 4288 4048 4346 όσὶως

2485 4377 2651 4429 ποιῶν
2689 4378 2777 4430 διὰ
2829 4377 2927 4447 τὴν
2971 4376 3076 4427 τῶν
3113 4376 3273 4444 ιερῶν
3312 4377 3580 4444 λειψάνων
3623 4378 3943 4429 κατάθεσιν.
3969 4377 4051 4429 Διὸ

2481 4467 2571 4518 καὶ
2597 4467 2736 4518 κατά
2765 4465 2928 4533 μέσον
2956 4466 3034 4528 είς
3061 4465 3221 4534 δεῦρο
3239 4467 3330 4517 τὸν
3357 4467 3479 4518 ναὸν
3508 4467 3717 4533 ἴδρδται
3735 4467 3796 4530 ἐξ
3815 4464 4048 4537 άργύριυ

2479 4559 2578 4625 τὴν
2632 4556 2912 4624 τράπεζαν
2943 4555 3036 4607 τοῦ
3090 4557 3478 4625 καθαρωτάτου
3510 4561 3954 4621 κατασκευάσας,
3993 4563 4046 4610 ιν

2481 4649 2619 4717 αὐτῇ
2649 4664 2708 4700 τε
2755 4646 3118 4716 φιλοχρίστως
3177 4648 3246 4700 τὰ
3293 4649 3400 4700 τῶν
3452 4649 3772 4702 ἀποστόλων
3820 4649 4050 4720 Χριστοῦ

2484 4739 2994 4811 ὲναποθησαυρίσας
3028 4741 3158 4807 ἆγια
3189 4740 3437 4808 σώματα.

2557 4919 2652 4973 tl".
2685 4916 3012 4987 Δομετιανοῦ
3040 4917 3093 4968 δὲ
3125 4916 3216 4969 τοῦ
3273 4916 3561 4978 δυσσεϐοῦς
3589 4918 3921 4985 ἁνομώτατα
3963 4919 4052 4988 μὲν

2484 5010 2926 5079 βασιλεύσαντος,
2964 5009 3302 5059 ἐλεεινότατα
3333 5008 3387 5060 δὲ
3408 5009 3504 5076 τὴν
3530 5007 3674 5078 ζωὴν
3707 5011 4050 5062 καταλύσαν-

2481 5118 2592 5164 τος,
2657 5100 2942 5169 παρελθὼν
2995 5101 3072 5161 είς
3124 5100 3223 5166 τὴν
3271 5097 3784 5168 ἀρχὴνόΝερούας,
3815 5103 3970 5162 εὐθὺ,
4000 5102 4050 5152 δὲ

2485 5191 2788 5260 μετ’-αὑτὸν
2820 5193 2911 5243 καὶ
2962 5190 3246 5260 Τραϊανὸς,
3279 5207 3368 5241 και
3401 5189 3952 5261 φιλανθρωποτέρους
3977 5195 4047 5254 6:,-

2483 5278 2595 5335 οἷόν
2618 5299 2692 5336 ,τε
2725 5283 2820 5334 καὶ
2875 5281 3282 5350 εὖνομωτέρους
3322 5282 3556 5355 ἑαυτοὺς.
3579 5286 3850 5350 παρέχειν
3877 5284 4051 5352 ﬁssio-

2489 5394 2661 5444 μενοι,
2722 5375 2906 5426 λύουσι
2971 5378 3108 5442 μετά
3137 5373 3344 5426 πολλῶν
3388 5376 3561 5428 ἀλλων
3587 5375 3664 5445 τῷ
3693 5377 4051 5444 εὐαγγελιστῇ

2484 5481 2542 5516 τε
2583 5465 2675 5516 καὶ
2706 5464 2954 5532 Θεολόγῳ
2981 5463 3214 5534 ὲξορίαν.
3264 5465 3321 5516 '0
3354 5465 3413 5517 δὲ
3441 5468 3504 5533 τῇ
3551 5466 3823 5533 Ἐφεσίων
3858 5469 3923 5538 (ὦ
3950 5470 4052 5528 πῶς

2482 5558 2548 5609 ἂν
2567 5559 2737 5618 εἴποις
2769 5557 2936 5625 ἡδέως
2955 5559 3049 5609 καὶ
3081 5558 3217 5625 μετὰ
3245 5557 3407 5626 τιμῆς
3439 5558 3635 5627 ὁπόσης
3659 5561 3708 5629 !)
3743 5561 4044 5622 άποδσθεὶς,

2487 5651 2580 5702 καὶ
2639 5649 2902 5717 Τιμόθεον
2959 5650 3061 5718 ἥδη
3091 5649 3182 5700 τὸν
3234 5650 3374 5702 θεῖον
3420 5654 3554 5721 πρὸς
3597 5652 3686 5703 τὸν
3726 5655 4052 5723 ποθούμενον

2499 5741 2708 5811 Ἰησοῦν
2763 5733 3169 5811 ὲκδεδημηκότα
3205 5743 3410 5812 μαθὼν,
3445 5746 3542 5796 καὶ
3562 5745 3703 5796 τέλει
3761 5749 4056 5816 μαρτυρίου

2492 5835 2586 5889 τοῦ
2616 5835 2951 5902 Εὑαγγελὶου
2983 5835 3181 5906 δρόμον
3213 5837 3707 5908 ἐπισφραγίσαντα,
3774 5838 3982 5910 ἔρημόν
4006 5853 4054 5890 τε
