4154 6490
160 432 211 455 ’Π

166 466 205 495 Il

1241 422 1421 482 VlTA
1459 421 1517 480 S.
1556 412 1950 477 ANASTASII
1990 409 2271 470 PERSE.

3287 407 3393 470 773

161 535 295 598 αὖθις
321 536 348 589 ὁ
380 532 594 605 Πέρσης
618 529 842 600 ἥπτετο,
882 528 977 583 καί⁵
1020 526 1269 598 σφοδρῶς
1314 526 1539 596 ἐπανῄει
1576 525 1713 594 προς
1744 562 1752 579 ι

1853 535 1873 572 ι
1898 517 2199 580 Persidem,
2225 522 2412 568 contra
2438 512 2566 567 Sain
2583 512 2691 587 [.tl.
2724 511 2878 585 Saet-j
2908 514 3242 583 retraxisset,
3267 532 3395 573 νυν-

162 626 242 696 τὴν
266 623 491 678 οἰκείαν.
526 620 839 674 Ἀπολείπει
870 620 968 690 μὲν
992 619 1091 691 τὴν
1121 619 1396 690 Περσικὴν
1425 616 1717 686 στρατείαν

162 721 183 770 6
215 716 555 776 ’Δναστάσιος
578 715 670 766 καί
698 712 833 783 πρὸς
862 712 1057 781 ἑτέραν
1089 709 1269 779 πολλῷ
1304 710 1589 779 κρείττονα
1623 706 1718 759 καὶ

162 807 422 876 θειοτέραν
453 806 914 874 στρατολογεῖται.
962 803 1268 855 Ἀπολείπει
1299 801 1354 853 δὲ
1401 800 1491 852 τὸν
1521 799 1718 850 οἰκεῖον

165 899 373 968 ἀδελφὸν
405 898 500 952 καὶ
535 893 963 965 συστρατιώτην,
1000 894 1086 946 ἵνα
1114 892 1189 961 τῷ
1223 890 1721 960 στρατολογήσαντι

165 991 332 1060 ἁρὲσοι
353 1032 366 1053 ,
392 988 487 1042 καὶ
517 987 666 1056 αὺτῷ
687 985 775 1038 διὰ
808 984 1004 1048 παντὸς
1032 982 1345 1036 ἀκολουθεῖν
1394 980 1505 1049 ἔχοι
1555 977 1719 1049 μόνῳ,

167 1081 444 1151 καὶ-μόνοις
469 1081 579 1142 τοῖς
606 1077 768 1132 αὑτοῦ
800 1077 1080 1146 πολεμίοις
1112 1072 1543 1146 συμπλέκεσθαι.

224 1257 293 1311 1".
322 1256 434 1310 Καὶ
487 1253 680 1327 πρῶτα
718 1254 823 1321 μὲν
866 1254 943 1315 είς
981 1248 1280 1320 Ἰεράττολιν
1329 1246 1522 1309 ἐλθὼν,
1558 1245 1729 1316 παρὰ

169 1368 255 1403 τινι
281 1347 594 1418 Χριστιανῷ
618 1346 805 1415 Πέρσῃ
833 1343 1158 1410 κατάγεται,
1184 1340 1283 1409 τὴν
1335 1339 1531 1408 τέχνην
1561 1337 1730 1406 ἀργυ-

174 1443 371 1511 ροκόπῳ
393 1458 405 1470 ·
437 1439 625 1508 χρόνον
667 1437 723 1489 δὲ
755 1436 945 1505 συχνδν
976 1434 1067 1487 ὑπ’
1114 1432 1263 1502 αὐτῷ
1292 1431 1602 1502 διατρίψας,
1638 1429 1731 1480 καὶ

173 1530 251 1595 τὴν
274 1527 720 1597 ἁρχυροκοπικὴν
751 1525 1081 1591 ἐκπονήσας,
1134 1522 1232 1584 τὰς
1262 1521 1361 1589 μὲν
1398 1524 1584 1590 χεῖρας
1620 1514 1731 1585 εἶχε

172 1621 233 1689 sp
254 1620 400 1688 ἔργῳ
417 1616 836 1688 προσκειμένοις·
866 1615 898 1685 ἡ
922 1615 1064 1684 ψυχὴ
1081 1614 1137 1667 δὲ
1169 1614 1251 1666 ἀεὶ
1280 1614 1372 1666 καὶ
1403 1614 1453 1664 οἱ
1478 1610 1730 1681 λογισμοὶ

173 1713 245 1762 τὸν
276 1712 415 1779 προς
452 1709 584 1760 Θεὸν
616 1705 876 1778 ἔστρεφόν
897 1722 956 1755 τε
996 1706 1086 1756 καὶ
1117 1703 1366 1773 ἔτρεφον·
1400 1702 1598 1771 ἔρωτα,
1642 1701 1734 1753 καὶ

172 1801 336 1853 τοῦτον
367 1801 449 1853 ἔτι
476 1798 676 1870 μᾶλλον
706 1799 921 1860 ἑαυτοῖς
952 1796 1295 1864 ὑπανῆτττον,
1338 1793 1434 1847 καὶ
1457 1794 1547 1846 ὑπ’
1570 1791 1733 1846 αὑτοῦ

172 1895 313 1947 πάλιν
346 1893 681 1961 θερμότερον
706 1890 1086 1957 ἀνεφλέγοντο.
1124 1887 1288 1939 Ὅθεν
1321 1886 1496 1939 ἐδεῖτο
1521 1884 1612 1937 τοῦ
1646 1887 1736 1937 ἀνα

172 1986 275 2055 δρὸς
304 1986 333 2036 ὁ
369 1983 663 2052 μακάριος,
700 1981 997 2050 ἀξιωθῆναι
1032 1978 1126 2032 τοῦ
1158 1979 1302 2031 θείου
1336 1977 1733 2047 βαπτίσματοξ,

176 2076 257 2127 καὶ
291 2076 431 2135 ὅλως
484 2071 580 2125 τοῦ
629 2072 898 2140 προτέρου
954 2070 1127 2138 ῥύπου
1191 2068 1287 2121 καὶ
1327 2069 1422 2134 τῆς
1478 2066 1738 2135 γοητικῆς

173 2168 368 2236 ἐκείνης
394 2163 805 2234 ἐκκαθαρθῆναι
842 2161 1083 2231 σαπρίας
1108 2177 1122 2190 ο
1149 2155 1273 2233 ’ίν’ᾗ
1303 2161 1375 2229 μὴ
1419 2159 1739 2227 προαίρεσιν

176 2260 339 2327 μόνον,
371 2256 513 2311 ἀλλά
536 2258 629 2308 καὶ
656 2255 833 2324 ψυχὴν
860 2254 955 2307 καὶ
984 2253 1143 2322 σῶμα
1168 2252 1581 2321 κεκαθαρμένος
1603 2292 1615 2312 ,
1647 2251 1740 2303 καὶ

175 2350 380 2416 γένηται
410 2347 513 2414 τῆς
567 2346 903 2415 ποθουμένης
950 2343 1188 2415 Χριστοῦ
1231 2344 1467 2414 μερίδος,
1502 2358 1741 2411 σημειω-

174 2440 273 2504 θεὶς
298 2440 377 2510 τῷ
412 2440 625 2492 ἐκείνου
680 2437 1079 2505 σφραγίσματι.
1141 2433 1247 2487 Τοῦ
1293 2434 1347 2485 δὲ
1394 2434 1484 2485 τὸν
1532 2434 1596 2483 ὲκ
1634 2431 1741 2481 τῶν

173 2532 383 2602 Περσῶν
420 2530 666 2582 κίνδυνον
701 2528 954 2589 δεδιότος,
986 2526 1080 2579 καὶ
1113 2524 1174 2577 τὸ
1206 2527 1435 2593 πρᾶγμα
1468 2522 1563 2589 ,διὰ
1589 2521 1743 2573 τοῦτο

172 2626 281 2685 ταῖς
326 2625 407 2686 εἰς
438 2622 502 2674 τὸ
537 2621 727 2691 μέλλον
779 2617 1067 2679 ἀναϐολαῖς
1104 2615 1521 2683 παρατείνοντος
1548 2628 1562 2642 °
1606 2613 1740 2673 τέως

176 2715 262 2781 μὲν
309 2715 433 2773 ταῖς
466 2712 619 2780 τιαρά
656 2711 781 2772 τοὺς
816 2709 993 2768 θείους
1023 2709 1183 2769 ναοὺς
1224 2704 1469 2774 προόδοις
1520 2702 1579 2754 τὸ
1611 2704 1742 2755 πολὺ

171 2808 255 2871 τῆς
279 2802 580 2870 ἐπιθυμίας
621 2799 1018 2869 παρεμυθεῖτο,
1061 2798 1155 2851 καὶ
1195 2796 1414 2848 ἀπιόντι
1459 2794 1597 2865 πρὸς
1647 2794 1745 2845 αὺ-

170 2900 281 2956 τους
312 2893 391 2962 τῷ
433 2890 806 2961 ἁργυροκόπῳ
883 2889 978 2942 καὶ
1018 2887 1177 2949 αὐτὸς
1229 2884 1511 2955 συναπῄει,
1541 2884 1634 2937 καὶ
1663 2884 1745 2935 εὐ-

171 2988 375 3053 χομένῳ
408 2984 736 3052 συνηύχετο,
768 2981 864 3033 καί
888 2981 957 3033 τὰ
1003 2979 1110 3034 τῶν
1138 2979 1304 3046 ἁγίων
1340 2976 1596 3045 θαύματα
1654 2975 1748 3027 καὶ

170 3081 284 3131 τοὺς
312 3078 516 3138 ἄθλους
551 3078 642 3126 ἐπὶ
661 3074 769 3125 τῶν
796 3074 993 3141 τοίχων
1026 3069 1390 3142 γεγραμμένα
1414 3070 1578 3138 ὁρῶν,
1609 3071 1748 3135 ἄγαν

1766 1853 1812 1911 Β

1822 626 1941 665 sum
1964 610 2125 664 Persa
2146 608 2380 661 reditum
2413 621 2699 676 aggressus
2726 616 2828 669 est,
2864 616 2917 661 et
2948 607 2999 661 in
3032 622 3187 662 suam
3222 610 3394 679 regio-

1822 716 1946 756 nem
1988 699 2299 753 vehementi
2327 697 2509 752 studio
2536 706 2618 751 est
2650 714 2918 752 reversus.
2962 699 3279 755 Exercitum
3308 717 3397 754 au-

1827 804 1930 847 tem
1966 793 2245 846 Persicum
2271 791 2527 859 relinquit
2548 791 2866 844 Anastasius
2886 792 2985 859 (ὅ),
3002 801 3057 845 et
3080 791 3317 846 refertur
3342 794 3394 845 in

1824 887 1987 939 alium
2010 885 2179 938 inulto
2209 884 2488 937 meliorem
2522 885 2575 935 et
2600 882 2948 937 diviniorem.
2975 884 3250 953 Relinquit
3270 900 3399 937 vero

1827 993 1983 1029 suum
2028 977 2244 1028 fratrem
2276 984 2330 1029 et
2361 974 2814 1039 commilitonem,
2858 984 2918 1027 ut
2947 975 2995 1027 ei
3033 975 3274 1043 placeret
3305 978 3397 1046 qui

1834 1067 2137 1122 exercitum
2162 1067 2475 1134 collegerat,
2510 1075 2564 1120 et
2597 1081 2721 1119 eum
2751 1066 3141 1135 solum‘posset
3186 1085 3403 1139 semper

1830 1158 2005 1228 sequi,
2032 1168 2087 1211 et
2117 1171 2413 1211 conserere
2442 1171 2634 1209 manus
2661 1172 2784 1209 cum
2818 1158 2951 1210 solis
2977 1159 3098 1226 ejus
3126 1158 3398 1212 hostibus.

1902 1249 1992 1303 Ill.
2036 1248 2097 1302 Et
2130 1252 2366 1318 priurum
2395 1247 2613 1315 quidem
2637 1263 2759 1303 cum
2779 1249 3015 1303 venisset
3048 1250 3402 1321 Hierapolim,

1831 1342 2047 1396 divertit
2112 1341 2177 1394 ad
2241 1341 2531 1410 quemdam
2594 1340 2819 1394 Persam
2854 1340 3248 1409 Christianum,
3289 1356 3405 1399 arte

1832 1437 2042 1506 argenti
2093 1434 2441 1489 conﬂatorem
2474 1453 2487 1488 :
2521 1443 2574 1488 et
2626 1451 2750 1490 cum
2801 1446 2971 1490 artem
3007 1437 3279 1493 conﬂandi
3317 1455 3408 1492 ar-

1835 1527 1978 1598 genti
2013 1527 2369 1585 exercuisset,
2408 1542 2599 1578 manus
2628 1528 2847 1595 quidem
2903 1526 3135 1582 habt-bat
3170 1528 3408 1583 intentas

1835 1617 2009 1687 operi,
2063 1617 2280 1669 animus
2343 1626 2524 1669 autem
2582 1633 2796 1687 semper
2824 1626 2879 1671 ct
2910 1618 3166 1689 cogitatio
3205 1621 3255 1673 iu
3314 1621 3409 1674 Dei

1836 1726 2021 1764 amore
2048 1710 2365 1764 versabatur
2393 1718 2447 1764 et
2481 1709 2730 1762 alebatur
2761 1728 2772 1763 :
2804 1725 3040 1780 eumque
3081 1712 3182 1766 sibi
3229 1714 3409 1767 adhuc

1839 1803 2011 1872 magis
2042 1802 2396 1866 accendebat,
2424 1811 2479 1855 et
2502 1801 2569 1854 ab
2595 1800 2713 1869 ipso
2756 1816 2945 1855 rursus
2970 1801 3412 1859 inﬂammabatur

1843 1891 2239 1945 vehementius.
2281 1890 2646 1956 Quamobrem
2678 1905 2802 1945 eum
2835 1890 3057 1960 rogabat
3081 1892 3170 1945 ille
3196 1893 3409 1955 beatus.

1843 1995 1903 2038 ut
1925 1985 2172 2038 divinum
2205 1983 2535 2052 baptismum
2565 1989 3014 2051 consequeretur,
3050 1991 3104 2035 et
3126 1983 3351 2036 omnino
3382 2001 3413 2035 a

1841 2073 2115 2143 prioribus
2174 2073 2430 2128 sordibus
2474 2082 2887 2142 expurgaretur,
2940 2082 2996 2128 et
3047 2074 3116 2129 ab
3164 2075 3251 2128 illa
3291 2075 3412 2129 labe

1841 2163 2239 2234 prwstigiarum
2274 2180 2287 2217 :
2320 2171 2380 2216 ut
2401 2177 2508 2216 non
2532 2163 2707 2216 solum
2734 2164 3016 2218 voluntate
3041 2171 3095 2219 et
3123 2164 3410 2225 electione,

1843 2256 1937 2310 sed
1969 2256 2148 2307 anima
2173 2262 2390 2323 quoque
2448 2264 2503 2308 et
2541 2268 2766 2322 corpore
2829 2265 2976 2309 esset
3032 2263 3322 2325 purgatus,
3360 2266 3417 2310 et

1844 2344 2216 2399 ﬁeretChristi
2250 2347 2441 2413 partis,
2473 2360 2636 2412 quam
2663 2344 3025 2408 desiderabat,
3069 2346 3214 2399 illius
3237 2348 3420 2417 signa-

1844 2448 1930 2490 tus
1959 2436 2255 2507 signaculo.
2292 2435 2426 2489 Cum
2486 2434 2574 2488 ille
2608 2444 2791 2489 autem
2843 2451 2909 2489 ex
2968 2436 3144 2490 Persis
3200 2437 3419 2492 timeret

1848 2531 2171 2597 periculum,
2213 2537 2266 2582 et
2289 2526 2409 2581 ideo
2437 2526 2699 2579 morando
2734 2540 2846 2579 rem
2894 2525 3135 2580 diﬂerret
3180 2527 3235 2581 in
3265 2512 3416 2582 futui

1847 2639 1988 2685 rum,
2023 2620 2241 2674 interim
2274 2619 2491 2688 quidem
2518 2617 2583 2671 ad
2611 2617 2793 2671 divina
2821 2618 3017 2686 templa
3043 2617 3282 2676 aditione
3308 2635 3421 2674 ma-

1847 2728 2010 2785 guum
2043 2724 2201 2766 suum
2234 2710 2517 2764 solabatur
2565 2709 2920 2773 desiderium,
2952 2719 3007 2763 et
3045 2726 3167 2763 cum
3208 2713 3421 2780 argenti

1848 2806 2166 2868 conﬂatore,
2198 2805 2263 2857 ad
2296 2804 2407 2872 ipsa
2432 2803 2685 2863 adeunte,
2714 2803 2829 2870 ipse
2862 2817 3081 2871 quoque
3109 2803 3277 2858 simul
3322 2805 3421 2859 ad-

1852 2900 1981 2963 ibat,
2007 2908 2061 2952 et
2086 2913 2207 2951 cum
2240 2904 2431 2949 orante
2454 2895 2612 2948 simul
2632 2895 2844 2956 orabat,
2875 2902 2927 2948 et
2954 2910 3077 2949 cum
3107 2905 3423 2951 sanctorum

1851 2989 2109 3043 miracula
2158 2996 2213 3039 et
2242 2984 2538 3040 certamina
2580 2984 2790 3037 videret
2824 2984 3095 3054 descripta
3139 2986 3191 3039 in
3245 2985 3426 3055 parie-

1854 3081 2027 3145 tibus,
2060 3079 2127 3133 de
2179 3078 2247 3131 iis
2296 3077 2589 3131 admodum
2645 3076 2933 3145 diligenter
2995 3078 3237 3148 rogabat.
3285 3077 3422 3132 Cum

172 3169 441 3236 ὲπιμελώς
481 3170 608 3237 περὶ
661 3166 841 3219 αὐτῶν
902 3164 1179 3233 ἀνηρώτα.
1254 3162 1408 3214 Ἐπεὶ
1453 3162 1509 3213 δὲ
1549 3161 1747 3229 ἤκουεν

1854 3187 1984 3225 vero
2045 3170 2361 3233 audivisset,
2392 3169 2567 3238 qualis
2596 3167 2676 3222 eis
2732 3170 2861 3234 vita,
2897 3183 3095 3233 mores,
3148 3171 3337 3235 virtus,
3371 3178 3429 3222 et

169 3253 269 3320 οἶος
307 3259 548 3320 ἐκείνοις
606 3260 634 3310 ὁ
683 3257 816 3326 βίος,
846 3257 874 3307 ό
905 3256 1125 3324 τρόπις,
1168 3255 1199 3321 ὴ
1236 3253 1426 3322 ἀρετὴ,
1476 3250 1624 3302 οῖ’τε
1665 3248 1751 3301 διὰ

168 3350 395 3419 Χριστὸν
434 3348 651 3416 ἀγῶνες
708 3349 917 3411 ὁποῖοι,
948 3344 1043 3398 καί⁵
1086 3344 1203 3405 οἵας
1262 3343 1391 3411 παρ’
1417 3340 1565 3410 αὐτῷ
1594 3339 1754 3393 πάλιν

169 3444 443 3511 ἐπιτυχεῖν
484 3442 670 3501 αὐτοῖς
700 3439 910 3507 γένοιτο
937 3438 1031 3489 καὶ
1063 3436 1160 3503 τῆς
1192 3433 1527 3504 παρρησίας·
1564 3432 1749 3483 οὐκέτι

168 3532 417 3600 κατέχειν
466 3532 569 3599 τὴν
613 3530 779 3582 ὠδῖνα
825 3528 923 3596 τῆς
969 3525 1195 3594 καρδίας
1244 3519 1355 3585 οἷός
1416 3539 1476 3574 τε
1508 3517 1597 3591 ἦν,
1642 3520 1753 3572 ἀλλ’

167 3625 301 3691 ἔγνω
324 3625 566 3695 πορείας
599 3624 695 3691 τῆς
727 3622 818 3673 ἐπὶ
846 3622 911 3673 τὰ
970 3618 1325 3688 Ἱεροσόλυμα
1370 3616 1571 3685 μᾶλλον
1612 3615 1755 3681 ἄξια-

169 3717 303 3781 σθαι,
340 3720 583 3770 κάκεῖσε
616 3719 798 3785 τυχεῖν
830 3714 925 3767 τοῦ
958 3712 1353 3782 βαπτίσματος.
1416 3705 1755 3761 Καταλαϐὼν

164 3806 250 3862 οὖν
279 3812 381 3880 τὴν
411 3811 589 3877 ἁγίαν
622 3808 798 3871 πόλιν,
851 3808 945 3858 καὶ
978 3803 1263 3874 παρελθὼν
1299 3801 1377 3862 εἷς
1404 3816 1548 3861 τινος
1577 3799 1755 3851 οἰκίαν

164 3902 255 3970 τὴν
281 3901 751 3973 ἀργυροκοπικὴν
785 3900 879 3951 καὶ
914 3897 1080 3950 αὑτοῦ
1110 3894 1412 3963 μετιόντος,
1459 3893 1557 3961 τὴν
1582 3891 1757 3943 αἰτίαν

167 3993 309 4061 αὐτῷ
352 3998 461 4064 τῆς
525 3991 821 4061 ἐπιδημίας
886 3988 1287 4042 ἀνακαλύπτει·
1358 3987 1440 4037 ὅτι
1494 3983 1756 4052 βούλοιτο,

164 4090 309 4153 φησὶ,
368 4086 527 4154 πρὸς
584 4083 897 4135 θεοσέϐειαν
960 4078 1325 4149 μεταθέσθαι,
1393 4077 1487 4127 καὶ
1544 4074 1762 4143 Χριστῷ

162 4178 554 4248 προσαχθῆναι
606 4175 695 4227 διὰ
734 4173 1127 4242 βαπτίσματος.
1161 4170 1268 4221 Καὶ
1319 4168 1375 4229 ὃς
1423 4167 1763 4235 αὑτδνἩλία

160 4271 235 4339 τῷ
281 4272 383 4339 τῆς
441 4267 641 4336 Ἀγίας
680 4266 1054 4325 Ἀναστάσεως
1089 4260 1367 4329 ὀσιωτάτῳ
1413 4256 1765 4328 πρεσϐυτέρῳ

163 4362 430 4427 προσάγει
450 4376 464 4389 ’
499 4358 761 4417 κακεῖνος
802 4353 1043 4414 ὑπτίαις,
1070 4350 1097 4403 ὃ
1118 4351 1181 4420 δὴ
1214 4349 1451 4415 λέγεται,
1482 4346 1638 4416 χερσὶ
1675 4346 1765 4397 τὸν

163 4452 274 4501 νέον
299 4451 644 4518 δεξάμενος,
670 4444 931 4512 Μοδέστῳ
950 4440 1248 4511 τηνικαῦτα
1273 4437 1369 4490 τοῦ
1396 4432 1755 4490 ἀποστολικοῦ

1857 3263 2033 3335 qualia
2063 3272 2282 3332 propter
2310 3260 2587 3315 Christum
2621 3260 2941 3325 certamina,
2960 3269 3017 3315 et
3041 3260 3255 3329 qualem
3282 3263 3429 3331 apud

1857 3360 2035 3427 ipsum
2071 3371 2259 3409 rursus
2282 3354 2533 3408 ﬁduciam
2559 3354 2639 3407 eis
2670 3353 2858 3407 liceret
2882 3354 3161 3423 consequi,
3186 3369 3296 3407 non
3334 3370 3431 3423 po-

1860 3456 1997 3500 terat
2028 3447 2259 3515 amplius
2286 3445 2588 3509 continere,
2628 3444 2701 3507 id,
2747 3444 2891 3513 quod
2947 3444 3066 3513 ejus
3102 3445 3435 3513 parturiebat

1857 3540 2093 3601 animus,
2130 3536 2222 3591 sed
2256 3536 2447 3590 statuit
2512 3535 2776 3605 proﬁcisci
2836 3534 3224 3604 Hierosolyma,
3254 3544 3308 3589 et
3340 3536 3436 3589 ba-

1861 3630 2118 3700 ptismum
2143 3629 2248 3680 illic
2266 3626 2549 3695 consequi.
2575 3625 2711 3680 Cum
2734 3640 2863 3695 ergo
2887 3624 2940 3677 in
2972 3635 3213 3678 sanctam
3246 3640 3437 3693 pervc-

1862 3725 2031 3776 uisset
2076 3720 2377 3781 civitatem,
2425 3724 2480 3770 et
2531 3718 2851 3771 accessisset
2899 3716 2951 3767 iu
3000 3716 3219 3769 domum
3251 3706 3436 3784 cujus-

1861 3816 2005 3877 dam,
2042 3813 2131 3881 qui
2156 3813 2269 3880 ipse
2303 3824 2519 3879 quoque
2583 3809 2791 3878 argenti
2839 3808 3106 3861 conllandi
3152 3809 3441 3861 exercebat

1864 3918 2056 3967 artem,
2097 3903 2143 3955 ei
2168 3901 2343 3971 aperit
2373 3915 2592 3954 causam
2626 3900 2708 3953 sui
2739 3900 3024 3961 adventus,
3057 3913 3254 3965 nempe
3293 3903 3435 3969 quod

1866 3996 2021 4046 vellet
2057 3986 2265 4045 traduci
2298 3991 2362 4043 ad
2384 3977 2659 4058 pietatem
2686 3996 2741 4042 et
2763 4003 2948 4041 verum
2995 3988 3088 4040 Dei
3126 3987 3354 4051 cultum,
3386 4000 3439 4039 et

1866 4086 1929 4138 ad
1966 4084 2241 4139 Christum
2273 4082 2465 4135 adduci
2494 4097 2587 4149 per
2610 4080 2961 4149 baptismum.
2990 4078 3080 4133 Ille
3102 4087 3281 4133 autem
3314 4096 3440 4134 eum

1870 4174 2088 4227 adducit
2119 4173 2182 4225 ad
2216 4172 2414 4233 Eliam,
2452 4169 2662 4224 Sanctae
2706 4168 3141 4223 Resurrectionis
3159 4170 3439 4223 sanctissi-

1870 4281 2017 4319 mum
2077 4265 2492 4334 presbyterum:
2528 4261 2619 4329 qui
2656 4276 2779 4315 cum
2835 4260 3067 4329 supinis,
3106 4268 3167 4313 ut
3218 4259 3440 4323 dicitur,

1872 4355 2121 4408 manibus
2163 4354 2418 4423 juvenem
2478 4352 2795 4420 accepisset,
2829 4350 2894 4403 de
2920 4364 2985 4403 eo
3028 4350 3197 4402 refert
3235 4350 3301 4402 ad
3335 4350 3447 4402 dlo-

1872 4447 2107 4511 destum,
2135 4446 2225 4514 qui
2288 4446 2399 4498 sedi
2439 4452 2671 4514 prmerat
2708 4442 3055 4512 apostolicae:
3094 4451 3148 4496 et
3180 4442 3256 4497 sic
3306 4442 3445 4496 divi-

164 4543 475 4614 προεστῶτι
513 4540 712 4608 θρόνου
752 4536 821 4589 τὰ
869 4536 986 4587 κατ’
1014 4532 1173 4586 αὑτὸν
1198 4528 1481 4599 ἀναφέρει,
1506 4526 1600 4579 καὶ
1628 4525 1752 4578 οὖτο

1875 4553 2005 4591 num
2044 4538 2369 4606 baptisuunn
2438 4537 2764 4601 assequitur.
2815 4549 2871 4588 ct
2914 4534 3237 4588 venerandm
3271 4537 3447 4589 crucis

162 4636 424 4703 τυγχάνει
466 4631 573 4685 τοῦ
610 4630 759 4683 θείου
792 4628 1199 4696 βαπτίσματος·
1230 4625 1324 4675 καὶ
1368 4620 1577 4687 καρπὸς
1602 4619 1769 4682 ὅντως

162 4727 384 4795 ὡραῖος,
415 4724 525 4778 τοῦ
560 4720 858 4789 σεϐασμίου
889 4715 1120 4787 σταυροῦ
1145 4715 1418 4768 δείκνυται
1442 4754 1456 4776 ,
1486 4713 1579 4765 καὶ
1622 4714 1773 4764 Ἀνα-

166 4818 379 4879 στάσιος
419 4813 751 4881 ἐπωνύμως
782 4811 878 4878 τῆς
919 4810 1273 4878 ἀνακλήσεως
1324 4808 1418 4859 καὶ
1450 4805 1546 4873 τῆς
1573 4807 1663 4857 ἐπὶ
1702 4804 1769 4856 τε

163 4910 396 4979 κρείττω
435 4903 769 4978 μεταϐολῆς
791 4902 899 4954 ἀπὸ
935 4901 1034 4969 τῆς
1060 4897 1335 4967 προτέρας
1372 4895 1630 4956 ἀπιστίας
1678 4894 1772 4945 καὶ

170 5001 413 5070 γοητείας
482 4993 953 5068 μετονομάζεται.
1005 4992 1108 5044 Σὺν
1142 4990 1291 5058 αὑτῴ
1341 4988 1399 5041 δὲ
1455 4985 1775 5055 βαπτίζεταί

162 5109 238 5155 τις
268 5094 364 5146 καὶ
392 5092 607 5159 ἕτερος
637 5089 739 5156 τῆς
763 5085 931 5152 αὐτῆς
961 5084 1055 5136 καὶ
1082 5080 1336 5151 πατρίδος
1364 5080 1457 5133 κα)⁸
1480 5076 1778 5147 θρησκείας

176 5182 530 5251 Ἀναστασίῳ
560 5195 574 5207 ’
614 5178 676 5239 ὃς
710 5176 931 5244 καὶτῆς
986 5176 1109 5242 ἴσης
1139 5169 1500 5237 ἐκοινώνησεν
1547 5167 1777 5236 ὕστερον

166 5277 298 5346 ὑπὲρ
328 5272 602 5344 Χριστοῦ
632 5267 965 5339 μαρτυρίας,
1002 5265 1096 5319 καὶ
1139 5263 1249 5317 τῶν
1287 5260 1465 5313 αὐτῶν
1495 5261 1553 5312 ὲν
1591 5258 1778 5326 Ἑδέσῃ

167 5366 485 5438 κατηξιώθη
526 5362 849 5429 στεφάνων.

230 5462 301 5511 Δ’.
331 5456 672 5513 Μείναντος
730 5450 913 5517 μέντοι
966 5446 1119 5516 παρὰ
1144 5448 1209 5515 τῇ
1258 5443 1353 5496 τοῦ
1404 5440 1776 5511 πρεσϐυτέρου

170 5550 308 5620 clari;
348 5549 569 5617 ὀγδόην
610 5544 832 5612 ἡμέραν
872 5538 1247 5601 Ἀναστασίου,
1284 5535 1404 5588 καθ’
1444 5535 1509 5604 ἣν
1561 5534 1656 5586 καὶ
1691 5532 1776 5583 νό-

176 5657 265 5707 μας
289 5641 612 5710 ἀπροῖτους
638 5633 753 5702 ἔχει
783 5632 909 5694 τοὺς
938 5632 1059 5691 ἀρτι
1099 5625 1570 5698 πεφωτισμένους,
1616 5624 1781 5675 ἐπυν-

1878 4644 2003 4681 vere
2038 4629 2261 4696 pulcher
2291 4626 2502 4680 fructus
2529 4627 2855 4685 ostenditur,
2889 4633 2943 4678 et
2990 4626 3311 4679 Anastasius
3344 4642 3447 4679 no-

1878 4719 2026 4772 mine
2086 4726 2445 4772 transmutato
2505 4717 2828 4786 appellatur,
2866 4725 3080 4785 sumpta
3128 4716 3449 4771 denomina-

1882 4812 2027 4865 tione
2055 4827 2081 4863 a
2110 4812 2452 4865 revocatioue
2484 4820 2536 4863 et
2568 4812 2631 4863 ad
2663 4810 2882 4862 meliora
2912 4810 3210 4863 mutatione
3233 4825 3260 4863 a
3280 4812 3448 4879 priori

1880 4900 2192 4955 inﬁdelitate
2223 4911 2273 4954 et
2310 4901 2614 4969 praestigiis.
2659 4899 2773 4952 Una
2800 4908 2981 4951 autem
3018 4914 3141 4953 cum
3173 4915 3238 4952 eo
3279 4900 3454 4967 bapti-

1877 5001 2031 5044 zatur
2059 5007 2276 5060 quoque
2311 4992 2527 5059 quidam
2555 4990 2713 5054 alius,
2747 4990 2838 5058 qui
2863 4999 2977 5042 erat
3005 4990 3250 5058 ejusdem
3288 4991 3449 5044 etiam

1875 5084 2063 5151 patriae
2103 5092 2157 5137 et
2181 5084 2435 5151 regionis,
2470 5083 2626 5152 cujus
2670 5082 2992 5135 Anastasius
3022 5102 3035 5135 :
3064 5081 3154 5149 qui
3184 5081 3284 5134 fuit
3332 5081 3452 5149 ejus

1877 5188 2095 5243 quoque
2123 5174 2302 5227 socius
2354 5176 2405 5225 in
2447 5172 2674 5226 ferendo
2715 5184 2812 5239 pro
2844 5170 3063 5225 Christo
3088 5170 3367 5241 martyrio,
3395 5181 3451 5223 et

1875 5265 2095 5319 easdem
2127 5274 2213 5319 est
2249 5264 2463 5318 Edessa:
2498 5277 2727 5317 coronas
2758 5269 3106 5315 consecutus.

1958 5427 2186 5481 lV.Cum
2203 5436 2382 5479 autem
2394 5426 2695 5480 mansisset
2710 5424 3030 5478 Anastasius
3042 5421 3317 5491 octoginta
3339 5421 3456 5475 dies

1884 5522 2025 5591 apud
2061 5520 2454 5591 presbyterum,
2486 5519 2686 5587 quibus
2718 5533 2825 5571 non
2858 5516 2987 5570 licet
3015 5514 3199 5585 egredi
3221 5528 3335 5580 eos,
3361 5514 3453 5583 qui

1889 5615 2051 5669 modo
2082 5612 2233 5668 fuere
2263 5611 2572 5672 illuminati,
2624 5608 2832 5679 rogavit
2877 5623 3001 5664 eum
3034 5606 3250 5662 divinus
3288 5606 3454 5672 Elias,

240 5823 316 5891 ('5)
360 5812 724 5874 Anastasius
762 5811 827 5865 ad
866 5809 1207 5866 Christianos
1242 5805 1705 5877 translugitanuo
1736 5801 1862 5865 621,
1901 5798 2137 5853 Baronio
2166 5805 2305 5850 teste
2344 5803 2381 5847 t.
2426 5792 2537 5849 \‘lll
2564 5794 2754 5847 Annal.

397 5917 709 5975 Ριτιιοι.
751 5906 867 5967 Gn.
928 5903 1134 5966 CXIV.

3074 5885 3147 5945 91’)
