4154 6490
132 455 211 513 735

1356 441 1529 501 VITA
1572 439 1631 497 S.
1670 437 2065 497 ANASTASII
2102 434 2361 496 PEHSJ‘I

3237 430 3341 492 7'65

136 560 190 626 μὴ
214 556 377 617 ιῦτως
410 554 635 621 ἁναίδην
660 550 726 603 τὰ
769 554 940 619 σεμνὰ
984 550 1261 618 φαυλίζειν
1313 547 1537 616 Περσῶν
1581 546 1673 596 καὶ

1795 545 1956 598 λιι-ἀίει
1999 544 2224 607 similes,
2256 543 2349 595 sed
2409 556 2530 593 eum
2587 542 2750 594 etiam
2787 540 3136 592 vehementer
3187 550 3345 603 regas

132 651 191 710 ιίς
210 647 395 715 χλεύην
421 647 532 705 τοῖς
550 644 641 695 πο)
654 643 761 703 λοῐς
784 638 1335 693 τίθεσθαι.Ἐντεῦϐεν
1353 641 1379 690 ὁ
1407 636 1568 697 καλδς
1594 635 1672 703 τῷ

133 742 217 791 ὖντι
263 738 359 789 καί⁵
411 734 659 797 ποθεινὸς
722 733 1073 793 Ἀναστάσιος
1134 731 1269 799 πρὸς
1320 729 1381 781 τὸ
1438 726 1672 796 τερπνὸν

130 832 357 897 ἡτεέγετο
387 828 480 883 τοῦ
509 827 809 898 μαρτυρίου
833 826 1142 895 κατάλυμα.

187 1095 251 1149 Θ.
270 1096 343 1149 Οὐ
378 1096 512 1147 πολὺ
542 1094 599 1147 δὲ
627 1094 807 1147 αὐτῶν
862 1092 1125 1146 διεστῶτα
1158 1094 1355 1157 ἰδόντες
1411 1092 1551 1154 τινὲς
1587 1091 1676 1144 τὸν

134 1186 269 1252 ἄνδρα
318 1186 430 1237 τῶν
465 1184 717 1253 συνήθως
764 1186 914 1256 παρὰ
950 1187 1188 1255 Πέρσαις
1242 1186 1548 1255 λεγομένων
1580 1201 1677 1236 κα-

137 1278 412 1347 δαλλαρίων
445 1278 547 1345 πρὸ
585 1276 680 1330 τοῦ
715 1278 921 1347 Δέρδας
963 1278 1290 1346 καθήμενοι,
1325 1278 1515 1347 ὥσπερ
1546 1275 1676 1344 γοῦν

136 1370 209 1421 καὶ
241 1369 458 1421 εξώῡασι
500 1368 680 1439 (τοῦτο
700 1368 756 1421 δέ
778 1370 894 1420 ἐστι
926 1368 1255 1438 πραιτώριον
1280 1366 1375 1419 τοῦ
1406 1368 1679 1434 καλουμέ-

138 1476 208 1509 νου
253 1459 376 1526 παρ’
426 1458 611 1519 αὐτοῖς
659 1456 988 1527 σελλαρίου),
1020 1453 1199 1510 Ἦπου
1230 1458 1476 1526 δηλάτωρ
1526 1451 1681 1517 οὗτός

140 1551 279 1611 ὶστιν,
304 1550 515 1617 ἔφησαν
546 1549 683 1618 πρὸς
710 1550 935 1609 ἑαυτοὺς
960 1552 1025 1617 τῇ
1060 1549 1281 1619 Περσῶν
1304 1548 1587 1616 διαλέκτῳ.
1624 1548 1680 1600 '0

138 1641 181 1691 δὲ
204 1640 280 1691 τοῦ
303 1642 544 1707 ῥήματος
573 1640 971 1709 ὑπαισθὸμενος
1023 1641 1115 1691 καὶ
1150 1639 1245 1709 τὴν
1293 1638 1538 1705 γλῶτταν
1583 1640 1682 1691 οὐκ

139 1730 400 1797 ἀγνοήσας,
437 1724 526 1782 οἷα
561 1731 777 1799 Πέρσης
816 1731 908 1782 καὶ
932 1729 1093 1790 αὐτὸς
1116 1728 1211 1795 ὣν,
1238 1730 1331 1783 καὶ
1373 1728 1556 1799 φωνὴν
1584 1728 1681 1798 τὴν

141 1822 282 1887 αὐτὴν
319 1820 551 1878 ἐκείνοις
585 1820 1037 1887 πεπαιδευμένος,
1064 1820 1228 1889 δριμύ
1255 1837 1306 1872 τι
1348 1820 1469 1871 λίαν
1501 1821 1683 1879 αὐτοῖς

1777 641 1922 693 runt,
1948 649 2017 687 ne
2058 643 2165 686 tam
2202 632 2579 701 impudenter,
2620 647 2737 699 qme
2790 637 2915 683 sunt
2969 629 3110 695 apud
3152 626 3349 679 Persas

1774 724 2053 793 prazclara,
2080 732 2475 785 contemneret,
2512 733 2566 776 et
2609 724 2661 775 in
2700 724 2885 790 vulgus
2920 719 3194 773 irridenda
3224 733 3347 786 pro-

1777 825 2023 885 poneret.
2055 816 2261 869 Exinde
2306 817 2393 869 ille
2427 829 2550 869 vere
2586 813 2834 882 egregius
2864 821 2918 865 et
2971 808 3349 865 desiderabilis

1776 907 2092 961 Anastasius
2141 906 2430 961 festinabat
2480 907 2545 960 ad
2600 904 2919 959 delectabile
2951 910 3005 956 et
3047 900 3346 971 jucundum

1778 999 2022 1068 martyrii
2059 998 2379 1067 hospitium.

1852 1090 1938 1142 IX.
1962 1090 2098 1143 Cum
2122 1104 2233 1143 non
2258 1090 2414 1158 longe
2440 1098 2619 1142 autem
2644 1103 2672 1141 a
2697 1102 2756 1142 se
2783 1096 3052 1142 remotum
3075 1099 3199 1140 eum
3227 1084 3352 1151 qui-

1780 1180 1902 1234 dam
1935 1180 2197 1234 vidissent
2228 1196 2292 1233 ex
2326 1180 2411 1243 iis,
2442 1180 2535 1247 qui
2582 1178 2839 1233 dicuntur
2885 1193 2914 1230 ιι
2960 1176 3137 1231 Persis
3168 1174 3352 1229 cabal-

1783 1271 1920 1334 larii,
1957 1270 2211 1325 sedentes
2240 1272 2383 1340 apud
2422 1270 2645 1327 Derbas.
2685 1270 2828 1323 sicut
2856 1268 3019 1322 etiam
3050 1281 3352 1320 consueve-

1784 1370 1910 1413 runt
1937 1362 2063 1428 (hoc
2091 1369 2269 1413 autem
2300 1370 2383 1413 est
2415 1362 2724 1428 prietorium
2749 1362 2885 1429 ejus,
2914 1359 3006 1429 qui
3032 1358 3174 1427 apud
3205 1358 3353 1425 ipsos

1784 1452 1979 1506 dicitur
2009 1452 2277 1517 seilarius)
2311 1468 2324 1502 :
2360 1449 2519 1503 Certe
2552 1451 2638 1503 hic
2692 1462 2776 1504 est
2828 1451 3054 1511 delator,
3100 1448 3354 1501 dixerunt

1784 1544 1926 1596 inter
1963 1557 2022 1594 se
2072 1558 2323 1595 sermone
2358 1540 2595 1596 Persico.
2642 1541 2735 1595 llle
2788 1556 2917 1593 vero
2950 1555 3073 1593 eum
3130 1538 3351 1592 verbum

1786 1634 2067 1697 sensisset,
2094 1643 2147 1685 et
2198 1635 2431 1701 linguam
2490 1649 2607 1687 non.
2641 1633 2965 1702 ignorasset,
3000 1641 3059 1684 ut
3102 1632 3194 1698 qui
3242 1630 3359 1695 ipse

1785 1739 1999 1792 quoque
2044 1732 2188 1775 esset
2244 1724 2427 1785 Persa,
2464 1732 2513 1776 et
2570 1723 2620 1774 in
2656 1724 2846 1775 eadem
2886 1737 3036 1783 voce,
3092 1736 3197 1788 qua
3260 1720 3357 1778 illi.

1785 1816 2048 1877 eruditus,
2073 1830 2166 1868 eos
2200 1824 2350 1867 torve
2375 1827 2424 1868 et
2448 1815 2643 1868 acriter
2670 1815 2924 1869 intuens:
2961 1814 3075 1867 Non
3108 1829 3227 1867 sum
3259 1813 3356 1865 de-

142 1912 213 1961 καὶ
240 1909 430 1978 πικρὸν
448 1909 744 1977 ἐμϐλέψας,
771 1910 845 1963 Οὐ
865 1908 1117 1977 δηλάτωρ
1136 1910 1328 1976 ἔγωγε,
1354 1904 1495 1960 εἶπε·
1520 1908 1685 1975 λῆρος

1795 1911 1943 1970 lator,
1993 1908 2201 1975 inquit;
2238 1917 2367 1959 sunt
2394 1908 2523 1967 hzrc.
2578 1908 2772 1974 inquit,
2807 1923 2963 1975 nega:
2994 1917 3048 1959 et
3097 1906 3352 1973 ineptim:

140 2001 269 2053 τοῦτο
288 2004 377 2053 καὶ
408 2001 648 2071 φλυαρία
671 2002 885 2064 ·δοῦλος
914 2002 971 2054 δὲ
997 2002 1193 2071 μᾶλλον
1226 2000 1400 2069 Ἰησοῦ
1424 2000 1680 2067 Χριστοῦ,

141 2096 215 2144 καὶ
261 2093 437 2161 πολλῷ
476 2109 539 2157 γε
605 2092 827 2161 βελτίων
890 2094 1081 2162 ὑμῶν,
1142 2094 1190 2145 εί
1244 2093 1336 2144 καὶ
1366 2091 1523 2153 αὑτός
1556 2108 1685 2143 ποτε

141 2182 241 2233 καθ’
265 2184 403 2249 ὑμᾶς
438 2184 714 2250 ἐγεγόνειν
750 2184 842 2236 καὶ
881 2181 1032 2247 τάξει
1065 2186 1131 2253 τῇ
1159 2183 1265 2236 τῶν
1307 2182 1686 2252 καδαλλαρίων

140 2274 472 2347 ἐξηταζόμην.
528 2274 745 2327 Τούτων
800 2277 996 2335 ἐκεῖνοι
1052 2274 1408 2337 ἀκούσαντες,
1462 2277 1552 2326 καὶ
1587 2277 1685 2342 τῆς

138 2366 375 2433 καθέδρας
411 2365 574 2427 εὐθὺς
599 2365 917 2434 ὲξαλάμενοι
968 2366 1232 2435 κατέσχον
1280 2366 1461 2429 αὑτὸν,
1497 2366 1687 2417 ἔπειτα

141 2457 303 2524 καὶτῷ
331 2456 603 2525 σελλαρίῳ
658 2458 1028 2525 είσαγγελθὲν,
1069 2456 1237 2521 ἔξεισι
1287 2460 1538 2521 κάκεῖνος
1592 2457 1686 2509 τοῦ

143 2548 474 2616 ⁹εςιειιτωρίου,
500 2550 595 2601 καὶ
621 2550 919 2618 ἀνακρίνας
945 2549 1104 2602 αὑτὸν
1133 2550 1280 2611 ὅστις
1306 2550 1415 2618 εἴη,
1450 2552 1541 2603 καὶ
1568 2550 1689 2602 ὅθεν

142 2632 261 2699 ἥκοι.
296 2636 389 2687 καὶ
426 2637 608 2687 πάντα
640 2638 735 2688 σὺν
776 2637 1027 2708 ἀκριϐείᾳ
1054 2638 1120 2691 τὰ
1162 2639 1280 2690 κατ’
1309 2639 1472 2691 αὑτὸν
1507 2638 1691 2701 ἐξετά-

142 2740 219 2785 σας
250 2726 426 2779 δίδωσι
458 2726 847 2795 τηρεῖσθαιτὸν
870 2730 1220 2788 Ἀναστάσιον
1260 2729 1362 2781 ὑπὸ
1393 2733 1605 2801 φρουρᾷ
1622 2734 1685 2800 τῇ

140 2818 521 2888 ἀσσαλεστάτῃ·
539 2821 596 2869 ἐν
681 2822 769 2871 καὶ
790 2822 867 2883 είς
896 2820 1085 2891 τρίτην
1112 2817 1493 2893 ήμέραν,ὲξῆ;
1519 2840 1690 2875 κατα-

141 2907 501 2975 κεκλεισμένος
535 2906 669 2980 [ﬁxa],
690 2909 811 2963 οὔτε
840 2910 1045 2981 βρωτὸν
1065 2911 1187 2964 οὔτε
1210 2912 1371 2963 ποτὸν
1394 2913 1500 2964 οὐδ’
1517 2912 1691 2964 ὁτιοῦν

146 2995 251 3061 παρ’
286 2996 470 3048 αὐτῶν
492 2996 627 3059 ὅλως
654 3000 950 3067 προσέσθαι
970 3000 1225 3069 ἠνέσχετο
1245 3016 1257 3028 ·
1282 3000 1396 3052 ἀλλ’
1432 3002 1693 3068 ἄγευστος

145 3083 261 3138 ςῦτω
289 3089 641 3141 παντάπασιν
668 3092 724 3140 ὲν
747 3093 810 3160 τῇ
847 3091 1058 3162 φυλακῇ
1092 3092 1384 3162 καθεῖρκτο
1404 3132 1419 3156 ,
1464 3093 1691 3161 προσδο-

145 3174 219 3243 κία
268 3179 401 3251 μόνῃ
451 3180 563 3233 τῶν
619 3181 917 3249 μελλόντων
966 3184 1104 3254 ὑπὲρ
1156 3184 1389 3254 Χριστοῦ
1433 3184 1691 3237 κινδύνων

144 3270 477 3335 τρεςόμενος.
532 3271 671 3339 ’Πδη
696 3270 751 3323 δὲ
787 3271 878 3324 τοῦ
925 3272 1268 3341 Μαρζαόανᾶ
1296 3274 1393 3341 τῆς
1429 3274 1691 3343 ἐκδημίας

144 3358 510 3423 ἐπανελθόντος
555 3362 699 3432 (οὐδὲ
737 3363 841 3432 γὰρ
867 3359 935 3431 ἦν
966 3363 1246 3433 ἐπιδημῶν
1300 3364 1595 3433 τηνικαῦτα
1626 3367 1691 3434 τῇ

148 3448 497 3519 Καισαρέων),
525 3455 621 3505 καὶ
650 3452 740 3505 τοῦ
772 3453 1049 3523 σελλαρίου
1068 3456 1135 3507 τὰ
1160 3456 1299 3507 κατὰ
1313 3457 1401 3508 τὸν
1438 3456 1695 3508 Ἀναστά-

147 3554 237 3589 cm
264 3543 721 3609 ἀπαγγείλαντος,
755 3544 1037 3613 δεσμώτης
1065 3544 1223 3598 εὑθῦς
1245 3546 1271 3597 ὁ
1302 3545 1511 3615 μάρτυς
1537 3548 1614 3607 είς
1636 3546 1696 3597 τὸ

150 3633 458 3701 πραιτώριον
489 3635 704 3701 ἄγεται.
736 3634 826 3687 Ἐν
852 3629 893 3701 ᾧ
922 3635 978 3687 δέ
1010 3653 1151 3687 τισιν
1181 3636 1390 3705 ἑτέραις
1420 3640 1445 3687 ὁ
1472 3637 1697 3705 Magia-

146 3721 291 3786 δινᾶς
322 3726 693 3796 ἁπησχολείτο
723 3727 999 3795 φροντίσιν
1019 3727 1379 3795 ἀναγνωρίζει
1407 3727 1514 3778 τῶν
1540 3728 1696 3779 εὐσε-

147 3812 237 3863 ὗιίιν
254 3832 332 3877 τις
354 3818 447 3868 τὸν
493 3818 845 3870 Ἀναστάσιον
864 3835 878 3848 ’
908 3819 964 3879 ὃς
997 3818 1289 3887 ἐτύγχανεν
1336 3820 1498 3871 αὑτὸν
1546 3822 1601 3870 ὲν
1624 3818 1698 3888 τῷ

148 3904 368 3974 σεϐαστῷ
389 3908 490 3975 τῆς
521 3908 785 3960 Θεοτὸκου
814 3909 1033 3977 τεμένει
1060 3908 1403 3978 τεθεαμένος.
1438 3910 1701 3976 Ἀναγκω-

148 3994 277 4060 ρίσας
308 3996 606 4065 τοιγαροῦν
639 3993 792 4059 οὗτος
827 3999 988 4051 αὑτὸν
1032 4000 1089 4049 ἐν
1118 3998 1194 4066 τῷ
1251 3998 1568 4069 πραιτωρίῳ
1608 3998 1701 4050 καὶ

146 4086 450 4150 παράῦτοῦ
506 4087 815 4155 πυθόμενος
873 4090 994 4140 ὅτου
1049 4090 1204 4158 χάριν
1256 4090 1431 4141 ὲκεῖσε
1464 4089 1697 4158 παρείη,

147 4177 438 4245 μακαρίσας
466 4194 529 4229 τε
564 4178 725 4229 αὑτὸν
751 4178 842 4229 τοῦ
881 4178 1107 4241 σκοποῦ,
1147 4177 1408 4246 ρώννυσιν
1452 4180 1529 4230 ἔτι
1564 4179 1701 4248 μᾶλ-

144 4266 216 4316 λον
245 4269 408 4320 αὑτοῦ
441 4271 548 4339 τὴν
608 4270 737 4324 περὶ
793 4270 856 4322 τὰ
904 4269 1051 4322 δεινὰ
1092 4269 1421 4339 προθυμίαν,
1456 4271 1530 4333 ὡς
1564 4272 1701 4342 μήτε

143 4354 291 4425 δεσμά
308 4359 492 4412 δεῖσαι
518 4360 608 4412 διὰ
631 4361 887 4429 Χριστὸν,
922 4362 994 4431 μὴ
1023 4361 1314 4430 βασάνους,
1346 4362 1420 4433 μὴ
1451 4363 1697 4417 θάνατον·

146 4450 255 4502 ἀλλὰ
283 4454 556 4518 γενναίως
588 4452 667 4522 τῷ
691 4452 1029 4523 Μαρζαόανᾷ
1057 4455 1150 4505 καὶ
1178 4455 1440 4516 νεανικῶς
1471 4453 1701 4523 ἀποκρί-

1718 3224 1761 3283 ο

1787 2000 1878 2054 sed
1919 2000 2094 2068 potius
2154 2015 2345 2052 servus
2396 1997 2524 2052 Jesu
2588 1998 2811 2059 Christi,
2854 2008 2906 2051 et
2942 1997 3092 2051 vobis
3139 1996 3358 2065 quidem

1784 2092 1980 2144 melior
2011 2110 2023 2143 :
2078 2089 2340 2157 siquidem
2372 2106 2586 2159 quoque
2621 2090 2695 2143 lui
2722 2089 3015 2157 aliquando
3065 2090 3206 2141 sicut
3236 2104 3355 2146 vos.

1787 2192 1841 2236 et
1874 2184 1926 2235 in
1957 2182 2369 2236 t'aballariorum
2397 2197 2679 2234 numerum
2716 2181 2789 2234 l'ui
2829 2181 3049 2234 relatus.
3080 2179 3203 2233 llaec
3231 2196 3353 2233 cum

1788 2276 1861 2329 illi
1893 2275 2189 2333 audissent,
2220 2282 2271 2327 et
2302 2288 2331 2327 e
2363 2274 2618 2327 cathedra
2645 2273 2824 2326 statim
2850 2273 3205 2334 exsiliissent,
3231 2288 3356 2325 eum

1788 2368 2159 2419 detinuerunt.
2216 2364 2417 2417 Deinde
2464 2381 2586 2417 cum
2641 2365 2857 2417 sellario
2914 2379 3131 2434 quoque
3170 2363 3365 2417 fuisset

1789 2459 2195 2521 annuntiatmn,
2232 2457 2506 2525 egreditur
2538 2457 2699 2510 etiam
2740 2456 2828 2509 ille
2862 2472 2924 2510 ex
2962 2457 3215 2526 praetorio
3251 2471 3263 2506 :
3305 2464 3363 2508 et

1790 2566 1932 2615 eum;
1959 2550 2209 2618 quisnam
2261 2549 2306 2601 is
2332 2560 2496 2611 esset,
2538 2547 2941 2617 interrogasset,
2974 2558 3028 2600 et
3083 2548 3358 2600 undenatn

1789 2642 2022 2702 veniret,
2061 2653 2114 2692 et
2168 2655 2287 2709 qua:
2322 2639 2387 2693 ad
2442 2641 2617 2707 ipsum
2668 2640 3030 2707 pertinebant,
3074 2639 3361 2709 diligenter

1790 2730 2177 2791 examinasset,
2198 2730 2289 2783 dat
2311 2730 2638 2782 servandum
2663 2729 3005 2781 Anastasium
3030 2745 3084 2781 tn
3114 2730 3359 2783 custodia

1793 2822 2087 2875 tutissima.
2151 2821 2205 2873 In
2262 2837 2365 2889 qua
2410 2821 2521 2889 jam
2574 2829 2682 2875 tres
2732 2820 2847 2873 dies
2882 2820 3141 2882 inclusus,
3186 2836 3364 2888 neque

1794 2913 1998 2974 cibum,
2032 2926 2208 2980 neque
2246 2925 2451 2981 potum,
2486 2926 2665 2980 neque
2712 2910 2911 2979 aliquid
2963 2910 3106 2964 aliud
3162 2912 3229 2964 ab
3284 2912 3363 2965 eis

1792 3003 2019 3055 omnino
2045 3003 2292 3070 accipere
2322 3002 2584 3055 sustinuit
2614 3018 2629 3057 :
2661 3003 2755 3055 sed
2789 3002 2867 3055 sic
2892 3003 3117 3055 omnino
3142 3004 3361 3070 jejunus

1794 3091 2049 3145 detentus
2100 3100 2182 3143 est
2236 3091 2288 3143 in
2343 3090 2610 3154 custodia,
2655 3100 2714 3144 ut
2769 3089 2860 3159 qui
2899 3090 3205 3143 futurorum
3267 3106 3365 3158 pro

1794 3182 2010 3235 Christo
2046 3181 2409 3250 periculorum
2470 3183 2706 3235 aleretur
2770 3184 2883 3237 sola
2932 3182 3362 3251 exspectatione.

1795 3271 1928 3324 Cum
1991 3282 2171 3325 autem
2217 3273 2327 3341 jam
2391 3272 2641 3327 rediisset
2704 3272 3053 3328 Marzabanas
3086 3289 3151 3326 ex
3205 3289 3365 3342 pere~

1795 3360 2095 3432 grinatione
2133 3364 2330 3430 (neque
2364 3364 2508 3416 enim
2548 3372 2677 3417 tunc
2721 3374 2836 3417 erat
2879 3364 3184 3429 Cresarete).
3213 3366 3367 3418 etde

1796 3451 2078 3507 Anastasio
2108 3453 2460 3521 signiﬁcasset
2498 3454 2769 3517 sellarius,
2802 3456 3018 3509 vinetus
3054 3454 3235 3508 statim
3269 3457 3367 3509 ad—

1797 3540 2012 3593 ducitur
2062 3550 2261 3610 martyr
2313 3542 2363 3595 in
2414 3546 2746 3611 praetorium.
2800 3543 3019 3598 luterim
3060 3560 3188 3599 vero
3237 3545 3366 3599 dum

1798 3628 2146 3685 Marzabanas
2175 3643 2289 3686 erat
2324 3633 2376 3685 in
2408 3633 2674 3703 aliquibus
2710 3636 2831 3687 aliis
2862 3638 3009 3689 euris
3044 3646 3365 3706 occupatus,

1804 3721 2048 3789 agnoscit
2099 3722 2293 3790 aliquis
2349 3738 2410 3776 ex
2461 3724 2563 3791 piis
2595 3725 2959 3787 Anastasium,
3007 3726 3097 3793 qui
3154 3740 3279 3778 eum
3313 3728 3367 3779 in

1802 3812 2110 3865 venerando
2157 3814 2358 3881 templo
2410 3814 2647 3883 Deiparu:
2700 3825 3006 3883 aspexerat.
3064 3816 3197 3869 Cum
3242 3832 3369 3886 ergo

1801 3901 1877 3954 sic
1899 3918 2020 3953 eum
2052 3904 2359 3971 agnovisset
2394 3904 2445 3955 in
2482 3904 2754 3971 prtetorio.
2792 3913 2845 3958 et
2878 3920 3003 3958 eum
3040 3906 3371 3973 interrogas-

1803 4003 1903 4058 set,
1933 4008 2164 4061 quanam
2196 3994 2261 4047 de
2288 4010 2447 4049 causa
2478 3996 2584 4049 illic
2618 3996 2855 4060 adesset,
2893 3998 3011 4065 ejus
3048 4012 3271 4065 scopum
3317 4007 3372 4051 et

1805 4083 2109 4137 institutum
2148 4086 2393 4149 laudatus,
2418 4098 2473 4139 et
2507 4102 2629 4140 eum
2650 4102 2715 4142 eo
2751 4090 2967 4142 nomine
2995 4089 3210 4142 beatum
3244 4105 3371 4158 pro~

1803 4175 2081 4235 nuntians,
2100 4176 2217 4242 ejus
2245 4186 2553 4245 promptum
2588 4187 2649 4231 et
2674 4178 2905 4232 alacrem
2931 4181 3172 4234 animum
3201 4181 3371 4252 magis

1804 4265 2087 4318 conﬁrmat
2132 4266 2184 4318 in
2222 4266 2383 4319 rebus
2416 4269 2671 4335 gravibus
2713 4279 2767 4322 et
2814 4271 3043 4339 asperis,
3082 4281 3140 4324 ut
3195 4288 3375 4341 neque

1804 4364 2024 4425 propter
2054 4354 2330 4408 Christum
2379 4358 2596 4411 timeret
2642 4359 2878 4423 vincula,
2940 4374 3044 4413 nec
3077 4368 3371 4425 tormenta,

1805 4460 1906 4498 nec
1934 4454 2161 4498 mortem
2202 4464 2213 4497 :
2250 4446 2345 4499 sed
2379 4445 2713 4502 Marzabanze
2756 4452 3110 4518 responderet
3153 4461 3374 4505 strenue

144 4542 325 4594 νεσῦαι.
344 4545 575 4613 Ἀμέλει
610 4544 703 4596 καὶ
730 4544 864 4612 πρὸς
887 4545 976 4596 τὸν
1004 4544 1263 4612 τύραννον
1278 4543 1700 4613 εἰσαχθεὶς,οὑδὲ

1806 4546 1859 4590 et
1898 4537 2230 4605 juveniliter.
2276 4536 2436 4589 Certe
2469 4538 2631 4591 etiam
2664 4554 2786 4591 cum
2840 4539 2941 4592 fuit
2982 4540 3049 4592 ad
3084 4550 3373 4610 tyrannum

142 4632 253 4695 γόνυ
273 4634 463 4699 κλίνει,
495 4634 691 4703 ὥσπερ
726 4635 887 4700 νόμος
926 4636 1013 4687 ἀεὶ
1046 4637 1302 4705 Πέρσαις,
1332 4634 1699 4703 προσκύνησιν

145 4724 423 4777 ἀποδιδόναι
458 4726 578 4786 τοῖς
614 4726 872 4789 μείζοσιν,
898 4726 1031 4777 ἀλλὰ
1070 4726 1129 4777 τὸ
1160 4726 1254 4794 τῆς
1276 4726 1451 4795 ψυχῆς
1484 4725 1701 4793 εὐγενὲς

146 4816 220 4864 tu".
247 4814 551 4869 ἀδούλωτον
581 4815 669 4867 δ.ἀ
722 4815 829 4868 τῶν
866 4816 1018 4879 ἐκτὸς
1049 4818 1441 4886 ὑπεσήμαινεν.

202 4987 249 5041 l'.
287 4990 403 5058 Ἐφ’
437 4988 635 5043 ίιιανδν
664 4991 811 5059 αὐτῷ
838 4993 1019 5044 τοίνυν
1066 4994 1092 5045 ὁ
1122 4993 1492 5062 Μαρζαϐανᾶς
1527 4996 1704 5047 ἀτενίη

151 5095 249 5143 σας,
272 5082 430 5134 τοῦτο
460 5082 591 5148 μὲν,
629 5082 713 5133 ἵνα
768 5084 863 5135 καὶ
906 5084 1107 5136 δειλίαν
1144 5086 1417 5155 ἐμποιήσῃ
1477 5087 1553 5156 τῷ
1588 5088 1704 5139 ἐπι-

150 5169 269 5239 μένῳ
298 5172 383 5223 τοῦ
426 5172 786 5240 βλέμματος,
811 5170 966 5225 τοῦτο
1004 5174 1058 5226 δὲ
1105 5176 1190 5226 ἴνα
1222 5176 1315 5228 καί
1353 5180 1704 5245 περιεργότε-

152 5275 223 5324 ρον
265 5264 557 5329 ἀνασκοπή
576 5279 659 5311 σοι
697 5262 786 5313 τὸν
846 5264 1037 5332 ἄνδρα,
1078 5265 1161 5325 τίς
1196 5282 1253 5316 τε
1307 5267 1389 5334 εἴη
1446 5268 1538 5318 καὶ
1584 5266 1703 5318 ὅθεν

151 5351 299 5419 ἤρετο.
348 5354 402 5405 ’0
435 5354 514 5415 δὲ,
551 5354 881 5421 Χριστιανός
912 5358 1026 5423 εἰμι
1087 5356 1312 5425 ἁληοὴ-,
1352 5358 1701 5427 ἀπεκρίνατο.

151 5443 200 5491 iii
224 5442 269 5493 δὲ
294 5444 467 5511 βούλει
513 5450 616 5497 καὶ
651 5444 768 5495 ὅθεν
795 5446 1075 5515 προῆγμαι
1103 5448 1314 5515 μαθεῖν,
1356 5448 1569 5517 Πέρσης
1608 5451 1703 5517 μὲν

151 5529 196 5581 :5
220 5534 363 5597 γένος
394 5537 459 5588 ἑκ
498 5533 696 5605 χώρας
755 5534 976 5604 Ῥαζὴχ,
1013 5536 1205 5605 κώμης
1262 5538 1317 5590 δὲ
1379 5539 1702 5609 Ῥασμουνὴ,

154 5620 486 5691 καίαλὶαριος
521 5623 585 5673 δέ
624 5638 752 5673 ποτε
781 5626 873 5673 καὶ
923 5624 1085 5685 αὐτὸς
1118 5624 1358 5690 γεγονὼς
1387 5628 1479 5677 καὶ
1505 5628 1568 5677 τὰ
1608 5644 1708 5693 μα-

154 5711 260 5772 γικὰ
312 5714 547 5780 μετιών·
609 5712 705 5763 καὶ
768 5714 991 5772 σκότους
1052 5713 1193 5765 οὕτω
1249 5715 1557 5785 λειτουργὸς
1610 5716 1704 5781 ὢν,

158 5795 318 5865 tum
358 5806 491 5874 πρδς
527 5805 592 5855 τ’»
626 5802 762 5869 φῶς.
798 5803 865 5865 ὡς
896 5804 1045 5873 ὁρᾷς.
1081 5804 1379 5873 ξλετκεῆναί
1420 5805 1510 5857 7-1"-
1542 5823 1706 5873 μετα·

1807 4627 2165 4685 introductus,
2198 4642 2298 4681 nec
2325 4643 2462 4699 genu
2492 4629 2711 4696 quidem
2739 4628 2907 4692 ﬂexit,
2933 4639 2986 4682 ut
3018 4645 3233 4697 semper
3258 4647 3375 4685 mos

1806 4726 1887 4770 cst
1915 4716 2094 4769 Persis
2127 4717 2497 4769 adorationem
2530 4718 2756 4772 reddere
2788 4719 3083 4786 majoribus
3119 4738 3131 4773 :
3161 4721 3254 4774 sed
3285 4737 3377 4791 ge-

1807 4823 2082 4873 nerosum,
2106 4818 2159 4861 et
2188 4809 2279 4877 qui
2342 4809 2395 4861 in
2430 4811 2750 4863 servitutem
2800 4809 2966 4879 rcdtgi
3002 4826 3108 4862 non
3141 4822 3375 4879 poterat,

1806 4900 2045 4950 animum
2073 4914 2167 4965 per
2202 4909 2423 4951 externa
2457 4900 2809 4969 signiﬁcabat.

1877 4988 1941 5040 Χ.
1976 4986 2111 5040 Cum
2140 5004 2268 5057 ergo
2304 4990 2421 5042 ﬁxis
2456 4990 2626 5041 oculis
2650 5004 2775 5041 eum
2816 4989 2946 5042 satis
2976 4999 3119 5042 esset
3144 4988 3376 5046 intuitus

1806 5078 2176 5141 Marzahanas,
2226 5080 2418 5147 partim
2452 5080 2695 5148 quidem,
2736 5090 2792 5132 ut
2841 5082 3113 5133 constanti
3148 5094 3371 5151 aspectu

1807 5172 1854 5223 ei
1881 5181 2145 5223 terrorem
2177 5171 2461 5234 incuteret,
2491 5172 2686 5239 partim
2721 5179 2922 5235 autem,
2955 5183 3009 5223 nt
3032 5188 3153 5226 eum
3188 5176 3374 5229 consi-

1807 5261 2023 5315 deraret
2070 5262 2406 5327 diligentius,
2454 5263 2662 5332 rogavit
2692 5277 2815 5315 eum
2845 5266 3092 5329 quisnam
3134 5275 3277 5319 esset
3321 5275 3376 5319 et

1807 5353 1973 5420 cujas.
2001 5353 2093 5405 llle
2126 5368 2291 5405 vero:
2318 5352 2488 5407 Verus
2520 5368 2638 5406 sum
2677 5352 3043 5417 Christianus,
3070 5356 3370 5424 respondit.

1808 5444 1962 5507 Quod
1989 5445 2031 5496 si
2069 5444 2203 5497 velis
2235 5444 2397 5497 etiam
2451 5445 2610 5507 scire,
2641 5445 2792 5513 cujas
2841 5444 2962 5507 sim,
2989 5461 3107 5499 sum
3155 5448 3373 5516 quidem

1810 5534 1972 5587 Persa
2003 5549 2221 5604 genere,
2259 5551 2322 5588 ex
2354 5536 2568 5602 regione
2590 5535 2826 5599 Raeech,
2865 5536 2984 5590 vico
3021 5546 3201 5591 autem
3241 5539 3375 5593 llas—

1812 5625 1941 5675 uuni
1980 5643 1987 5649 ι
2020 5624 2107 5690 qui
2160 5625 2273 5693 ipse
2306 5639 2521 5693 quoque
2569 5623 2645 5676 fui
2681 5624 2971 5693 aliquando
3024 5625 3372 5687 caballarius.

1815 5724 1867 5764 et
1903 5714 1952 5765 in
1984 5713 2143 5766 rebus
2173 5715 2395 5783 magicis
2424 5714 2749 5768 exercitatus
2782 5731 2797 5769 :
2828 5730 3058 5785 cumque
3090 5715 3167 5770 sic
3200 5732 3375 5772 essem

1815 5808 2059 5861 minister
2103 5809 2464 5871 tenebrarum,
2512 5808 2683 5879 potui,
2744 5818 2802 5865 ut
2836 5810 3008 5876 vides,
3052 5810 3284 5866 transire
3312 5810 3379 5864 ad
