4154 6490
740 472 849 537 799
1963 448 2250 513 MENSIS
2289 442 2749 508 JANUARIUS.
3901 422 4013 483 800

743 590 967 638 ventum
1022 571 1287 645 impertiri
1336 586 1497 641 posse
1557 563 2041 622 sanctiﬁcationem
2071 577 2084 611 :
2116 550 2316 628 partim

2444 570 2561 641 τρδς
2594 571 2685 624 τὸν
2738 568 2948 622 ἐκείνου
3003 560 3150 618 οἷκον
3204 559 3574 632 παραϐαλεῖν·
3611 556 3874 611 ἐπίστευε
3906 556 4020 623 Y5?

739 670 958 744 quidem
1009 643 1111 723 ille
1149 672 1370 726 cedens,
1411 661 1607 733 partim
1658 668 1840 711 autem
1894 664 2155 717 coactus,
2187 668 2314 707 cum

2444 663 2519 715 ιαὶ
2545 662 2715 733 μόνην
2747 655 3019 730 ἀγιασμοῠ
3060 653 3398 726 μεταδιδόναι
3426 650 3524 721 τὴν
3568 648 3781 703 ἐκείνου
3815 643 4019 745 ἐπιδη-

739 739 956 819 duohus
985 759 1300 814 monasterii
1335 754 1591 809 fratribus
1623 751 1748 805 illuc
1780 748 2028 823 accedit:
2072 746 2161 800 ubi
2189 762 2315 800 cum

2444 755 2588 806 ιίαψ
2628 754 2687 807 τὸ
2719 751 2818 821 μὲν
2843 751 2991 816 εἴξας
3011 750 3240 811 ἐκεῖνος,
3267 746 3325 798 τὸ
3354 744 3411 797 δὲ
3442 741 3709 813 βιασθεὶς,
3736 739 3879 807 μετά
3906 739 4021 789 τῶν

744 871 807 910 se
840 855 1075 909 invicem
1107 852 1160 905 in
1191 848 1441 904 convivio
1471 843 1816 912 accepissent
1841 851 1896 896 et
1925 839 2320 907 laetificassent,

2444 846 2524 899 Stio
2554 846 2654 913 τῆς
2694 845 2862 915 μονῆς
2904 839 3147 910 ἀδελφῶν
3179 840 3294 891 ἐκεῖ
3323 834 3709 906 παραγίνεται,
3742 833 3882 885 ὅπου
3923 845 4024 894 καὶ

742 949 801 1004 in
826 945 1127 1003 custodiam
1155 941 1405 995 lubenter
1430 944 1801 992 revertuntur.

2444 935 2872 996 τυνεστιαθέντες
2909 929 3181 999 ἀλλήλοις,
3213 927 3308 980 καὶ
3340 923 3697 994 συνησθέντες
3719 962 3734 985 ,
3788 923 3860 991 τῇ
3919 936 4023 985 φυ-

2429 1024 2569 1097 λακῇ
2604 1027 2764 1080 πάλιν
2794 1024 3047 1096 ἀσμένως
3077 1018 3562 1075 ἀποκαθίστανται.

2504 1123 2589 1175 Κ’.
2617 1121 2758 1191 Ἤδη
2794 1120 2851 1172 δὲ
2880 1119 2979 1188 τῆς
3007 1111 3347 1183 προθεσμίας
3377 1105 3820 1175 καταλαϐούσης,
3845 1103 4022 1167 εξειτι

2425 1214 2525 1281 τῆς
2584 1212 2791 1274 πόλεως
2826 1213 3169 1283 Καισαρείας
3199 1214 3337 1280 μετά
3381 1210 3490 1264 τῶν
3526 1209 3618 1261 δύο
3646 1205 4023 1274 φιλοχρέστων

2422 1302 2649 1357 ἐκείνων
2677 1304 2914 1373 ἀνδρῶν,
2948 1305 3040 1357 ἐπί
3067 1322 3173 1357 τινι
3198 1304 3292 1357 καὶ
3322 1301 3501 1356 αὐτῶν
3528 1301 3676 1370 αἰτία
3692 1296 4027 1366 διαϐληθὲν.

2427 1411 2535 1465 των
2558 1434 2572 1455 ,
2603 1395 2708 1447 ὑπ’)
2735 1394 2945 1457 πολλοῖς
2977 1394 3086 1448 τῶν
3110 1396 3167 1448 ἐν
3201 1397 3266 1466 τῇ
3291 1393 3441 1446 πόλει
3465 1391 3724 1460 δακρυσιν
3754 1390 3875 1455 ἃμα
3930 1394 4027 1436 καὶ

818 1124 933 1180 XX.
962 1123 1098 1179 Cum
1135 1122 1246 1193 jam
1290 1127 1471 1174 autem
1514 1117 1631 1171 dies
1669 1114 1914 1169 venisset
1958 1115 2325 1184 praestitutus,

743 1217 1022 1290 egreditur
1051 1230 1081 1268 e
1108 1214 1324 1268 civitate
1354 1210 1616 1263 Caesarea:
1655 1222 1778 1260 cum
1820 1206 2035 1261 duobus
2059 1206 2168 1261 illis
2198 1208 2328 1263 viris

744 1305 945 1363 Christi
970 1299 1382 1364 amantissimis,
1399 1301 1489 1368 qui
1515 1298 1617 1368 ipsi
1641 1313 1854 1367 quoque
1876 1299 2055 1368 aliqua
2074 1300 2141 1352 de
2163 1314 2327 1354 causa

743 1399 961 1454 fuerant
1008 1394 1232 1465 appetiti
1277 1390 1905 1461 cahnnniiszlacrymis,
1974 1389 2324 1446 adhortatio-

747 1492 931 1554 nibus,
958 1488 1275 1557 ejulatibus,
1303 1486 1594 1556 gratiarum
1623 1483 1949 1548 actionibus,
1975 1484 2323 1539 lamentatio-

729 1583 1018 1650 ‘nibusque
1063 1589 1117 1633 et
1163 1578 1417 1646 precibus
1454 1574 1640 1628 multis
1670 1589 1793 1627 eum
1843 1576 2324 1644 prosequentibus,

750 1689 861 1727 non
905 1672 1081 1727 solum
1127 1687 1191 1725 ex
1241 1669 1443 1733 Persis,
1496 1669 1745 1736 quicum
1783 1667 2073 1723 Anastasio
2120 1669 2329 1723 scilicet

2423 1489 2835 1557 παραινέσεσιν,
2895 1492 3189 1558 οἰμωγαῖς,
3252 1482 3654 1558 εὐχαρίστίαις,
3698 1485 3926 1552 θρήνοις
3963 1496 4024 1530 τε

2425 1581 2520 1633 καὶ
2551 1580 2756 1651 εὐχαῖς,
2784 1581 3267 1651 προπεμπόμενος,
3301 1583 3362 1632 οὐ
3396 1575 3620 1646 Περσῶν
3672 1574 3864 1642 μόνον,
3899 1572 4025 1624 ὅσοι

2424 1672 2626 1742 δηλαδὴ
2656 1675 2932 1724 κοινωνεῖν
2956 1668 3102 1743 εἶχον
3144 1670 3483 1739 Ἀναστασίῳ
3512 1669 3604 1722 καὶ
3633 1666 3894 1736 πατρίδος
3930 1664 4027 1717 καὶ

751 1780 1100 1822 communem
1155 1763 1430 1817 habebant
1471 1762 1701 1831 patriam
1752 1769 1808 1815 et
1863 1761 2329 1829 sanguinem,sed

752 1857 922 1909 etiam
979 1870 1043 1907 ex
1088 1854 1427 1906 nostratibus
1481 1859 1536 1905 et
1584 1850 1924 1922 alienigenis.
1970 1850 2327 1905 Communem

750 1946 897 2001 enim
926 1959 1047 1999 esse
1079 1943 1390 2008 orbitatem,
1423 1942 1569 1996 illius
1597 1942 1874 1997 ducebant
1896 1943 2326 2012 separationem:

752 2036 895 2091 sicut
918 2050 1110 2089 rursus
1140 2035 1303 2089 etiam
1334 2034 1611 2105 proprium
1642 2032 1989 2102 unusquique
2036 2034 2326 2097 honorem,

751 2125 1007 2192 adjiciam
1050 2135 1233 2180 autem
1265 2126 1449 2194 gloria
1486 2139 1703 2194 quoque
1734 2139 1990 2179 coronam
2018 2164 2032 2188 ,
2072 2124 2191 2194 ejus
2233 2139 2332 2194 pro

752 2221 955 2289 pietate
975 2219 1332 2274 constantiam
1356 2227 1409 2272 et
1432 2217 1854 2273 confeSsionem.
1886 2216 2152 2285 Quocirca
2186 2228 2333 2273 utra-

752 2326 860 2380 que
920 2322 1048 2364 tunc
1088 2310 1492 2365 conveniebant
1532 2326 1549 2365 :
1597 2319 1652 2365 et
1699 2310 1907 2365 civitati
1974 2310 2134 2365 divisi
2177 2318 2335 2365 erant

754 2400 920 2454 animi
940 2399 1154 2455 duobus
1179 2399 1344 2456 animi
1380 2400 1640 2455 motibus.
1665 2399 1817 2454 Alter
1838 2409 2018 2455 autem
2050 2416 2113 2453 ex
2146 2400 2334 2453 fratri-

755 2492 861 2545 lms
896 2506 997 2545 una
1029 2506 1153 2545 cum
1180 2501 1417 2562 martyre
1454 2491 1727 2560 profectus
1757 2499 1841 2546 est
1864 2495 1919 2546 in
1953 2492 2255 2557 Persidem,
2280 2500 2335 2547 et

759 2595 844 2639 est
885 2599 991 2637 una
1022 2584 1443 2653 peregrinatus:
1472 2585 1730 2653 quoniam
1778 2584 1849 2639 ita
1877 2586 2118 2653 jusserat
2148 2585 2336 2655 praefe-

760 2683 904 2737 ctus.
940 2678 1136 2745 partim
1186 2677 1430 2747 quidem,
1477 2688 1535 2731 ut
1568 2678 1618 2732 ei
1668 2678 2213 2732 subministrarentur
2244 2695 2337 2733 ne-

759 2768 1022 2829 cessaria,
1059 2776 1113 2822 et
1142 2777 1200 2822 ut
1240 2769 1359 2836 ejus
1391 2769 1766 2824 consolaretur
1796 2771 2059 2834 animum,
2097 2770 2187 2840 qui
2218 2786 2334 2841 pre-

761 2858 1011 2913 mebatur
1033 2869 1177 2914 tanta
1206 2861 1472 2914 malorum
1499 2861 1879 2931 perpessione:
1908 2864 2104 2932 partim
2130 2871 2333 2929 autem,

765 2958 824 3003 ut
850 2965 974 3004 cum
1007 2951 1148 3020 apud
1179 2950 1326 3006 hunc
1358 2952 1531 3006 virum
1563 2953 1885 3022 praeclarum
1933 2968 2151 3024 semper
2178 2954 2337 3008 ades-

765 3047 871 3102 set,
894 3048 949 3093 et
979 3039 1101 3107 ejus
1127 3040 1336 3095 videret
1358 3043 1562 3105 onmia,
1596 3052 1779 3111 posset
1816 3043 1905 3097 illa
1932 3052 2121 3113 pastea
2152 3052 2339 3115 aperte

763 3133 1023 3203 praefecto
1051 3150 1276 3191 narrare
1318 3145 1373 3191 et
1412 3135 1763 3201 fraternitati,
1816 3152 1927 3191 non
1968 3152 2090 3207 quae
2132 3138 2200 3191 ab
2234 3136 2340 3192 alio

765 3225 1088 3288 audivisset.
1121 3229 1214 3283 sed
1253 3243 1376 3298 quae
1402 3228 1519 3298 ipse
1551 3228 1795 3294 vidisset,
1827 3237 1881 3283 et
1908 3243 2141 3298 quorum
2167 3228 2338 3283 hahe-

766 3327 851 3372 ret
882 3327 1049 3373 testes
1082 3335 1211 3375 suos
1241 3321 1446 3375 oculos.
1477 3321 1654 3389 Atque
1684 3322 1775 3390 qui
1806 3322 1907 3375 viae
1941 3321 2163 3390 quidem
2189 3330 2347 3375 erant

768 3414 1117 3467 continentes
1155 3413 1261 3468 vici
1298 3423 1353 3468 et
1381 3414 1626 3468 civitates
1653 3454 1666 3477 ,
1716 3430 1811 3483 per
1851 3429 1987 3482 quas
2022 3413 2110 3467 ille
2155 3414 2347 3469 obiens

772 3502 1055 3566 transibat,
1086 3503 1158 3557 ita
1184 3518 1310 3557 eum
1341 3504 1652 3559 venientem
1683 3504 2053 3571 excipiebant,
2090 3514 2145 3558 et
2169 3506 2347 3560 disce-

769 3592 988 3646 dentem
1021 3593 1485 3663 prosequebantur
1503 3608 1567 3648 ac
1586 3594 1948 3661 deducebant,
1969 3604 2025 3650 et
2057 3604 2347 3665 utrumque

769 3696 892 3737 cum
927 3690 1074 3739 tanta
1114 3686 1313 3753 pietate
1337 3693 1392 3738 et
1425 3688 1727 3740 reverentia
1761 3727 1774 3751 ,
1802 3694 1860 3740 nt
1888 3687 2001 3757 ipse
2033 3698 2347 3756 suSpeetum

772 3769 982 3827 habens
1012 3773 1240 3827 nimium
1280 3776 1562 3839 honorem,
1598 3790 1667 3829 ne
1702 3775 1768 3830 de
1815 3791 1898 3839 ea,
1939 3790 2100 3844 quam
2140 3776 2289 3831 illinc
2318 3792 2349 3832 a

773 3864 885 3918 Deo
905 3867 1278 3933 exspectabat,
1309 3865 1476 3936 gloria
1494 3865 1695 3935 aliquid
1713 3866 2047 3930 detraheret,
2070 3867 2350 3936 scripserit

775 3954 1046 4027 Hierapoli
1076 3957 1143 4015 ad
1172 3958 1484 4027 praefectum
1515 3960 1854 4023 monasterii,
1880 3967 1937 4013 ut
1965 3974 2061 4028 pro
2092 3976 2157 4014 eo
2181 3960 2348 4014 Deum

774 4059 1013 4119 rogaret,
1048 4059 1109 4103 ut
1155 4065 1252 4119 pro
1293 4048 1378 4104 his
1406 4060 1826 4106 conservaretur
1871 4065 1977 4104 non
2019 4052 2350 4106 condemna-

774 4148 863 4195 tus
893 4138 946 4192 in
977 4155 1064 4202 eo,
1083 4140 1226 4209 quod
1257 4140 1365 4195 illic
1387 4150 1490 4201 est,
1516 4141 1758 4210 judicio:
1784 4151 1839 4197 et
1866 4143 2153 4211 scripserit
2179 4143 2345 4197 etiam

776 4229 920 4297 apud
965 4229 1169 4301 Tigrim
1207 4230 1452 4291 fluvium.
1492 4248 1689 4304 rogans
1730 4232 2013 4295 similiter,
2048 4245 2107 4288 ut
2142 4251 2240 4304 pro
2285 4250 2351 4290 eo

774 4328 981 4380 oraret,
1011 4328 1071 4373 ut
1105 4320 1473 4376 inﬂexibiliter
1498 4333 1554 4377 et
1576 4324 1711 4377 citra
1739 4322 1907 4377 ullum
1946 4323 2160 4394 lapsum
2191 4326 2258 4380 ab
2284 4341 2351 4381 eo

774 4410 1021 4481 martyrii
1061 4426 1253 4466 cursus
1278 4423 1773 4467 consummaretur.

847 4498 992 4555 XXI.
1041 4500 1179 4556 Cum
1210 4502 1320 4570 jam
1365 4512 1546 4557 autem
1598 4505 1937 4573 pervenisset
1974 4506 2029 4561 in
2073 4507 2350 4562 Persidem

778 4591 876 4661 (6),
911 4592 1074 4646 datur
1107 4592 1162 4645 in
1202 4594 1527 4658 custodiam,
1559 4596 1717 4650 sitam
1752 4596 1807 4650 in
1851 4599 2087 4667 quodam
2122 4599 2342 4667 prmdio,

2454 4606 2628 4667 δοται,
2674 4606 2807 4675 πρός

776 4682 1181 4752 ςυοάονοοαῑυι·
1215 4684 1482 4747 Batsalue,
1515 4701 1633 4755 quze
1667 4686 1733 4740 ad
1764 4698 1976 4741 sextum
2002 4689 2234 4757 lapidem
2269 4690 2354 4743 di-

773 4782 885 4826 stat
935 4788 965 4826 a
1015 4773 1295 4829 Discartha
1329 4775 1384 4828 in
1424 4791 1532 4845 quo
1580 4791 1671 4831 rex
1727 4779 2047 4832 versabatur
2087 4780 2350 4834 Chosrne.

774 4862 879 4928 Qui
907 4877 1038 4917 vero
1068 4879 1192 4917 cum
1224 4881 1290 4919 eo
1320 4875 1436 4921 erat
1470 4867 1659 4932 frater,
1694 4868 1747 4921 in
1776 4867 1940 4923 domo
1971 4871 2230 4934 tiortacti,
2258 4872 2351 4941 qui

778 4961 897 5007 erat
944 4954 1090 5009 illius
1121 4953 1298 5010 lesdin
1338 4957 1510 5021 filius,
1546 4958 1647 5013 fuit
1691 4959 1925 5023 ItOSpiliO
1969 4971 2244 5030 acceptus.
2287 4963 2353 5018 Et

780 5057 966 5097 carcer
1036 5048 1253 5115 quidem
1312 5057 1601 5118 martyrum
1651 5050 1842 5105 habuit
1897 5067 2021 5106 cum
2075 5054 2352 5109 maleﬁcis.

780 5134 918 5189 Cum
978 5147 1157 5193 autem
1234 5148 1356 5208 post
1430 5141 1636 5211 aliquot
1694 5142 1811 5198 dies
1884 5143 1953 5199 de
2034 5160 2100 5199 co
2163 5146 2356 5201 fuisset

781 5223 1009 5277 relatum
1063 5229 1129 5281 ad
1171 5226 1475 5294 Chosroen,
1524 5231 1614 5285 ille
1663 5233 1829 5287 misso
1894 5249 2005 5288 uno
2072 5250 2140 5289 ex
2185 5237 2355 5305 magi-

784 5316 1079 5383 stratibus,
1112 5333 1237 5372 eum
1281 5323 1489 5391 rogavit
1527 5324 1777 5391 quisnam
1818 5334 1985 5390 esset,
2014 5332 2070 5380 et
2099 5329 2267 5396 cujas,
2301 5337 2356 5384 et

785 5409 1045 5477 quidnam
1070 5425 1194 5464 eum
1229 5414 1506 5477 movisset,
1544 5423 1604 5468 ut
1636 5416 1865 5483 patriam
1899 5416 2232 5487 relinqueret
2266 5437 2354 5475 re-

787 5498 1063 5569 ligionem.
1098 5502 1147 5556 Is
1174 5519 1302 5557 vero
1331 5520 1427 5573 per
1455 5507 1742 5574 quemdam
1769 5512 2059 5576 respondet
2086 5511 2358 5580 interpre-

788 5598 917 5643 tem.
952 5589 1083 5644 Nam
1120 5609 1189 5648 ne
1219 5611 1351 5650 voce
1382 5597 1598 5665 quidem
1632 5596 1843 5652 Persica
1887 5600 2100 5655 volebat
2134 5602 2208 5655 uti
2245 5620 2360 5657 am-

787 5680 969 5750 plius.
1012 5690 1068 5735 ut
1115 5685 1208 5753 qui
1266 5702 1386 5741 eam
1440 5687 1747 5757 abjurasset
1788 5691 2022 5760 linguam
2080 5709 2184 5746 una
2237 5709 2359 5748 cum

790 5772 1071 5842 religione,
1102 5785 1199 5830 aut
1239 5778 1435 5849 lingua:
1467 5780 1646 5851 potius
1678 5793 1823 5836 esset
1853 5782 2099 5838 infensus
2141 5795 2361 5854 propter

864 5892 936 5955 tti'
963 5891 1115 5944 Auno
1139 5892 1264 5949 617.

2429 1763 2683 1830 αἵματος,
2747 1761 2881 1816 ἀλλά
2922 1763 3017 1816 καὶ
3066 1762 3363 1834 ἡμεδαπῶν
3414 1777 3472 1813 τε
3519 1760 3614 1812 καὶ
3676 1756 4025 1825 ἀλλοφύλων.

2434 1856 2633 1922 Κοινὴ-ι
2660 1855 2763 1923 γὰρ
2788 1854 3053 1924 ὀρφανίαν
3110 1854 3203 1906 τὸν
3229 1853 3435 1905 ἐκείνου
3460 1850 3741 1921 χωρισμὸν
3770 1846 4034 1901 ἐποιοῧνα

2437 1963 2522 1998 το·
2551 1945 2740 2017 ὣσπερ
2770 1946 2865 1998 καὶ
2895 1946 3061 2015 τιμὴν
3090 1945 3300 1998 οἰκείαν
3330 1945 3561 2005 ἕκαστος
3597 1944 3783 2002 πάλιν,
3851 1956 4031 2009 προσ-

2440 2039 2591 2111 θήσω
2614 2040 2655 2092 δ’
2682 2040 2761 2091 δτι
2792 2039 2883 2091 καὶ
2916 2038 3179 2105 στέφανον
3207 2036 3389 2106 δόξης,
3426 2035 3525 2104 τὴν
3552 2032 3691 2103 ὑπὲρ
3736 2030 4034 2089 εὐσεϐείας

2440 2130 2689 2182 ἔνστασιν
2748 2129 2913 2183 αὐτοῦ
2972 2131 3065 2182 καὶ
3100 2127 3414 2196 ὁμολογίαν.
3468 2126 3559 2178 Διὸ
3589 2123 3685 2177 καὶ
3731 2122 4035 2190 ἀμφότερα

2437 2222 2559 2273 τότε
2585 2220 2835 2289 συνῆλθε,
2870 2222 2962 2272 καὶ
2994 2222 3116 2273 δυσὶ
3172 2220 3402 2272 πάθεσιν
3438 2220 3469 2288 ἡ
3509 2217 3663 2280 πόλις
3710 2215 3810 2277 τὰς
3845 2213 4033 2283 ψυχας

2441 2312 2742 2384 ἐμερίζετο.
2788 2314 3014 2381 ’Λτερος
3060 2311 3116 2364 δὲ
3165 2311 3275 2363 τῶν
3317 2308 3581 2378 ἀδελφῶν,
3613 2307 3709 2361 καὶ
3743 2307 4033 2375 συναπῆρε

2442 2405 2577 2473 πρὸς
2618 2403 2713 2474 τὴν
2754 2404 2989 2474 Περσίδα
3018 2404 3096 2475 τῷ
3157 2404 3396 2473 μάρτυρι
3419 2403 3512 2454 καὶ
3549 2399 4032 2467 συναπεδήμησεν,

2440 2494 2582 2547 οὕτω
2611 2493 2704 2547 τοῦ
2762 2492 3109 2562 προεστῶτος
3169 2491 3589 2561 ἐντειλαμένου·
3624 2490 3683 2541 τὸ
3733 2490 3833 2558 μὲν
3884 2487 4031 2538 ὥστε

2442 2587 2808 2641 διακονεῖσθαι
2841 2587 2911 2638 τά
2958 2584 3096 2656 πρὸς
3153 2582 3253 2654 τὴν
3309 2583 3501 2655 χρείαν
3556 2582 3650 2634 καὶ
3681 2578 4035 2650 παρακαλεῖν

2444 2680 2609 2733 αὐτοῦ
2652 2684 2748 2747 τὴν
2788 2678 2985 2747 ψυχὴν,
3017 2676 3260 2748 τοσαύτῃ
3295 2673 3635 2745 κακοπαθείᾳ
3668 2673 4034 2740 ττιεςζόμὲνην⁸

2443 2771 2505 2822 τὸ
2528 2772 2605 2831 δὲ,
2636 2770 2783 2831 ὅπως
2815 2770 2902 2821 ἀεὶ
2932 2768 3006 2837 τῷ
3039 2767 3272 2839 γενναίῳ
3302 2765 3514 2837 παρὼν,
3553 2765 3648 2817 καὶ
3683 2764 3750 2815 τα
3778 2761 3903 2814 κατ’
3931 2762 4038 2813 αὖ·

2443 2860 2536 2914 τὸν
2563 2860 2704 2933 ὁρῶν
2740 2861 2979 2926 ἅπαντα,
3012 2860 3123 2929 ἔχοι
3162 2859 3350 2928 σαφῶς
3378 2859 3603 2929 ὕστερον
3634 2858 3820 2909 ἐκεῖνα
3866 2854 3946 2925 τῷ
3978 2871 4040 2906 τε

2446 2952 2748 3023 προεστῶτι
2774 2953 2867 3005 καὶ
2894 2955 2960 3023 τῇ
3000 2950 3325 3020 ἀδελφότητι
3370 2947 3697 3020 διηγεῖσθαι,
3754 2948 3855 3015 οὐχ
3888 2945 4042 3017 ἀπε)

2445 3044 2513 3099 ἂν
2540 3045 2701 3098 ἄλλου
2731 3043 3035 3110 ἀκούσειεν,
3066 3044 3180 3097 ἀλλ’
3211 3043 3355 3113 ἅπερ
3376 3041 3439 3095 ἂν
3469 3042 3633 3105 αὐτὸς
3674 3041 3798 3102 ῖδοι,
3834 3041 3935 3093 καὶ
3959 3034 4041 3092 ὧν

2446 3138 2760 3207 ὀφθαλμοὺς
2804 3137 2923 3207 ἐχοι
2976 3138 3102 3200 τοὺς
3142 3137 3337 3190 ἐαυτοῦ
3377 3136 3681 3206 μάρτυρας.
3728 3134 3794 3186 Ai
3847 3133 4043 3200 μέντοι

2368 3270 2414 3335 C
2449 3234 2736 3300 προσεχεῖς
2790 3233 2857 3303 τῇ
2907 3230 3010 3301 ὁδῷ
3044 3229 3226 3300 κῶμαι
3278 3229 3374 3283 καὶ
3430 3229 3639 3290 πόλεις,
3674 3222 3762 3289 αἷς
3826 3227 4042 3285 ἐκεῖιος

2450 3322 2662 3394 παριὼν
2696 3323 2999 3393 ἐπεδήμει,
3055 3321 3229 3386 οὕτως
3291 3320 3455 3375 αὑτὸν
3490 3319 3818 3388 ὑπεδέχοντο
3851 3335 4044 3387 παραυ

2448 3413 2734 3478 ϐάλλοντα,
2793 3415 2884 3468 καὶ
2934 3414 3238 3483 ἀπαίροντα
3288 3413 3449 3467 πάλιν
3500 3413 3897 3481 προέπεμπον,
3945 3410 4045 3463 καὶ

2451 3507 2590 3575 μετά
2620 3505 2889 3577 τοσαύτης
2933 3505 3116 3568 αἰδοῦς
3175 3521 3235 3557 τε
3268 3504 3361 3558 καὶ
3390 3503 3677 3565 εὐλαϐείας
3720 3504 4043 3571 ἀμφότερα,

2447 3594 2587 3649 ὥστε
2633 3596 2733 3648 καὶ
2789 3596 2952 3649 αὐτὸν
2981 3596 3040 3647 τὸ
3079 3595 3215 3649 πολὺ
3261 3595 3360 3665 τῆς
3390 3596 3519 3664 περὶ
3547 3593 3709 3647 αὑτὸν
3738 3592 3905 3660 τιμῆς
3938 3593 4047 3659 13;;-

2448 3688 2745 3758 ορώμενον,
2801 3691 2874 3759 μή
2906 3707 2957 3742 τι
2978 3689 3076 3757 τῆς
3110 3687 3320 3742 ἐκεῖθεν
3351 3691 3499 3759 παρά
3522 3686 3642 3756 Θεῷ
3666 3685 3826 3756 δόξης
3848 3687 3878 3737 ὑ
3896 3687 4051 3751 ξένῃ·

2448 3797 2560 3845 ται,
2584 3781 2792 3851 γράψαι
2816 3782 2892 3850 τῷ
2926 3781 3231 3853 προεστῶτι
3255 3781 3349 3851 τῆς
3385 3782 3550 3852 μονῆς
3575 3780 3633 3844 ἐξ
3670 3780 4048 3850 Ἱεραπόλεως

2453 3871 2706 3942 εὔχεσθαι
2744 3874 2883 3945 ὑπὲρ
2930 3872 3093 3926 αὑτοῦ
3146 3873 3223 3943 τῷ
3252 3872 3395 3943 Θεῷ,
3449 3872 3825 3940 ἀκατάκριτον
3876 3874 4051 3924 αὑτὶνν

2452 3964 2658 4016 τούτων
2689 3963 2875 4017 ἕνεκεν
2898 3966 2988 4017 ἐπὶ
3018 3964 3113 4017 τοῦ
3143 3965 3262 4016 ἐκεῖ
3287 3962 3640 4032 δικαστηρίου
3662 3964 4053 4033 ,συντηρηῢῆο

2453 4070 2570 4107 ναν
2622 4053 2829 4124 γράψαι
2885 4055 2941 4108 δὲ
2994 4057 3089 4109 καὶ
3137 4055 3244 4108 ἀπὸ
3286 4054 3381 4108 τοῦ
3439 4055 3710 4124 Τίγρητος
3765 4053 4055 4121 ποταμοῦ,

2452 4144 2707 4210 ἀξιοῦντα
2753 4144 2961 4198 δεῖσθαι
3008 4145 3212 4215 ὁμοίιος
3268 4146 3410 4215 ὑπὲρ
3437 4142 3623 4205 αὑτοῦ,
3680 4143 3745 4195 ἶν’
3801 4144 4056 4207 ἀκλινῶς

2458 4236 2609 4306 αὑτῷ
2628 4237 2721 4290 καὶ
2753 4239 3068 4299 ἀπταίστως
3091 4239 3119 4290 ὁ
3137 4235 3232 4290 τοῦ
3262 4236 3567 4308 μαρτυρίου
3596 4234 3798 4306 δρόμος
3824 4234 4057 4289 τελειωο

2462 4326 2604 4398 θείη.

2526 4510 2659 4565 KA'.
2707 4511 2844 4578 Ἤδη
2882 4510 2937 4564 δὲ
2968 4510 3063 4582 τὴν
3092 4510 3329 4580 Περσίδα
3356 4508 3678 4563 καταλαϐὼν
3704 4509 3928 4579 φυλακῇ
3965 4509 4055 4563 δίο

2864 4621 2965 4658 τινι
3025 4603 3212 4673 χωρίῳ
3241 4602 3529 4656 Βετσαλῶε
3567 4600 3895 4673 καλουμένῳ
3928 4619 4054 4656 κει-

2459 4699 2618 4766 μένη,
2645 4697 2892 4766 σημείοις
2924 4696 2982 4762 ἓξ
3019 4695 3113 4749 τοῦ
3148 4696 3455 4765 Δισκάρθας
3504 4695 3857 4763 διεστηκυῖα,
3919 4695 4056 4748 ἔνθα

2454 4786 2517 4857 δὴ
2551 4786 2803 4856 βασιλεὺς
2832 4786 3080 4855 Χοσρόης
3110 4784 3403 4855 διέτριϐεν.
3453 4783 3513 4838 '0
3547 4786 3730 4853 μέντοι
3761 4784 3866 4837 σίιν
3898 4784 4059 4854 αὐτῷ

2454 4876 2702 4941 ἀδελφὸς,
2733 4877 2799 4945 τῇ
2832 4874 2924 4927 τοῦ
2959 4873 3277 4942 Κορτακτοῦ
3308 4873 3455 4944 οἰκία
3481 4913 3496 4938 ,
3556 4873 3615 4936 ὃς
3644 4871 3760 4936 υίὸς
3796 4867 3873 4943 ἦν
3913 4873 4055 4927 Ἰεσι

2454 4969 2536 5022 δίν
2564 4966 2796 5031 ἐκείνου,
2831 4965 3147 5035 ἐπεξενώθη
3169 4982 3183 4997 ο
3219 4968 3315 5019 καὶ
3360 4965 3453 5019 τὸν
3495 4981 3592 5035 μεν
3619 4964 3881 5035 μάρτυρα
3934 4960 4060 5035 εἶχε

2459 5058 2594 5128 μετά
2614 5057 2722 5110 τῶν
2747 5056 3071 5127 κακούργων
3105 5058 3165 5110 τὸ
3193 5057 3588 5128 δεσμωτήριον.
3635 5047 3966 5127 ’Λνενεχθξν
3999 5058 4061 5110 δὲ

2459 5150 2598 5220 μετά
2620 5166 2770 5212 τινας
2822 5150 3031 5218 ἡμέρας
3061 5148 3139 5218 τῷ
3192 5149 3401 5219 βασιλεῖ
3432 5148 3648 5219 Χοσρόῃ
3684 5149 3822 5218 περὶ
3854 5150 4059 5211 αὐτοῖο,

2461 5241 2684 5311 πέμψας
2706 5243 2803 5294 ἕνα
2832 5240 2939 5294 τῶν
2968 5243 3249 5312 ἀρχόντων
3277 5244 3481 5305 ἐκεῖνος
3507 5241 3847 5295 ἐπυνθάνετο
3881 5243 4060 5296 αὖτοῦ

2455 5333 2603 5396 ὅστις
2630 5333 2735 5402 εἴη,
2777 5336 2872 5386 καὶ
2921 5334 3079 5397 ὅθεν,
3108 5336 3203 5387 καὶ
3240 5336 3292 5386 τί
3319 5334 3514 5403 δήποτε
3552 5332 3760 5394 παθὼν,
3810 5333 3919 5405 τὴν
3959 5339 4066 5389 τε.

2456 5441 2605 5493 τριον
2635 5423 2889 5478 ἀπολίποι
2920 5425 3239 5495 θρησκείαν.
3276 5426 3336 5479 '0
3364 5426 3422 5478 δὲ
3443 5425 3534 5478 διά
3562 5441 3707 5488 τινος
3752 5426 4064 5496 ἐρμηνέως

2460 5515 2843 5583 ἀπολογεῖται·
2895 5517 3079 5569 οὐκέτι
3136 5519 3245 5587 γαρ
3274 5517 3395 5569 οὐδὲ
3443 5519 3509 5585 τῇ
3549 5518 3700 5585 φωνῇ
3757 5519 4060 5584 περσξζευ

2460 5606 2635 5675 ἠξίου,
2664 5609 2756 5659 καὶ
2786 5607 2955 5679 αὐτὴν
3006 5607 3145 5677 μετά
3168 5609 3268 5676 τῆς
3305 5610 3601 5678 θρησκείας
3634 5607 3735 5676 τὴν
3794 5609 4063 5673 γλῶττα-ι

2461 5700 2753 5769 ἀπώμοτον
2797 5700 3185 5770 ποιησαμενος,
3241 5699 3273 5768 ἢ
3317 5702 3411 5753 καὶ
3456 5701 3521 5768 τῇ
3584 5696 3801 5771 γλώττῃ
3852 5700 4065 5767 pina,

2469 5789 2553 5844 διὰ
2583 5794 2642 5844 τδ
2694 5795 2850 5859 sitia;
2898 5792 3364 5864 ἀπεχθανόμενος.
3411 5791 3784 5861 Ἀπολοττῖται
3815 5810 4018 5847 τουσι-ι
4050 5833 4065 5855 .
