  <div class='ocr_page' id='page_1' title='image "/cluster/home/n/w/nwhite01/storage/ocr_20150623/114/nnc1.0046980210/416.png"; bbox 0 0 4154 6490; ppageno 0'>
   <div class='ocr_carea' id='block_1_1' title="bbox 146 483 246 544">
    <p class='ocr_par' dir='ltr' id='par_1_1' title="bbox 146 483 246 544">
     <span class='ocr_line' id='line_1_1' title="bbox 146 483 246 544; baseline -0.02 0"><span class='ocrx_word' id='word_1_1' title='bbox 146 483 246 544; x_wconf 75' lang='lat'>805</span> 
     </span>
    </p>
   </div>
   <div class='ocr_carea' id='block_1_2' title="bbox 1243 463 2271 533">
    <p class='ocr_par' dir='ltr' id='par_1_2' title="bbox 1243 463 2271 533">
     <span class='ocr_line' id='line_1_2' title="bbox 1243 463 2271 533; baseline -0.011 0"><span class='ocrx_word' id='word_1_2' title='bbox 1243 473 1414 533; x_wconf 69' lang='grc' dir='ltr'>ΥΙΤᾹ</span> <span class='ocrx_word' id='word_1_3' title='bbox 1452 474 1511 531; x_wconf 73' lang='lat' dir='ltr'>S.</span> <span class='ocrx_word' id='word_1_4' title='bbox 1557 465 1955 527; x_wconf 57' lang='lat' dir='ltr'>.\\&#39;.-\S&#39;l&#39;.\&lt;,ll</span> <span class='ocrx_word' id='word_1_5' title='bbox 1994 463 2271 523; x_wconf 63' lang='lat' dir='ltr'>l‘lil’tSE.</span> 
     </span>
    </p>
   </div>
   <div class='ocr_carea' id='block_1_3' title="bbox 3285 462 3391 519">
    <p class='ocr_par' dir='ltr' id='par_1_3' title="bbox 3285 462 3391 519">
     <span class='ocr_line' id='line_1_3' title="bbox 3285 462 3391 519; baseline 0 -1"><span class='ocrx_word' id='word_1_6' title='bbox 3285 462 3391 519; x_wconf 74' lang='lat'>806</span> 
     </span>
    </p>
   </div>
   <div class='ocr_carea' id='block_1_4' title="bbox 140 571 1741 664">
    <p class='ocr_par' dir='ltr' id='par_1_4' title="bbox 140 580 1712 664">
     <span class='ocr_line' id='line_1_4' title="bbox 140 580 1712 664; baseline -0.018 -17"><span class='ocrx_word' id='word_1_7' title='bbox 140 595 476 664; x_wconf 72' lang='grc' dir='ltr'>τεχνάσμασι</span> <span class='ocrx_word' id='word_1_8' title='bbox 541 590 633 643; x_wconf 76' lang='grc' dir='ltr'>καὶ</span> <span class='ocrx_word' id='word_1_9' title='bbox 674 590 790 649; x_wconf 85' lang='grc' dir='ltr'>ταῖς</span> <span class='ocrx_word' id='word_1_10' title='bbox 828 586 1128 646; x_wconf 71' lang='grc' dir='ltr'>ἐπινοίαις·</span> <span class='ocrx_word' id='word_1_11' title='bbox 1160 583 1254 635; x_wconf 61' lang='grc' dir='ltr'>γα).</span> <span class='ocrx_word' id='word_1_12' title='bbox 1295 584 1386 635; x_wconf 70' lang='grc' dir='ltr'>νῖν</span> <span class='ocrx_word' id='word_1_13' title='bbox 1422 582 1518 650; x_wconf 76' lang='grc' dir='ltr'>μὲν</span> <span class='ocrx_word' id='word_1_14' title='bbox 1556 580 1712 632; x_wconf 66' lang='grc' dir='ltr'>κολα.</span> 
     </span>
    </p>
   </div>
   <div class='ocr_carea' id='block_1_5' title="bbox 1842 571 3394 664">
    <p class='ocr_par' dir='ltr' id='par_1_5' title="bbox 1842 571 3394 632">
     <span class='ocr_line' id='line_1_5' title="bbox 1842 571 3394 632; baseline 0.001 -8"><span class='ocrx_word' id='word_1_15' title='bbox 1842 574 2013 625; x_wconf 67' lang='lat' dir='ltr'>lietnts</span> <span class='ocrx_word' id='word_1_16' title='bbox 2044 575 2109 626; x_wconf 87' lang='lat' dir='ltr'>ad</span> <span class='ocrx_word' id='word_1_17' title='bbox 2138 588 2262 625; x_wconf 80' lang='lat' dir='ltr'>eum</span> <span class='ocrx_word' id='word_1_18' title='bbox 2302 574 2612 632; x_wconf 70' lang='lat' dir='ltr'>revertitur,</span> <span class='ocrx_word' id='word_1_19' title='bbox 2649 571 2824 623; x_wconf 81' lang='lat' dir='ltr'>varias</span> <span class='ocrx_word' id='word_1_20' title='bbox 2864 579 3009 623; x_wconf 76' lang='lat' dir='ltr'>artes</span> <span class='ocrx_word' id='word_1_21' title='bbox 3056 581 3109 623; x_wconf 85' lang='lat' dir='ltr'>et</span> <span class='ocrx_word' id='word_1_22' title='bbox 3156 573 3394 625; x_wconf 69' lang='lat' dir='ltr'>rationes</span> 
     </span>
    </p>
   </div>
   <div class='ocr_carea' id='block_1_6' title="bbox 139 672 1715 750">
    <p class='ocr_par' dir='ltr' id='par_1_6' title="bbox 139 672 1715 750">
     <span class='ocr_line' id='line_1_6' title="bbox 139 672 1715 750; baseline -0.012 -11"><span class='ocrx_word' id='word_1_23' title='bbox 139 687 307 746; x_wconf 75' lang='grc' dir='ltr'>χείαις</span> <span class='ocrx_word' id='word_1_24' title='bbox 333 684 432 736; x_wconf 74' lang='grc' dir='ltr'>καὶ</span> <span class='ocrx_word' id='word_1_25' title='bbox 457 679 804 750; x_wconf 73' lang='grc' dir='ltr'>ὑποσχέσεσι,</span> <span class='ocrx_word' id='word_1_26' title='bbox 843 677 936 729; x_wconf 72' lang='grc' dir='ltr'>νῦν</span> <span class='ocrx_word' id='word_1_27' title='bbox 976 677 1031 729; x_wconf 78' lang='grc' dir='ltr'>δὲ</span> <span class='ocrx_word' id='word_1_28' title='bbox 1060 675 1310 735; x_wconf 75' lang='grc' dir='ltr'>ἀπειλαῖς</span> <span class='ocrx_word' id='word_1_29' title='bbox 1340 676 1432 725; x_wconf 73' lang='grc' dir='ltr'>καὶ</span> <span class='ocrx_word' id='word_1_30' title='bbox 1459 672 1715 723; x_wconf 65' lang='grc' dir='ltr'>κολάσεσι</span> 
     </span>
    </p>
   </div>
   <div class='ocr_carea' id='block_1_7' title="bbox 139 764 1717 846">
    <p class='ocr_par' dir='ltr' id='par_1_7' title="bbox 139 764 1717 846">
     <span class='ocr_line' id='line_1_7' title="bbox 139 764 1717 846; baseline -0.008 -18"><span class='ocrx_word' id='word_1_31' title='bbox 139 782 211 839; x_wconf 79' lang='grc' dir='ltr'>εἰς</span> <span class='ocrx_word' id='word_1_32' title='bbox 240 778 472 846; x_wconf 79' lang='grc' dir='ltr'>ἄρνησιν</span> <span class='ocrx_word' id='word_1_33' title='bbox 496 775 596 842; x_wconf 76' lang='grc' dir='ltr'>τῆς</span> <span class='ocrx_word' id='word_1_34' title='bbox 626 771 907 831; x_wconf 81' lang='grc' dir='ltr'>εὐσεϐείας</span> <span class='ocrx_word' id='word_1_35' title='bbox 937 770 1099 824; x_wconf 75' lang='grc' dir='ltr'>αὐτὸν</span> <span class='ocrx_word' id='word_1_36' title='bbox 1122 766 1541 835; x_wconf 77' lang='grc' dir='ltr'>ἐκκαλούμενος.</span> <span class='ocrx_word' id='word_1_37' title='bbox 1563 764 1717 815; x_wconf 71' lang='grc' dir='ltr'>Ἐπεὶ</span> 
     </span>
    </p>
   </div>
   <div class='ocr_carea' id='block_1_8' title="bbox 137 857 1715 937">
    <p class='ocr_par' dir='ltr' id='par_1_8' title="bbox 137 857 1715 937">
     <span class='ocr_line' id='line_1_8' title="bbox 137 857 1715 937; baseline -0.01 -15"><span class='ocrx_word' id='word_1_38' title='bbox 137 872 190 922; x_wconf 77' lang='grc' dir='ltr'>δὲ</span> <span class='ocrx_word' id='word_1_39' title='bbox 208 872 231 921; x_wconf 77' lang='grc' dir='ltr'>ὁ</span> <span class='ocrx_word' id='word_1_40' title='bbox 252 868 417 929; x_wconf 67' lang='grc' dir='ltr'>αὐτὸς</span> <span class='ocrx_word' id='word_1_41' title='bbox 444 862 511 937; x_wconf 79' lang='grc' dir='ltr'>ἦν</span> <span class='ocrx_word' id='word_1_42' title='bbox 546 865 923 925; x_wconf 76' lang='grc' dir='ltr'>Ἀναστάσιος,</span> <span class='ocrx_word' id='word_1_43' title='bbox 957 864 1093 932; x_wconf 83' lang='grc' dir='ltr'>μήτε</span> <span class='ocrx_word' id='word_1_44' title='bbox 1118 860 1329 923; x_wconf 81' lang='grc' dir='ltr'>τούτοις</span> <span class='ocrx_word' id='word_1_45' title='bbox 1361 857 1715 926; x_wconf 64' lang='grc' dir='ltr'>ὐπ’)κλινὸμε.</span> 
     </span>
    </p>
   </div>
   <div class='ocr_carea' id='block_1_9' title="bbox 137 948 1718 1028">
    <p class='ocr_par' dir='ltr' id='par_1_9' title="bbox 137 948 1718 1028">
     <span class='ocr_line' id='line_1_9' title="bbox 137 948 1718 1028; baseline -0.008 -15"><span class='ocrx_word' id='word_1_46' title='bbox 137 978 244 1022; x_wconf 86' lang='grc' dir='ltr'>νος.</span> <span class='ocrx_word' id='word_1_47' title='bbox 273 959 413 1028; x_wconf 81' lang='grc' dir='ltr'>μήτε</span> <span class='ocrx_word' id='word_1_48' title='bbox 443 957 670 1019; x_wconf 76' lang='grc' dir='ltr'>ἐκείνοις</span> <span class='ocrx_word' id='word_1_49' title='bbox 720 955 1064 1024; x_wconf 74' lang='grc' dir='ltr'>θελγόμενος,</span> <span class='ocrx_word' id='word_1_50' title='bbox 1098 955 1211 1016; x_wconf 86' lang='grc' dir='ltr'>τοῖς</span> <span class='ocrx_word' id='word_1_51' title='bbox 1267 949 1599 1023; x_wconf 76' lang='grc' dir='ltr'>προλαϐοῦσι</span> <span class='ocrx_word' id='word_1_52' title='bbox 1631 948 1718 1001; x_wconf 84' lang='grc' dir='ltr'>δε-</span> 
     </span>
    </p>
   </div>
   <div class='ocr_carea' id='block_1_10' title="bbox 142 1040 1718 1123">
    <p class='ocr_par' dir='ltr' id='par_1_10' title="bbox 142 1040 1718 1123">
     <span class='ocr_line' id='line_1_10' title="bbox 142 1040 1718 1123; baseline -0.01 -17"><span class='ocrx_word' id='word_1_53' title='bbox 142 1055 295 1123; x_wconf 84' lang='grc' dir='ltr'>σμοῖς</span> <span class='ocrx_word' id='word_1_54' title='bbox 327 1054 424 1104; x_wconf 71' lang='grc' dir='ltr'>καὶ</span> <span class='ocrx_word' id='word_1_55' title='bbox 446 1053 565 1112; x_wconf 84' lang='grc' dir='ltr'>ταῖς</span> <span class='ocrx_word' id='word_1_56' title='bbox 598 1049 834 1116; x_wconf 81' lang='grc' dir='ltr'>πληγαῖς</span> <span class='ocrx_word' id='word_1_57' title='bbox 866 1046 1149 1110; x_wconf 79' lang='grc' dir='ltr'>ὲξεδίδοτο.</span> <span class='ocrx_word' id='word_1_58' title='bbox 1200 1040 1331 1096; x_wconf 78' lang='grc' dir='ltr'>Εἶτα</span> <span class='ocrx_word' id='word_1_59' title='bbox 1372 1044 1477 1095; x_wconf 83' lang='grc' dir='ltr'>τῶν</span> <span class='ocrx_word' id='word_1_60' title='bbox 1505 1040 1718 1109; x_wconf 62' lang='grc' dir='ltr'>δεσμῶν</span> 
     </span>
    </p>
   </div>
   <div class='ocr_carea' id='block_1_11' title="bbox 140 1132 1711 1211">
    <p class='ocr_par' dir='ltr' id='par_1_11' title="bbox 140 1132 1711 1211">
     <span class='ocr_line' id='line_1_11' title="bbox 140 1132 1711 1211; baseline -0.01 -13"><span class='ocrx_word' id='word_1_61' title='bbox 140 1144 373 1205; x_wconf 70' lang='grc' dir='ltr'>ἀνεθεὶς,</span> <span class='ocrx_word' id='word_1_62' title='bbox 409 1143 506 1211; x_wconf 82' lang='grc' dir='ltr'>τῆς</span> <span class='ocrx_word' id='word_1_63' title='bbox 529 1142 720 1210; x_wconf 75' lang='grc' dir='ltr'>ἑτέρας</span> <span class='ocrx_word' id='word_1_64' title='bbox 747 1139 927 1210; x_wconf 76' lang='grc' dir='ltr'>χειρὸς</span> <span class='ocrx_word' id='word_1_65' title='bbox 963 1137 1281 1208; x_wconf 77' lang='grc' dir='ltr'>ἐξαρτᾶται,</span> <span class='ocrx_word' id='word_1_66' title='bbox 1312 1134 1460 1188; x_wconf 80' lang='grc' dir='ltr'>λίθου</span> <span class='ocrx_word' id='word_1_67' title='bbox 1503 1135 1602 1201; x_wconf 82' lang='grc' dir='ltr'>τὴν</span> <span class='ocrx_word' id='word_1_68' title='bbox 1633 1132 1711 1183; x_wconf 75' lang='grc' dir='ltr'>ὀλ-</span> 
     </span>
    </p>
   </div>
   <div class='ocr_carea' id='block_1_12' title="bbox 141 1223 1720 1305">
    <p class='ocr_par' dir='ltr' id='par_1_12' title="bbox 141 1223 1720 1305">
     <span class='ocr_line' id='line_1_12' title="bbox 141 1223 1720 1305; baseline -0.009 -17"><span class='ocrx_word' id='word_1_69' title='bbox 141 1237 240 1299; x_wconf 75' lang='grc' dir='ltr'>κὴν</span> <span class='ocrx_word' id='word_1_70' title='bbox 267 1234 576 1305; x_wconf 76' lang='grc' dir='ltr'>βαρυτάτου</span> <span class='ocrx_word' id='word_1_71' title='bbox 601 1232 830 1300; x_wconf 75' lang='grc' dir='ltr'>θατέρου</span> <span class='ocrx_word' id='word_1_72' title='bbox 853 1232 965 1281; x_wconf 86' lang='grc' dir='ltr'>τοῖν</span> <span class='ocrx_word' id='word_1_73' title='bbox 988 1229 1165 1281; x_wconf 82' lang='grc' dir='ltr'>ποδοῖν</span> <span class='ocrx_word' id='word_1_74' title='bbox 1184 1225 1514 1287; x_wconf 72' lang='grc' dir='ltr'>ὲκδεθέντος.</span> <span class='ocrx_word' id='word_1_75' title='bbox 1534 1223 1720 1285; x_wconf 66' lang='grc' dir='ltr'>Οὕτως</span> 
     </span>
    </p>
   </div>
   <div class='ocr_carea' id='block_1_13' title="bbox 140 1316 1721 1392">
    <p class='ocr_par' dir='ltr' id='par_1_13' title="bbox 140 1316 1721 1392">
     <span class='ocr_line' id='line_1_13' title="bbox 140 1316 1721 1392; baseline -0.008 -12"><span class='ocrx_word' id='word_1_76' title='bbox 140 1324 235 1381; x_wconf 68' lang='grc' dir='ltr'>οὖν</span> <span class='ocrx_word' id='word_1_77' title='bbox 260 1327 426 1380; x_wconf 74' lang='grc' dir='ltr'>αὐτὸν</span> <span class='ocrx_word' id='word_1_78' title='bbox 457 1327 549 1379; x_wconf 70' lang='grc' dir='ltr'>ἐπὶ</span> <span class='ocrx_word' id='word_1_79' title='bbox 583 1324 737 1377; x_wconf 76' lang='grc' dir='ltr'>δυσὶν</span> <span class='ocrx_word' id='word_1_80' title='bbox 780 1323 953 1392; x_wconf 83' lang='grc' dir='ltr'>ὥραις</span> <span class='ocrx_word' id='word_1_81' title='bbox 1006 1319 1354 1390; x_wconf 78' lang='grc' dir='ltr'>κρεμάμενὸν</span> <span class='ocrx_word' id='word_1_82' title='bbox 1382 1334 1440 1370; x_wconf 85' lang='grc' dir='ltr'>τε</span> <span class='ocrx_word' id='word_1_83' title='bbox 1486 1317 1579 1369; x_wconf 66' lang='grc' dir='ltr'>καὶ</span> <span class='ocrx_word' id='word_1_84' title='bbox 1605 1316 1721 1368; x_wconf 78' lang='grc' dir='ltr'>δια-</span> 
     </span>
    </p>
   </div>
   <div class='ocr_carea' id='block_1_14' title="bbox 142 1408 1722 1487">
    <p class='ocr_par' dir='ltr' id='par_1_14' title="bbox 142 1408 1722 1487">
     <span class='ocr_line' id='line_1_14' title="bbox 142 1408 1722 1487; baseline -0.006 -18"><span class='ocrx_word' id='word_1_85' title='bbox 142 1415 435 1487; x_wconf 79' lang='grc' dir='ltr'>σπώμενον</span> <span class='ocrx_word' id='word_1_86' title='bbox 454 1417 483 1468; x_wconf 81' lang='lat'><strong><em>6</em></strong></span> <span class='ocrx_word' id='word_1_87' title='bbox 508 1415 691 1485; x_wconf 82' lang='grc' dir='ltr'>ἄρχων</span> <span class='ocrx_word' id='word_1_88' title='bbox 718 1410 1050 1477; x_wconf 83' lang='grc' dir='ltr'>καταλιπὼν,</span> <span class='ocrx_word' id='word_1_89' title='bbox 1086 1412 1207 1462; x_wconf 71' lang='grc' dir='ltr'>ἐπεὶ</span> <span class='ocrx_word' id='word_1_90' title='bbox 1242 1411 1359 1462; x_wconf 76' lang='grc' dir='ltr'>κατ’</span> <span class='ocrx_word' id='word_1_91' title='bbox 1390 1408 1543 1461; x_wconf 69' lang='grc' dir='ltr'>οὐδὲν</span> <span class='ocrx_word' id='word_1_92' title='bbox 1577 1408 1722 1477; x_wconf 76' lang='grc' dir='ltr'>ἑώρα</span> 
     </span>
    </p>
   </div>
   <div class='ocr_carea' id='block_1_15' title="bbox 141 1502 1723 1580">
    <p class='ocr_par' dir='ltr' id='par_1_15' title="bbox 141 1502 1723 1580">
     <span class='ocr_line' id='line_1_15' title="bbox 141 1502 1723 1580; baseline -0.007 -17"><span class='ocrx_word' id='word_1_93' title='bbox 141 1510 219 1579; x_wconf 81' lang='grc' dir='ltr'>τῷ</span> <span class='ocrx_word' id='word_1_94' title='bbox 257 1510 502 1580; x_wconf 79' lang='grc' dir='ltr'>μάρτυρι</span> <span class='ocrx_word' id='word_1_95' title='bbox 529 1507 620 1561; x_wconf 81' lang='grc' dir='ltr'>τὸν</span> <span class='ocrx_word' id='word_1_96' title='bbox 656 1507 809 1560; x_wconf 80' lang='grc' dir='ltr'>τόνον</span> <span class='ocrx_word' id='word_1_97' title='bbox 847 1505 1211 1571; x_wconf 85' lang='grc' dir='ltr'>ὐπολυόμενον</span> <span class='ocrx_word' id='word_1_98' title='bbox 1233 1519 1246 1533; x_wconf 83' lang='grc'>⁶</span> <span class='ocrx_word' id='word_1_99' title='bbox 1278 1502 1413 1556; x_wconf 85' lang='grc' dir='ltr'>ἀλλὰ</span> <span class='ocrx_word' id='word_1_100' title='bbox 1442 1512 1533 1555; x_wconf 84' lang='grc' dir='ltr'>και</span> <span class='ocrx_word' id='word_1_101' title='bbox 1564 1518 1723 1569; x_wconf 76' lang='grc' dir='ltr'>σφρι-</span> 
     </span>
    </p>
   </div>
   <div class='ocr_carea' id='block_1_16' title="bbox 141 1594 1724 1671">
    <p class='ocr_par' dir='ltr' id='par_1_16' title="bbox 141 1594 1724 1671">
     <span class='ocr_line' id='line_1_16' title="bbox 141 1594 1724 1671; baseline -0.008 -14"><span class='ocrx_word' id='word_1_102' title='bbox 141 1606 331 1671; x_wconf 81' lang='grc' dir='ltr'>γῶντα</span> <span class='ocrx_word' id='word_1_103' title='bbox 357 1602 563 1671; x_wconf 84' lang='grc' dir='ltr'>μᾶλλον</span> <span class='ocrx_word' id='word_1_104' title='bbox 591 1602 657 1668; x_wconf 79' lang='grc' dir='ltr'>τῇ</span> <span class='ocrx_word' id='word_1_105' title='bbox 688 1598 795 1651; x_wconf 82' lang='grc' dir='ltr'>τῶν</span> <span class='ocrx_word' id='word_1_106' title='bbox 826 1597 1076 1669; x_wconf 80' lang='grc' dir='ltr'>βασάνων</span> <span class='ocrx_word' id='word_1_107' title='bbox 1133 1598 1365 1666; x_wconf 65' lang='grc' dir='ltr'>ἐπιμονῇ</span> <span class='ocrx_word' id='word_1_108' title='bbox 1395 1596 1488 1648; x_wconf 75' lang='grc' dir='ltr'>καὶ</span> <span class='ocrx_word' id='word_1_109' title='bbox 1523 1594 1724 1664; x_wconf 72' lang='grc' dir='ltr'>ῥωννύ-</span> 
     </span>
    </p>
   </div>
   <div class='ocr_carea' id='block_1_17' title="bbox 146 1685 1726 1765">
    <p class='ocr_par' dir='ltr' id='par_1_17' title="bbox 146 1685 1726 1765">
     <span class='ocr_line' id='line_1_17' title="bbox 146 1685 1726 1765; baseline -0.007 -17"><span class='ocrx_word' id='word_1_110' title='bbox 146 1713 337 1765; x_wconf 81' lang='grc' dir='ltr'>μενον,</span> <span class='ocrx_word' id='word_1_111' title='bbox 370 1696 577 1747; x_wconf 81' lang='grc' dir='ltr'>ἐκεῖνον</span> <span class='ocrx_word' id='word_1_112' title='bbox 598 1692 695 1761; x_wconf 81' lang='grc' dir='ltr'>μὲν</span> <span class='ocrx_word' id='word_1_113' title='bbox 723 1690 945 1759; x_wconf 74' lang='grc' dir='ltr'>πέμψας</span> <span class='ocrx_word' id='word_1_114' title='bbox 975 1689 1223 1755; x_wconf 80' lang='grc' dir='ltr'>κατάγει,</span> <span class='ocrx_word' id='word_1_115' title='bbox 1258 1688 1392 1755; x_wconf 72' lang='grc' dir='ltr'>πρὸς</span> <span class='ocrx_word' id='word_1_116' title='bbox 1418 1687 1472 1739; x_wconf 86' lang='grc' dir='ltr'>δὲ</span> <span class='ocrx_word' id='word_1_117' title='bbox 1504 1687 1595 1738; x_wconf 77' lang='grc' dir='ltr'>τὸν</span> <span class='ocrx_word' id='word_1_118' title='bbox 1630 1685 1726 1755; x_wconf 88' lang='grc' dir='ltr'>βα-</span> 
     </span>
    </p>
   </div>
   <div class='ocr_carea' id='block_1_18' title="bbox 144 1775 1724 1847">
    <p class='ocr_par' dir='ltr' id='par_1_18' title="bbox 144 1775 1724 1847">
     <span class='ocr_line' id='line_1_18' title="bbox 144 1775 1724 1847; baseline -0.006 -10"><span class='ocrx_word' id='word_1_119' title='bbox 144 1786 303 1839; x_wconf 81' lang='grc' dir='ltr'>σιλέα</span> <span class='ocrx_word' id='word_1_120' title='bbox 337 1782 675 1846; x_wconf 70' lang='grc' dir='ltr'>ἐπανελθὼν,</span> <span class='ocrx_word' id='word_1_121' title='bbox 695 1781 756 1834; x_wconf 88' lang='grc' dir='ltr'>τό</span> <span class='ocrx_word' id='word_1_122' title='bbox 781 1798 843 1833; x_wconf 91' lang='grc' dir='ltr'>τε</span> <span class='ocrx_word' id='word_1_123' title='bbox 878 1781 1147 1846; x_wconf 82' lang='grc' dir='ltr'>ἄτρεπτον</span> <span class='ocrx_word' id='word_1_124' title='bbox 1175 1777 1337 1832; x_wconf 80' lang='grc' dir='ltr'>αὐτοῦ</span> <span class='ocrx_word' id='word_1_125' title='bbox 1364 1779 1463 1847; x_wconf 75' lang='grc' dir='ltr'>τῆς</span> <span class='ocrx_word' id='word_1_126' title='bbox 1498 1775 1724 1846; x_wconf 80' lang='grc' dir='ltr'>γνώμης</span> 
     </span>
    </p>
   </div>
   <div class='ocr_carea' id='block_1_19' title="bbox 144 1869 1722 1942">
    <p class='ocr_par' dir='ltr' id='par_1_19' title="bbox 144 1869 1722 1942">
     <span class='ocr_line' id='line_1_19' title="bbox 144 1869 1722 1942; baseline -0.006 -12"><span class='ocrx_word' id='word_1_127' title='bbox 144 1879 238 1930; x_wconf 68' lang='grc' dir='ltr'>καὶ</span> <span class='ocrx_word' id='word_1_128' title='bbox 277 1875 470 1938; x_wconf 81' lang='grc' dir='ltr'>δεινῶς</span> <span class='ocrx_word' id='word_1_129' title='bbox 521 1872 772 1942; x_wconf 72' lang='grc' dir='ltr'>ἀνδρικὸν</span> <span class='ocrx_word' id='word_1_130' title='bbox 813 1869 1167 1938; x_wconf 77' lang='grc' dir='ltr'>ἀπαγγέλλει,</span> <span class='ocrx_word' id='word_1_131' title='bbox 1207 1870 1311 1923; x_wconf 66' lang='grc' dir='ltr'>οιαὶ</span> <span class='ocrx_word' id='word_1_132' title='bbox 1364 1869 1722 1939; x_wconf 80' lang='grc' dir='ltr'>συμϐουλεύει</span> 
     </span>
    </p>
   </div>
   <div class='ocr_carea' id='block_1_20' title="bbox 144 1961 1729 2033">
    <p class='ocr_par' dir='ltr' id='par_1_20' title="bbox 144 1961 1729 2033">
     <span class='ocr_line' id='line_1_20' title="bbox 144 1961 1729 2033; baseline -0.004 -14"><span class='ocrx_word' id='word_1_133' title='bbox 144 1968 239 2020; x_wconf 69' lang='grc' dir='ltr'>καὶ</span> <span class='ocrx_word' id='word_1_134' title='bbox 269 1966 436 2026; x_wconf 71' lang='grc' dir='ltr'>αὐτὸς</span> <span class='ocrx_word' id='word_1_135' title='bbox 466 1963 678 2016; x_wconf 76' lang='grc' dir='ltr'>οἴκοθεν</span> <span class='ocrx_word' id='word_1_136' title='bbox 710 1962 906 2033; x_wconf 79' lang='grc' dir='ltr'>μηκέτι</span> <span class='ocrx_word' id='word_1_137' title='bbox 939 1964 1136 2032; x_wconf 82' lang='grc' dir='ltr'>πεῖραν</span> <span class='ocrx_word' id='word_1_138' title='bbox 1181 1961 1514 2021; x_wconf 81' lang='grc' dir='ltr'>’Δναστασίῳ</span> <span class='ocrx_word' id='word_1_139' title='bbox 1560 1976 1729 2030; x_wconf 88' lang='grc' dir='ltr'>προσ-</span> 
     </span>
    </p>
   </div>
   <div class='ocr_carea' id='block_1_21' title="bbox 145 2052 1729 2127">
    <p class='ocr_par' dir='ltr' id='par_1_21' title="bbox 145 2052 1729 2127">
     <span class='ocr_line' id='line_1_21' title="bbox 145 2052 1729 2127; baseline -0.005 -16"><span class='ocrx_word' id='word_1_140' title='bbox 145 2060 401 2127; x_wconf 81' lang='grc' dir='ltr'>αγαγεῖν.</span> <span class='ocrx_word' id='word_1_141' title='bbox 427 2056 559 2125; x_wconf 73' lang='grc' dir='ltr'>μηξὲ</span> <span class='ocrx_word' id='word_1_142' title='bbox 581 2054 764 2108; x_wconf 82' lang='grc' dir='ltr'>δοῦναι</span> <span class='ocrx_word' id='word_1_143' title='bbox 785 2053 1101 2123; x_wconf 80' lang='grc' dir='ltr'>τηλικοῦτον</span> <span class='ocrx_word' id='word_1_144' title='bbox 1119 2053 1290 2123; x_wconf 80' lang='grc' dir='ltr'>ἀρχῆς</span> <span class='ocrx_word' id='word_1_145' title='bbox 1310 2052 1439 2122; x_wconf 74' lang='grc' dir='ltr'>ὕψος</span> <span class='ocrx_word' id='word_1_146' title='bbox 1458 2052 1550 2105; x_wconf 71' lang='grc' dir='ltr'>καὶ</span> <span class='ocrx_word' id='word_1_147' title='bbox 1570 2052 1729 2122; x_wconf 82' lang='grc' dir='ltr'>μέγε-</span> 
     </span>
    </p>
   </div>
   <div class='ocr_carea' id='block_1_22' title="bbox 1818 660 3392 732">
    <p class='ocr_par' dir='ltr' id='par_1_22' title="bbox 1818 660 3392 732">
     <span class='ocr_line' id='line_1_22' title="bbox 1818 660 3392 732; baseline -0.002 -17"><span class='ocrx_word' id='word_1_148' title='bbox 1818 664 2169 732; x_wconf 66' lang='lat' dir='ltr'>exeogitans:</span> <span class='ocrx_word' id='word_1_149' title='bbox 2205 672 2259 714; x_wconf 88' lang='lat' dir='ltr'>et</span> <span class='ocrx_word' id='word_1_150' title='bbox 2297 676 2446 713; x_wconf 80' lang='lat' dir='ltr'>nunc</span> <span class='ocrx_word' id='word_1_151' title='bbox 2493 660 2708 727; x_wconf 83' lang='lat' dir='ltr'>quidem</span> <span class='ocrx_word' id='word_1_152' title='bbox 2760 660 2921 713; x_wconf 82' lang='lat' dir='ltr'><strong>minis</strong></span> <span class='ocrx_word' id='word_1_153' title='bbox 2964 672 3018 711; x_wconf 86' lang='lat' dir='ltr'>et</span> <span class='ocrx_word' id='word_1_154' title='bbox 3073 660 3392 727; x_wconf 81' lang='lat' dir='ltr'>promissis.</span> 
     </span>
    </p>
   </div>
   <div class='ocr_carea' id='block_1_23' title="bbox 1819 752 3395 819">
    <p class='ocr_par' dir='ltr' id='par_1_23' title="bbox 1819 752 3395 819">
     <span class='ocr_line' id='line_1_23' title="bbox 1819 752 3395 819; baseline -0.003 -11"><span class='ocrx_word' id='word_1_155' title='bbox 1819 772 1966 808; x_wconf 77' lang='lat' dir='ltr'>nunc</span> <span class='ocrx_word' id='word_1_156' title='bbox 2013 764 2194 807; x_wconf 88' lang='lat' dir='ltr'>autem</span> <span class='ocrx_word' id='word_1_157' title='bbox 2243 753 2409 805; x_wconf 70' lang='lat' dir='ltr'>minis</span> <span class='ocrx_word' id='word_1_158' title='bbox 2456 762 2509 805; x_wconf 86' lang='lat' dir='ltr'>et</span> <span class='ocrx_word' id='word_1_159' title='bbox 2553 752 2831 819; x_wconf 80' lang='lat' dir='ltr'>suppliciis</span> <span class='ocrx_word' id='word_1_160' title='bbox 2862 766 2983 803; x_wconf 71' lang='lat' dir='ltr'>eum</span> <span class='ocrx_word' id='word_1_161' title='bbox 3028 766 3294 805; x_wconf 81' lang='lat' dir='ltr'>revocans</span> <span class='ocrx_word' id='word_1_162' title='bbox 3329 753 3395 804; x_wconf 79' lang='lat' dir='ltr'>ad</span> 
     </span>
    </p>
   </div>
   <div class='ocr_carea' id='block_1_24' title="bbox 1818 846 3396 917">
    <p class='ocr_par' dir='ltr' id='par_1_24' title="bbox 1818 846 3396 917">
     <span class='ocr_line' id='line_1_24' title="bbox 1818 846 3396 917; baseline -0.003 -14"><span class='ocrx_word' id='word_1_163' title='bbox 1818 852 2120 917; x_wconf 64' lang='lat' dir='ltr'>negantiam</span> <span class='ocrx_word' id='word_1_164' title='bbox 2162 849 2443 917; x_wconf 82' lang='lat' dir='ltr'>pietatem.</span> <span class='ocrx_word' id='word_1_165' title='bbox 2478 847 2616 899; x_wconf 78' lang='lat' dir='ltr'>Cum</span> <span class='ocrx_word' id='word_1_166' title='bbox 2663 856 2842 899; x_wconf 84' lang='lat' dir='ltr'>autem</span> <span class='ocrx_word' id='word_1_167' title='bbox 2895 846 3036 900; x_wconf 78' lang='lat' dir='ltr'>idem</span> <span class='ocrx_word' id='word_1_168' title='bbox 3073 857 3219 900; x_wconf 87' lang='lat' dir='ltr'>esset</span> <span class='ocrx_word' id='word_1_169' title='bbox 3248 850 3396 899; x_wconf 72' lang='lat' dir='ltr'>Ana-</span> 
     </span>
    </p>
   </div>
   <div class='ocr_carea' id='block_1_25' title="bbox 1820 939 3396 1000">
    <p class='ocr_par' dir='ltr' id='par_1_25' title="bbox 1820 939 3396 1000">
     <span class='ocr_line' id='line_1_25' title="bbox 1820 939 3396 1000; baseline -0.005 -2"><span class='ocrx_word' id='word_1_170' title='bbox 1820 944 2017 999; x_wconf 86' lang='lat' dir='ltr'>stasius</span> <span class='ocrx_word' id='word_1_171' title='bbox 2045 950 2099 994; x_wconf 87' lang='lat' dir='ltr'>et</span> <span class='ocrx_word' id='word_1_172' title='bbox 2130 956 2229 994; x_wconf 83' lang='lat' dir='ltr'>nec</span> <span class='ocrx_word' id='word_1_173' title='bbox 2261 939 2347 992; x_wconf 75' lang='lat' dir='ltr'>liis</span> <span class='ocrx_word' id='word_1_174' title='bbox 2371 939 2744 995; x_wconf 77' lang='lat' dir='ltr'>inclinaretur.</span> <span class='ocrx_word' id='word_1_175' title='bbox 2771 954 2870 990; x_wconf 81' lang='lat' dir='ltr'>nec</span> <span class='ocrx_word' id='word_1_176' title='bbox 2902 939 3008 991; x_wconf 88' lang='lat' dir='ltr'>illis</span> <span class='ocrx_word' id='word_1_177' title='bbox 3050 940 3396 1000; x_wconf 84' lang='lat' dir='ltr'>delinirctur,</span> 
     </span>
    </p>
   </div>
   <div class='ocr_carea' id='block_1_26' title="bbox 1821 1028 3399 1103">
    <p class='ocr_par' dir='ltr' id='par_1_26' title="bbox 1821 1028 3399 1103">
     <span class='ocr_line' id='line_1_26' title="bbox 1821 1028 3399 1103; baseline -0.003 -18"><span class='ocrx_word' id='word_1_178' title='bbox 1821 1034 2093 1103; x_wconf 78' lang='lat' dir='ltr'>prioribus</span> <span class='ocrx_word' id='word_1_179' title='bbox 2148 1032 2379 1085; x_wconf 81' lang='lat' dir='ltr'>vinculis</span> <span class='ocrx_word' id='word_1_180' title='bbox 2424 1040 2479 1083; x_wconf 85' lang='lat' dir='ltr'>et</span> <span class='ocrx_word' id='word_1_181' title='bbox 2530 1029 2699 1098; x_wconf 80' lang='lat' dir='ltr'>plagis</span> <span class='ocrx_word' id='word_1_182' title='bbox 2756 1037 2839 1081; x_wconf 82' lang='lat' dir='ltr'>est</span> <span class='ocrx_word' id='word_1_183' title='bbox 2895 1028 3146 1081; x_wconf 85' lang='lat' dir='ltr'>traditus.</span> <span class='ocrx_word' id='word_1_184' title='bbox 3194 1028 3399 1081; x_wconf 86' lang='lat' dir='ltr'>Deinde</span> 
     </span>
    </p>
   </div>
   <div class='ocr_carea' id='block_1_27' title="bbox 1821 1118 3399 1179">
    <p class='ocr_par' dir='ltr' id='par_1_27' title="bbox 1821 1118 3399 1179">
     <span class='ocr_line' id='line_1_27' title="bbox 1821 1118 3399 1179; baseline -0.005 -2"><span class='ocrx_word' id='word_1_185' title='bbox 1821 1139 1944 1177; x_wconf 90' lang='lat' dir='ltr'>cum</span> <span class='ocrx_word' id='word_1_186' title='bbox 1982 1122 2173 1175; x_wconf 86' lang='lat' dir='ltr'>fuisset</span> <span class='ocrx_word' id='word_1_187' title='bbox 2220 1123 2493 1173; x_wconf 70' lang='lat' dir='ltr'>relaxatus</span> <span class='ocrx_word' id='word_1_188' title='bbox 2542 1134 2569 1172; x_wconf 91' lang='lat' dir='ltr'>a</span> <span class='ocrx_word' id='word_1_189' title='bbox 2604 1118 2854 1179; x_wconf 72' lang='lat' dir='ltr'>vinculis,</span> <span class='ocrx_word' id='word_1_190' title='bbox 2903 1133 2969 1170; x_wconf 73' lang='lat' dir='ltr'>ex</span> <span class='ocrx_word' id='word_1_191' title='bbox 3018 1124 3186 1170; x_wconf 79' lang='lat' dir='ltr'>altera</span> <span class='ocrx_word' id='word_1_192' title='bbox 3232 1132 3399 1169; x_wconf 88' lang='lat' dir='ltr'>manu</span> 
     </span>
    </p>
   </div>
   <div class='ocr_carea' id='block_1_28' title="bbox 1822 1206 3403 1282">
    <p class='ocr_par' dir='ltr' id='par_1_28' title="bbox 1822 1206 3403 1282">
     <span class='ocr_line' id='line_1_28' title="bbox 1822 1206 3403 1282; baseline -0.006 -13"><span class='ocrx_word' id='word_1_193' title='bbox 1822 1213 2195 1282; x_wconf 80' lang='lat' dir='ltr'>suspenditur,</span> <span class='ocrx_word' id='word_1_194' title='bbox 2244 1226 2368 1264; x_wconf 88' lang='lat' dir='ltr'>cum</span> <span class='ocrx_word' id='word_1_195' title='bbox 2403 1210 2541 1278; x_wconf 77' lang='lat' dir='ltr'>lapis</span> <span class='ocrx_word' id='word_1_196' title='bbox 2592 1208 2899 1279; x_wconf 76' lang='lat' dir='ltr'>gravissimi</span> <span class='ocrx_word' id='word_1_197' title='bbox 2959 1206 3217 1276; x_wconf 87' lang='lat' dir='ltr'>ponderis</span> <span class='ocrx_word' id='word_1_198' title='bbox 3255 1216 3403 1259; x_wconf 89' lang='lat' dir='ltr'>esset</span> 
     </span>
    </p>
   </div>
   <div class='ocr_carea' id='block_1_29' title="bbox 1824 1297 3400 1377">
    <p class='ocr_par' dir='ltr' id='par_1_29' title="bbox 1824 1297 3400 1377">
     <span class='ocr_line' id='line_1_29' title="bbox 1824 1297 3400 1377; baseline -0.007 -20"><span class='ocrx_word' id='word_1_199' title='bbox 1824 1304 2072 1377; x_wconf 72' lang='lat' dir='ltr'>alligatus</span> <span class='ocrx_word' id='word_1_200' title='bbox 2105 1300 2258 1354; x_wconf 83' lang='lat' dir='ltr'>alteri</span> <span class='ocrx_word' id='word_1_201' title='bbox 2294 1315 2359 1353; x_wconf 80' lang='lat' dir='ltr'>ex</span> <span class='ocrx_word' id='word_1_202' title='bbox 2393 1299 2642 1367; x_wconf 78' lang='lat' dir='ltr'>pedibus.</span> <span class='ocrx_word' id='word_1_203' title='bbox 2673 1300 2809 1352; x_wconf 72' lang='lat' dir='ltr'>Cum</span> <span class='ocrx_word' id='word_1_204' title='bbox 2837 1314 2961 1350; x_wconf 72' lang='lat' dir='ltr'>eum</span> <span class='ocrx_word' id='word_1_205' title='bbox 2994 1312 3123 1366; x_wconf 81' lang='lat' dir='ltr'>ergo</span> <span class='ocrx_word' id='word_1_206' title='bbox 3150 1297 3235 1349; x_wconf 87' lang='lat' dir='ltr'>sic</span> <span class='ocrx_word' id='word_1_207' title='bbox 3263 1310 3400 1364; x_wconf 85' lang='lat' dir='ltr'>pen-</span> 
     </span>
    </p>
   </div>
   <div class='ocr_carea' id='block_1_30' title="bbox 1823 1389 3405 1455">
    <p class='ocr_par' dir='ltr' id='par_1_30' title="bbox 1823 1389 3405 1455">
     <span class='ocr_line' id='line_1_30' title="bbox 1823 1389 3405 1455; baseline -0.006 -7"><span class='ocrx_word' id='word_1_208' title='bbox 1823 1396 2043 1449; x_wconf 91' lang='lat' dir='ltr'>dentem</span> <span class='ocrx_word' id='word_1_209' title='bbox 2081 1404 2135 1448; x_wconf 92' lang='lat' dir='ltr'>et</span> <span class='ocrx_word' id='word_1_210' title='bbox 2191 1394 2272 1448; x_wconf 89' lang='lat' dir='ltr'>sic</span> <span class='ocrx_word' id='word_1_211' title='bbox 2322 1391 2594 1445; x_wconf 89' lang='lat' dir='ltr'>divulsum</span> <span class='ocrx_word' id='word_1_212' title='bbox 2647 1392 2858 1445; x_wconf 87' lang='lat' dir='ltr'>duabus</span> <span class='ocrx_word' id='word_1_213' title='bbox 2904 1390 3054 1443; x_wconf 83' lang='lat' dir='ltr'>horis</span> <span class='ocrx_word' id='word_1_214' title='bbox 3094 1389 3405 1455; x_wconf 82' lang='lat' dir='ltr'>reliquisset</span> 
     </span>
    </p>
   </div>
   <div class='ocr_carea' id='block_1_31' title="bbox 1824 1478 3397 1554">
    <p class='ocr_par' dir='ltr' id='par_1_31' title="bbox 1824 1478 3397 1554">
     <span class='ocr_line' id='line_1_31' title="bbox 1824 1478 3397 1554; baseline -0.004 -17"><span class='ocrx_word' id='word_1_215' title='bbox 1824 1486 2191 1554; x_wconf 81' lang='lat' dir='ltr'>magiStratus,</span> <span class='ocrx_word' id='word_1_216' title='bbox 2230 1482 2552 1550; x_wconf 80' lang='lat' dir='ltr'>videretque</span> <span class='ocrx_word' id='word_1_217' title='bbox 2610 1484 2775 1533; x_wconf 88' lang='lat' dir='ltr'>robur</span> <span class='ocrx_word' id='word_1_218' title='bbox 2830 1497 2891 1532; x_wconf 84' lang='lat' dir='ltr'>ac</span> <span class='ocrx_word' id='word_1_219' title='bbox 2935 1478 3252 1531; x_wconf 84' lang='lat' dir='ltr'>firmitatem</span> <span class='ocrx_word' id='word_1_220' title='bbox 3296 1478 3397 1530; x_wconf 67' lang='lat' dir='ltr'>miv</span> 
     </span>
    </p>
   </div>
   <div class='ocr_carea' id='block_1_32' title="bbox 1825 1567 3403 1642">
    <p class='ocr_par' dir='ltr' id='par_1_32' title="bbox 1825 1567 3403 1642">
     <span class='ocr_line' id='line_1_32' title="bbox 1825 1567 3403 1642; baseline -0.008 -14"><span class='ocrx_word' id='word_1_221' title='bbox 1825 1576 1969 1629; x_wconf 84' lang='lat' dir='ltr'>nime</span> <span class='ocrx_word' id='word_1_222' title='bbox 2004 1572 2483 1642; x_wconf 86' lang='lat' dir='ltr'>dissoivimartyri,</span> <span class='ocrx_word' id='word_1_223' title='bbox 2507 1572 2656 1625; x_wconf 90' lang='lat' dir='ltr'>illum</span> <span class='ocrx_word' id='word_1_224' title='bbox 2682 1571 2899 1639; x_wconf 86' lang='lat' dir='ltr'>quidem</span> <span class='ocrx_word' id='word_1_225' title='bbox 2932 1567 3191 1622; x_wconf 89' lang='lat' dir='ltr'>remittit:</span> <span class='ocrx_word' id='word_1_226' title='bbox 3218 1568 3281 1619; x_wconf 90' lang='lat' dir='ltr'>ad</span> <span class='ocrx_word' id='word_1_227' title='bbox 3316 1582 3403 1617; x_wconf 48' lang='lat' dir='ltr'>re-</span> 
     </span>
    </p>
   </div>
   <div class='ocr_carea' id='block_1_33' title="bbox 1824 1661 3403 1739">
    <p class='ocr_par' dir='ltr' id='par_1_33' title="bbox 1824 1661 3403 1739">
     <span class='ocr_line' id='line_1_33' title="bbox 1824 1661 3403 1739; baseline -0.006 -17"><span class='ocrx_word' id='word_1_228' title='bbox 1824 1683 1942 1739; x_wconf 91' lang='lat' dir='ltr'>gem</span> <span class='ocrx_word' id='word_1_229' title='bbox 1963 1675 2142 1720; x_wconf 90' lang='lat' dir='ltr'>autem</span> <span class='ocrx_word' id='word_1_230' title='bbox 2169 1680 2440 1727; x_wconf 83' lang='lat' dir='ltr'>reversus,</span> <span class='ocrx_word' id='word_1_231' title='bbox 2466 1665 2854 1718; x_wconf 80' lang='lat' dir='ltr'>immutabilem</span> <span class='ocrx_word' id='word_1_232' title='bbox 2886 1664 3004 1730; x_wconf 87' lang='lat' dir='ltr'>ejus</span> <span class='ocrx_word' id='word_1_233' title='bbox 3058 1676 3292 1715; x_wconf 84' lang='lat' dir='ltr'>mentem</span> <span class='ocrx_word' id='word_1_234' title='bbox 3326 1661 3403 1713; x_wconf 84' lang='lat' dir='ltr'>si-</span> 
     </span>
    </p>
   </div>
   <div class='ocr_carea' id='block_1_34' title="bbox 1826 1752 3406 1829">
    <p class='ocr_par' dir='ltr' id='par_1_34' title="bbox 1826 1752 3406 1829">
     <span class='ocr_line' id='line_1_34' title="bbox 1826 1752 3406 1829; baseline -0.006 -17"><span class='ocrx_word' id='word_1_235' title='bbox 1826 1756 2046 1829; x_wconf 82' lang='lat' dir='ltr'>gniﬁcat</span> <span class='ocrx_word' id='word_1_236' title='bbox 2067 1768 2122 1811; x_wconf 88' lang='lat' dir='ltr'>et</span> <span class='ocrx_word' id='word_1_237' title='bbox 2148 1771 2418 1811; x_wconf 86' lang='lat' dir='ltr'>summam</span> <span class='ocrx_word' id='word_1_238' title='bbox 2436 1756 2603 1807; x_wconf 91' lang='lat' dir='ltr'>animi</span> <span class='ocrx_word' id='word_1_239' title='bbox 2626 1754 3022 1807; x_wconf 88' lang='lat' dir='ltr'>fortitudinem.</span> <span class='ocrx_word' id='word_1_240' title='bbox 3051 1752 3170 1819; x_wconf 88' lang='lat' dir='ltr'>Ipse</span> <span class='ocrx_word' id='word_1_241' title='bbox 3189 1766 3406 1818; x_wconf 84' lang='lat' dir='ltr'>quoque</span> 
     </span>
    </p>
   </div>
   <div class='ocr_carea' id='block_1_35' title="bbox 1827 1842 3406 1916">
    <p class='ocr_par' dir='ltr' id='par_1_35' title="bbox 1827 1842 3406 1916">
     <span class='ocr_line' id='line_1_35' title="bbox 1827 1842 3406 1916; baseline -0.008 -12"><span class='ocrx_word' id='word_1_242' title='bbox 1827 1850 1877 1904; x_wconf 75' lang='lat' dir='ltr'>ei</span> <span class='ocrx_word' id='word_1_243' title='bbox 1907 1850 2143 1904; x_wconf 88' lang='lat' dir='ltr'>consulit</span> <span class='ocrx_word' id='word_1_244' title='bbox 2175 1863 2265 1914; x_wconf 69' lang='lat' dir='ltr'>tne</span> <span class='ocrx_word' id='word_1_245' title='bbox 2309 1849 2543 1916; x_wconf 87' lang='lat' dir='ltr'>amplius</span> <span class='ocrx_word' id='word_1_246' title='bbox 2613 1844 2919 1914; x_wconf 87' lang='lat' dir='ltr'>periculum</span> <span class='ocrx_word' id='word_1_247' title='bbox 2965 1843 3126 1896; x_wconf 87' lang='lat' dir='ltr'>faciat</span> <span class='ocrx_word' id='word_1_248' title='bbox 3176 1842 3230 1894; x_wconf 93' lang='lat' dir='ltr'>in</span> <span class='ocrx_word' id='word_1_249' title='bbox 3257 1842 3406 1894; x_wconf 79' lang='lat' dir='ltr'>Ana-</span> 
     </span>
    </p>
   </div>
   <div class='ocr_carea' id='block_1_36' title="bbox 1827 1935 3408 2009">
    <p class='ocr_par' dir='ltr' id='par_1_36' title="bbox 1827 1935 3408 2009">
     <span class='ocr_line' id='line_1_36' title="bbox 1827 1935 3408 2009; baseline -0.005 -14"><span class='ocrx_word' id='word_1_250' title='bbox 1827 1942 2017 2005; x_wconf 83' lang='lat' dir='ltr'>stasio,</span> <span class='ocrx_word' id='word_1_251' title='bbox 2056 1956 2155 1995; x_wconf 87' lang='lat' dir='ltr'>nec</span> <span class='ocrx_word' id='word_1_252' title='bbox 2175 1941 2455 2009; x_wconf 75' lang='lat' dir='ltr'>permittat</span> <span class='ocrx_word' id='word_1_253' title='bbox 2489 1948 2549 1992; x_wconf 91' lang='lat' dir='ltr'>ut</span> <span class='ocrx_word' id='word_1_254' title='bbox 2586 1946 2737 1991; x_wconf 89' lang='lat' dir='ltr'>tanta</span> <span class='ocrx_word' id='word_1_255' title='bbox 2759 1936 2990 1989; x_wconf 86' lang='lat' dir='ltr'>altitudo</span> <span class='ocrx_word' id='word_1_256' title='bbox 3013 1946 3069 1987; x_wconf 87' lang='lat' dir='ltr'>et</span> <span class='ocrx_word' id='word_1_257' title='bbox 3092 1935 3408 2003; x_wconf 76' lang='lat' dir='ltr'>magnitudo</span> 
     </span>
    </p>
   </div>
   <div class='ocr_carea' id='block_1_37' title="bbox 1829 2026 3407 2100">
    <p class='ocr_par' dir='ltr' id='par_1_37' title="bbox 1829 2026 3407 2100">
     <span class='ocr_line' id='line_1_37' title="bbox 1829 2026 3407 2100; baseline -0.003 -17"><span class='ocrx_word' id='word_1_258' title='bbox 1829 2030 2044 2100; x_wconf 89' lang='lat' dir='ltr'>imperii</span> <span class='ocrx_word' id='word_1_259' title='bbox 2092 2031 2161 2085; x_wconf 91' lang='lat' dir='ltr'>ab</span> <span class='ocrx_word' id='word_1_260' title='bbox 2210 2031 2371 2086; x_wconf 89' lang='lat' dir='ltr'>unius</span> <span class='ocrx_word' id='word_1_261' title='bbox 2423 2031 2523 2083; x_wconf 89' lang='lat' dir='ltr'>viri</span> <span class='ocrx_word' id='word_1_262' title='bbox 2571 2028 2875 2084; x_wconf 82' lang='lat' dir='ltr'>constantia</span> <span class='ocrx_word' id='word_1_263' title='bbox 2937 2026 3185 2079; x_wconf 82' lang='lat' dir='ltr'>videatur</span> <span class='ocrx_word' id='word_1_264' title='bbox 3244 2040 3407 2094; x_wconf 85' lang='lat' dir='ltr'>supe-</span> 
     </span>
    </p>
   </div>
   <div class='ocr_carea' id='block_1_38' title="bbox 146 2131 1962 2227">
    <p class='ocr_par' dir='ltr' id='par_1_38' title="bbox 146 2131 1962 2227">
     <span class='ocr_line' id='line_1_38' title="bbox 146 2131 1962 2227; baseline -0.012 -12"><span class='ocrx_word' id='word_1_265' title='bbox 146 2153 259 2213; x_wconf 78' lang='grc' dir='ltr'>θος.</span> <span class='ocrx_word' id='word_1_266' title='bbox 294 2151 435 2218; x_wconf 70' lang='grc' dir='ltr'>πρδς</span> <span class='ocrx_word' id='word_1_267' title='bbox 464 2148 582 2209; x_wconf 70' lang='grc' dir='ltr'>ἐνὸς</span> <span class='ocrx_word' id='word_1_268' title='bbox 608 2147 797 2219; x_wconf 73' lang='grc' dir='ltr'>ἀνδρὸς</span> <span class='ocrx_word' id='word_1_269' title='bbox 820 2148 1066 2200; x_wconf 78' lang='grc' dir='ltr'>ἔνστασιν</span> <span class='ocrx_word' id='word_1_270' title='bbox 1093 2146 1323 2215; x_wconf 81' lang='grc' dir='ltr'>ὁρᾶσθαι</span> <span class='ocrx_word' id='word_1_271' title='bbox 1353 2146 1721 2214; x_wconf 77' lang='grc' dir='ltr'>νενικημένον.</span> <span class='ocrx_word' id='word_1_272' title='bbox 1758 2171 1802 2227; x_wconf 71' lang='grc' dir='ltr'><strong>Β</strong></span> <span class='ocrx_word' id='word_1_273' title='bbox 1830 2131 1962 2176; x_wconf 64' lang='grc' dir='ltr'>ηιθ-</span> 
     </span>
    </p>
   </div>
   <div class='ocr_carea' id='block_1_39' title="bbox 219 2231 1727 2303">
    <p class='ocr_par' dir='ltr' id='par_1_39' title="bbox 219 2231 1727 2303">
     <span class='ocr_line' id='line_1_39' title="bbox 219 2231 1727 2303; baseline -0.004 -13"><span class='ocrx_word' id='word_1_274' title='bbox 219 2235 353 2291; x_wconf 81' lang='lat' dir='ltr'><strong>KE’.</strong></span> <span class='ocrx_word' id='word_1_275' title='bbox 402 2235 683 2288; x_wconf 77' lang='grc' dir='ltr'>Ἐντεῦθεν</span> <span class='ocrx_word' id='word_1_276' title='bbox 712 2233 981 2301; x_wconf 73' lang='grc' dir='ltr'>ἀπογνοὺς</span> <span class='ocrx_word' id='word_1_277' title='bbox 1002 2231 1096 2285; x_wconf 84' lang='grc' dir='ltr'>τοῦ</span> <span class='ocrx_word' id='word_1_278' title='bbox 1126 2233 1404 2303; x_wconf 80' lang='grc' dir='ltr'>μάρτυρος</span> <span class='ocrx_word' id='word_1_279' title='bbox 1434 2238 1525 2285; x_wconf 67' lang='grc' dir='ltr'>καὶ</span> <span class='ocrx_word' id='word_1_280' title='bbox 1551 2236 1578 2285; x_wconf 84' lang='grc' dir='ltr'>ὁ</span> <span class='ocrx_word' id='word_1_281' title='bbox 1630 2232 1727 2303; x_wconf 82' lang='grc' dir='ltr'>βα-</span> 
     </span>
    </p>
   </div>
   <div class='ocr_carea' id='block_1_40' title="bbox 151 2317 1729 2396">
    <p class='ocr_par' dir='ltr' id='par_1_40' title="bbox 151 2317 1729 2396">
     <span class='ocr_line' id='line_1_40' title="bbox 151 2317 1729 2396; baseline 0.001 -17"><span class='ocrx_word' id='word_1_282' title='bbox 151 2329 335 2389; x_wconf 65' lang='grc' dir='ltr'>σιλεὺς</span> <span class='ocrx_word' id='word_1_283' title='bbox 372 2328 581 2396; x_wconf 79' lang='grc' dir='ltr'>πέμπει</span> <span class='ocrx_word' id='word_1_284' title='bbox 625 2326 763 2395; x_wconf 73' lang='grc' dir='ltr'>μετὰ</span> <span class='ocrx_word' id='word_1_285' title='bbox 812 2328 1070 2394; x_wconf 73' lang='grc' dir='ltr'>πέμπτην</span> <span class='ocrx_word' id='word_1_286' title='bbox 1119 2326 1214 2379; x_wconf 80' lang='grc' dir='ltr'>καὶ</span> <span class='ocrx_word' id='word_1_287' title='bbox 1243 2317 1478 2393; x_wconf 75' lang='grc' dir='ltr'>δεκάτην</span> <span class='ocrx_word' id='word_1_288' title='bbox 1515 2325 1729 2395; x_wconf 78' lang='grc' dir='ltr'>ἡμέραν</span> 
     </span>
    </p>
   </div>
   <div class='ocr_carea' id='block_1_41' title="bbox 150 2416 1732 2489">
    <p class='ocr_par' dir='ltr' id='par_1_41' title="bbox 150 2416 1732 2489">
     <span class='ocr_line' id='line_1_41' title="bbox 150 2416 1732 2489; baseline -0.003 -17"><span class='ocrx_word' id='word_1_289' title='bbox 150 2421 313 2473; x_wconf 69' lang='grc' dir='ltr'>αὐτόν</span> <span class='ocrx_word' id='word_1_290' title='bbox 348 2436 407 2471; x_wconf 89' lang='grc' dir='ltr'>τε</span> <span class='ocrx_word' id='word_1_291' title='bbox 438 2418 530 2471; x_wconf 72' lang='grc' dir='ltr'>τὸν</span> <span class='ocrx_word' id='word_1_292' title='bbox 567 2416 855 2489; x_wconf 73' lang='grc' dir='ltr'>εἰρημένον</span> <span class='ocrx_word' id='word_1_293' title='bbox 905 2417 1165 2488; x_wconf 77' lang='grc' dir='ltr'>ἄρχοντα,</span> <span class='ocrx_word' id='word_1_294' title='bbox 1200 2417 1294 2471; x_wconf 86' lang='grc' dir='ltr'>καί</span> <span class='ocrx_word' id='word_1_295' title='bbox 1328 2433 1478 2480; x_wconf 87' lang='grc' dir='ltr'>τινας</span> <span class='ocrx_word' id='word_1_296' title='bbox 1514 2417 1732 2486; x_wconf 80' lang='grc' dir='ltr'>ἑτέρους</span> 
     </span>
    </p>
   </div>
   <div class='ocr_carea' id='block_1_42' title="bbox 150 2507 1737 2578">
    <p class='ocr_par' dir='ltr' id='par_1_42' title="bbox 150 2507 1737 2578">
     <span class='ocr_line' id='line_1_42' title="bbox 150 2507 1737 2578; baseline 0 -18"><span class='ocrx_word' id='word_1_297' title='bbox 150 2511 256 2561; x_wconf 79' lang='grc' dir='ltr'>τῶν</span> <span class='ocrx_word' id='word_1_298' title='bbox 284 2509 399 2562; x_wconf 74' lang='grc' dir='ltr'>ὐπὸ</span> <span class='ocrx_word' id='word_1_299' title='bbox 430 2511 590 2578; x_wconf 80' lang='grc' dir='ltr'>χεῖρα</span> <span class='ocrx_word' id='word_1_300' title='bbox 614 2546 630 2572; x_wconf 84' lang='grc'>,</span> <span class='ocrx_word' id='word_1_301' title='bbox 665 2507 804 2560; x_wconf 79' lang='grc' dir='ltr'>ὥστε</span> <span class='ocrx_word' id='word_1_302' title='bbox 831 2508 905 2577; x_wconf 84' lang='grc' dir='ltr'>μὴ</span> <span class='ocrx_word' id='word_1_303' title='bbox 922 2509 1014 2561; x_wconf 72' lang='grc' dir='ltr'>τὸν</span> <span class='ocrx_word' id='word_1_304' title='bbox 1044 2509 1198 2575; x_wconf 80' lang='grc' dir='ltr'>ἅγιον</span> <span class='ocrx_word' id='word_1_305' title='bbox 1233 2509 1415 2577; x_wconf 86' lang='grc' dir='ltr'>μόνον,</span> <span class='ocrx_word' id='word_1_306' title='bbox 1442 2508 1577 2560; x_wconf 80' lang='grc' dir='ltr'>ἀλλὰ</span> <span class='ocrx_word' id='word_1_307' title='bbox 1604 2508 1737 2560; x_wconf 86' lang='grc' dir='ltr'>πολ-</span> 
     </span>
    </p>
   </div>
   <div class='ocr_carea' id='block_1_43' title="bbox 150 2598 1735 2670">
    <p class='ocr_par' dir='ltr' id='par_1_43' title="bbox 150 2598 1735 2670">
     <span class='ocr_line' id='line_1_43' title="bbox 150 2598 1735 2670; baseline -0.001 -18"><span class='ocrx_word' id='word_1_308' title='bbox 150 2602 275 2663; x_wconf 74' lang='grc' dir='ltr'>λοὺς</span> <span class='ocrx_word' id='word_1_309' title='bbox 306 2602 409 2654; x_wconf 75' lang='grc' dir='ltr'>σὺν</span> <span class='ocrx_word' id='word_1_310' title='bbox 437 2600 589 2670; x_wconf 87' lang='grc' dir='ltr'>αὐτῷ</span> <span class='ocrx_word' id='word_1_311' title='bbox 630 2602 725 2653; x_wconf 70' lang='grc' dir='ltr'>καὶ</span> <span class='ocrx_word' id='word_1_312' title='bbox 769 2598 961 2663; x_wconf 78' lang='grc' dir='ltr'>ἄλλους</span> <span class='ocrx_word' id='word_1_313' title='bbox 1012 2600 1373 2669; x_wconf 77' lang='grc' dir='ltr'>Χριστιανοὺς</span> <span class='ocrx_word' id='word_1_314' title='bbox 1407 2599 1634 2654; x_wconf 83' lang='grc' dir='ltr'>ἀνελεῖν.</span> <span class='ocrx_word' id='word_1_315' title='bbox 1671 2600 1735 2653; x_wconf 80' lang='lat' dir='ltr'>Ol</span> 
     </span>
    </p>
   </div>
   <div class='ocr_carea' id='block_1_44' title="bbox 152 2690 1733 2760">
    <p class='ocr_par' dir='ltr' id='par_1_44' title="bbox 152 2690 1733 2760">
     <span class='ocr_line' id='line_1_44' title="bbox 152 2690 1733 2760; baseline 0 -17"><span class='ocrx_word' id='word_1_316' title='bbox 152 2694 206 2744; x_wconf 71' lang='grc' dir='ltr'>δὲ</span> <span class='ocrx_word' id='word_1_317' title='bbox 254 2692 666 2752; x_wconf 82' lang='grc' dir='ltr'>καταλαϐόντες</span> <span class='ocrx_word' id='word_1_318' title='bbox 694 2692 754 2743; x_wconf 76' lang='grc' dir='ltr'>τὸ</span> <span class='ocrx_word' id='word_1_319' title='bbox 782 2691 1173 2760; x_wconf 75' lang='grc' dir='ltr'>δεσμωτήριον,</span> <span class='ocrx_word' id='word_1_320' title='bbox 1228 2690 1550 2744; x_wconf 76' lang='grc' dir='ltr'>ἐκϐάλλουσι</span> <span class='ocrx_word' id='word_1_321' title='bbox 1597 2691 1733 2759; x_wconf 85' lang='grc' dir='ltr'>Χρι-</span> 
     </span>
    </p>
   </div>
   <div class='ocr_carea' id='block_1_45' title="bbox 156 2782 1739 2853">
    <p class='ocr_par' dir='ltr' id='par_1_45' title="bbox 156 2782 1739 2853">
     <span class='ocr_line' id='line_1_45' title="bbox 156 2782 1739 2853; baseline -0.001 -18"><span class='ocrx_word' id='word_1_322' title='bbox 156 2784 414 2846; x_wconf 76' lang='grc' dir='ltr'>στιανοὺς</span> <span class='ocrx_word' id='word_1_323' title='bbox 459 2782 834 2853; x_wconf 69' lang='grc' dir='ltr'>αἰχμαλώτους</span> <span class='ocrx_word' id='word_1_324' title='bbox 862 2783 962 2834; x_wconf 87' lang='grc' dir='ltr'>οὐκ</span> <span class='ocrx_word' id='word_1_325' title='bbox 984 2783 1240 2844; x_wconf 79' lang='grc' dir='ltr'>ἐλάττους</span> <span class='ocrx_word' id='word_1_326' title='bbox 1285 2782 1317 2849; x_wconf 75' lang='grc' dir='ltr'>ἢ</span> <span class='ocrx_word' id='word_1_327' title='bbox 1365 2782 1739 2851; x_wconf 76' lang='grc' dir='ltr'>ἑϐδομήκοντα</span> 
     </span>
    </p>
   </div>
   <div class='ocr_carea' id='block_1_46' title="bbox 158 2866 1736 2944">
    <p class='ocr_par' dir='ltr' id='par_1_46' title="bbox 158 2866 1736 2944">
     <span class='ocr_line' id='line_1_46' title="bbox 158 2866 1736 2944; baseline -0.001 -17"><span class='ocrx_word' id='word_1_328' title='bbox 158 2878 254 2927; x_wconf 68' lang='grc' dir='ltr'>οὖν</span> <span class='ocrx_word' id='word_1_329' title='bbox 284 2874 365 2944; x_wconf 81' lang='grc' dir='ltr'>τῷ</span> <span class='ocrx_word' id='word_1_330' title='bbox 409 2876 673 2944; x_wconf 74' lang='grc' dir='ltr'>μάρτυρι,</span> <span class='ocrx_word' id='word_1_331' title='bbox 697 2875 813 2943; x_wconf 81' lang='grc' dir='ltr'>μεθ’</span> <span class='ocrx_word' id='word_1_332' title='bbox 836 2866 910 2925; x_wconf 82' lang='grc' dir='ltr'>ὧν</span> <span class='ocrx_word' id='word_1_333' title='bbox 944 2875 1033 2925; x_wconf 71' lang='grc' dir='ltr'>καὶ</span> <span class='ocrx_word' id='word_1_334' title='bbox 1063 2874 1111 2924; x_wconf 88' lang='grc' dir='ltr'>οἱ</span> <span class='ocrx_word' id='word_1_335' title='bbox 1140 2872 1238 2942; x_wconf 83' lang='grc' dir='ltr'>τὴν</span> <span class='ocrx_word' id='word_1_336' title='bbox 1268 2872 1438 2942; x_wconf 80' lang='grc' dir='ltr'>αὐτὴν</span> <span class='ocrx_word' id='word_1_337' title='bbox 1477 2872 1736 2925; x_wconf 78' lang='grc' dir='ltr'>Ἀναστα-</span> 
     </span>
    </p>
   </div>
   <div class='ocr_carea' id='block_1_47' title="bbox 157 2963 1741 3036">
    <p class='ocr_par' dir='ltr' id='par_1_47' title="bbox 157 2963 1741 3036">
     <span class='ocr_line' id='line_1_47' title="bbox 157 2963 1741 3036; baseline -0.001 -17"><span class='ocrx_word' id='word_1_338' title='bbox 157 2970 259 3036; x_wconf 79' lang='grc' dir='ltr'>σξῳ</span> <span class='ocrx_word' id='word_1_339' title='bbox 287 2964 545 3035; x_wconf 77' lang='grc' dir='ltr'>φυλακὴν</span> <span class='ocrx_word' id='word_1_340' title='bbox 570 2967 628 3015; x_wconf 83' lang='grc' dir='ltr'>ὲν</span> <span class='ocrx_word' id='word_1_341' title='bbox 676 2964 982 3033; x_wconf 76' lang='grc' dir='ltr'>Καισαρείᾳ</span> <span class='ocrx_word' id='word_1_342' title='bbox 1038 2964 1461 3033; x_wconf 81' lang='grc' dir='ltr'>κατακριθέντες</span> <span class='ocrx_word' id='word_1_343' title='bbox 1512 2966 1606 3017; x_wconf 78' lang='grc' dir='ltr'>καὶ</span> <span class='ocrx_word' id='word_1_344' title='bbox 1639 2963 1741 3033; x_wconf 86' lang='grc' dir='ltr'>τῆς</span> 
     </span>
    </p>
   </div>
   <div class='ocr_carea' id='block_1_48' title="bbox 158 3054 1743 3127">
    <p class='ocr_par' dir='ltr' id='par_1_48' title="bbox 158 3054 1743 3127">
     <span class='ocr_line' id='line_1_48' title="bbox 158 3054 1743 3127; baseline 0 -18"><span class='ocrx_word' id='word_1_345' title='bbox 158 3060 466 3127; x_wconf 73' lang='grc' dir='ltr'>σφραγῖδος</span> <span class='ocrx_word' id='word_1_346' title='bbox 509 3055 659 3124; x_wconf 82' lang='grc' dir='ltr'>αὐτῷ</span> <span class='ocrx_word' id='word_1_347' title='bbox 698 3058 792 3108; x_wconf 69' lang='grc' dir='ltr'>καὶ</span> <span class='ocrx_word' id='word_1_348' title='bbox 848 3057 946 3125; x_wconf 77' lang='grc' dir='ltr'>τῆς</span> <span class='ocrx_word' id='word_1_349' title='bbox 1007 3054 1128 3109; x_wconf 74' lang='grc' dir='ltr'>ὁδοῦ</span> <span class='ocrx_word' id='word_1_350' title='bbox 1180 3058 1610 3127; x_wconf 82' lang='grc' dir='ltr'>κοινωνήσαντες</span> <span class='ocrx_word' id='word_1_351' title='bbox 1648 3056 1743 3110; x_wconf 85' lang='grc' dir='ltr'>δύο</span> 
     </span>
    </p>
   </div>
   <div class='ocr_carea' id='block_1_49' title="bbox 156 3146 1743 3219">
    <p class='ocr_par' dir='ltr' id='par_1_49' title="bbox 156 3146 1743 3219">
     <span class='ocr_line' id='line_1_49' title="bbox 156 3146 1743 3219; baseline -0.003 -16"><span class='ocrx_word' id='word_1_352' title='bbox 156 3152 355 3219; x_wconf 67' lang='grc' dir='ltr'>ἆρδρες</span> <span class='ocrx_word' id='word_1_353' title='bbox 394 3149 718 3218; x_wconf 65' lang='grc' dir='ltr'>ἐτύγχανον,</span> <span class='ocrx_word' id='word_1_354' title='bbox 759 3147 850 3210; x_wconf 80' lang='grc' dir='ltr'>οὓς</span> <span class='ocrx_word' id='word_1_355' title='bbox 891 3147 986 3200; x_wconf 68' lang='grc' dir='ltr'>καὶ</span> <span class='ocrx_word' id='word_1_356' title='bbox 1025 3148 1117 3200; x_wconf 69' lang='grc' dir='ltr'>τοῦ</span> <span class='ocrx_word' id='word_1_357' title='bbox 1155 3148 1257 3216; x_wconf 77' lang='grc' dir='ltr'>τῆς</span> <span class='ocrx_word' id='word_1_358' title='bbox 1287 3146 1607 3216; x_wconf 84' lang='grc' dir='ltr'>Βετσαλώης</span> <span class='ocrx_word' id='word_1_359' title='bbox 1654 3147 1743 3213; x_wconf 76' lang='grc' dir='ltr'>ἐξ·</span> 
     </span>
    </p>
   </div>
   <div class='ocr_carea' id='block_1_50' title="bbox 158 3233 1746 3311">
    <p class='ocr_par' dir='ltr' id='par_1_50' title="bbox 158 3233 1746 3311">
     <span class='ocr_line' id='line_1_50' title="bbox 158 3233 1746 3311; baseline -0.004 -16"><span class='ocrx_word' id='word_1_360' title='bbox 158 3246 470 3310; x_wconf 62' lang='grc' dir='ltr'>αγαγόντες</span> <span class='ocrx_word' id='word_1_361' title='bbox 499 3242 724 3311; x_wconf 83' lang='grc' dir='ltr'>χωρίου,</span> <span class='ocrx_word' id='word_1_362' title='bbox 744 3243 802 3293; x_wconf 83' lang='grc' dir='ltr'>ὲν</span> <span class='ocrx_word' id='word_1_363' title='bbox 830 3233 873 3306; x_wconf 77' lang='grc' dir='ltr'><strong>ᾧ</strong></span> <span class='ocrx_word' id='word_1_364' title='bbox 901 3242 994 3292; x_wconf 71' lang='grc' dir='ltr'>καὶ</span> <span class='ocrx_word' id='word_1_365' title='bbox 1017 3239 1077 3291; x_wconf 85' lang='grc' dir='ltr'>τὸ</span> <span class='ocrx_word' id='word_1_366' title='bbox 1120 3239 1493 3310; x_wconf 83' lang='grc' dir='ltr'>δεσμωτήριον</span> <span class='ocrx_word' id='word_1_367' title='bbox 1546 3239 1746 3309; x_wconf 68' lang='grc' dir='ltr'>ᾠκοδο-</span> 
     </span>
    </p>
   </div>
   <div class='ocr_carea' id='block_1_51' title="bbox 162 3326 1746 3403">
    <p class='ocr_par' dir='ltr' id='par_1_51' title="bbox 162 3326 1746 3403">
     <span class='ocr_line' id='line_1_51' title="bbox 162 3326 1746 3403; baseline -0.004 -16"><span class='ocrx_word' id='word_1_368' title='bbox 162 3350 305 3403; x_wconf 74' lang='grc' dir='ltr'>μητο</span> <span class='ocrx_word' id='word_1_369' title='bbox 324 3376 338 3395; x_wconf 83' lang='grc'>,</span> <span class='ocrx_word' id='word_1_370' title='bbox 379 3334 479 3385; x_wconf 72' lang='grc' dir='ltr'>καὶ</span> <span class='ocrx_word' id='word_1_371' title='bbox 520 3334 726 3393; x_wconf 72' lang='grc' dir='ltr'>πάντας</span> <span class='ocrx_word' id='word_1_372' title='bbox 756 3331 890 3400; x_wconf 71' lang='grc' dir='ltr'>πρὸς</span> <span class='ocrx_word' id='word_1_373' title='bbox 921 3330 996 3398; x_wconf 83' lang='grc' dir='ltr'>τῷ</span> <span class='ocrx_word' id='word_1_374' title='bbox 1025 3330 1257 3399; x_wconf 82' lang='grc' dir='ltr'>ποταμῷ</span> <span class='ocrx_word' id='word_1_375' title='bbox 1291 3326 1746 3398; x_wconf 71' lang='grc' dir='ltr'>στήσαντες,εἷτα</span> 
     </span>
    </p>
   </div>
   <div class='ocr_carea' id='block_1_52' title="bbox 1904 2235 3411 2306">
    <p class='ocr_par' dir='ltr' id='par_1_52' title="bbox 1904 2235 3411 2306">
     <span class='ocr_line' id='line_1_52' title="bbox 1904 2235 3411 2306; baseline -0.005 -11"><span class='ocrx_word' id='word_1_376' title='bbox 1904 2240 2073 2295; x_wconf 73' lang='lat' dir='ltr'><strong>XXV.</strong></span> <span class='ocrx_word' id='word_1_377' title='bbox 2104 2238 2243 2293; x_wconf 81' lang='lat' dir='ltr'>Hinc</span> <span class='ocrx_word' id='word_1_378' title='bbox 2286 2253 2407 2293; x_wconf 88' lang='lat' dir='ltr'>cum</span> <span class='ocrx_word' id='word_1_379' title='bbox 2442 2252 2659 2292; x_wconf 89' lang='lat' dir='ltr'>omnem</span> <span class='ocrx_word' id='word_1_380' title='bbox 2693 2252 2843 2306; x_wconf 88' lang='lat' dir='ltr'>spem</span> <span class='ocrx_word' id='word_1_381' title='bbox 2876 2235 3166 2305; x_wconf 82' lang='lat' dir='ltr'>superandi</span> <span class='ocrx_word' id='word_1_382' title='bbox 3204 2245 3411 2303; x_wconf 69' lang='lat' dir='ltr'>marty-</span> 
     </span>
    </p>
   </div>
   <div class='ocr_carea' id='block_1_53' title="bbox 1840 2327 3409 2399">
    <p class='ocr_par' dir='ltr' id='par_1_53' title="bbox 1840 2327 3409 2399">
     <span class='ocr_line' id='line_1_53' title="bbox 1840 2327 3409 2399; baseline -0.005 -12"><span class='ocrx_word' id='word_1_383' title='bbox 1840 2334 1915 2388; x_wconf 79' lang='lat' dir='ltr'>ris</span> <span class='ocrx_word' id='word_1_384' title='bbox 1963 2348 2059 2387; x_wconf 80' lang='lat' dir='ltr'>rex</span> <span class='ocrx_word' id='word_1_385' title='bbox 2108 2332 2429 2399; x_wconf 83' lang='lat' dir='ltr'>abjecisset,</span> <span class='ocrx_word' id='word_1_386' title='bbox 2480 2330 2647 2383; x_wconf 82' lang='lat' dir='ltr'>mittit</span> <span class='ocrx_word' id='word_1_387' title='bbox 2680 2337 2799 2398; x_wconf 83' lang='lat' dir='ltr'>post</span> <span class='ocrx_word' id='word_1_388' title='bbox 2842 2327 3113 2382; x_wconf 86' lang='lat' dir='ltr'>decimum</span> <span class='ocrx_word' id='word_1_389' title='bbox 3158 2328 3409 2396; x_wconf 84' lang='lat' dir='ltr'>quintum</span> 
     </span>
    </p>
   </div>
   <div class='ocr_carea' id='block_1_54' title="bbox 1837 2418 3411 2490">
    <p class='ocr_par' dir='ltr' id='par_1_54' title="bbox 1837 2418 3411 2490">
     <span class='ocr_line' id='line_1_54' title="bbox 1837 2418 3411 2490; baseline -0.006 -9"><span class='ocrx_word' id='word_1_390' title='bbox 1837 2426 1981 2481; x_wconf 82' lang='lat' dir='ltr'>diem</span> <span class='ocrx_word' id='word_1_391' title='bbox 2016 2433 2071 2479; x_wconf 89' lang='lat' dir='ltr'>et</span> <span class='ocrx_word' id='word_1_392' title='bbox 2112 2425 2318 2478; x_wconf 90' lang='lat' dir='ltr'>dictum</span> <span class='ocrx_word' id='word_1_393' title='bbox 2365 2424 2745 2490; x_wconf 79' lang='lat' dir='ltr'>magistratum</span> <span class='ocrx_word' id='word_1_394' title='bbox 2774 2430 2831 2474; x_wconf 90' lang='lat' dir='ltr'>et</span> <span class='ocrx_word' id='word_1_395' title='bbox 2861 2420 3126 2489; x_wconf 89' lang='lat' dir='ltr'>quosdam</span> <span class='ocrx_word' id='word_1_396' title='bbox 3176 2418 3313 2471; x_wconf 91' lang='lat' dir='ltr'>alios</span> <span class='ocrx_word' id='word_1_397' title='bbox 3342 2434 3411 2471; x_wconf 67' lang='lat' dir='ltr'>ex</span> 
     </span>
    </p>
   </div>
   <div class='ocr_carea' id='block_1_55' title="bbox 1833 2509 3411 2585">
    <p class='ocr_par' dir='ltr' id='par_1_55' title="bbox 1833 2509 3411 2585">
     <span class='ocr_line' id='line_1_55' title="bbox 1833 2509 3411 2585; baseline -0.006 -15"><span class='ocrx_word' id='word_1_398' title='bbox 1833 2516 2087 2577; x_wconf 85' lang='lat' dir='ltr'>subditis,</span> <span class='ocrx_word' id='word_1_399' title='bbox 2112 2522 2172 2567; x_wconf 89' lang='lat' dir='ltr'>ut</span> <span class='ocrx_word' id='word_1_400' title='bbox 2200 2528 2312 2567; x_wconf 88' lang='lat' dir='ltr'>non</span> <span class='ocrx_word' id='word_1_401' title='bbox 2343 2512 2519 2566; x_wconf 84' lang='lat' dir='ltr'>solum</span> <span class='ocrx_word' id='word_1_402' title='bbox 2545 2522 2814 2574; x_wconf 86' lang='lat' dir='ltr'>sanctum,</span> <span class='ocrx_word' id='word_1_403' title='bbox 2842 2510 2937 2585; x_wconf 77' lang='lat' dir='ltr'>sed</span> <span class='ocrx_word' id='word_1_404' title='bbox 2968 2509 3167 2562; x_wconf 88' lang='lat' dir='ltr'>multos</span> <span class='ocrx_word' id='word_1_405' title='bbox 3193 2524 3411 2576; x_wconf 73' lang='lat' dir='ltr'>quoque</span> 
     </span>
    </p>
   </div>
   <div class='ocr_carea' id='block_1_56' title="bbox 1834 2600 3410 2662">
    <p class='ocr_par' dir='ltr' id='par_1_56' title="bbox 1834 2600 3410 2662">
     <span class='ocr_line' id='line_1_56' title="bbox 1834 2600 3410 2662; baseline -0.007 0"><span class='ocrx_word' id='word_1_406' title='bbox 1834 2608 1971 2662; x_wconf 87' lang='lat' dir='ltr'>alios</span> <span class='ocrx_word' id='word_1_407' title='bbox 1995 2606 2336 2661; x_wconf 86' lang='lat' dir='ltr'>Christianos</span> <span class='ocrx_word' id='word_1_408' title='bbox 2376 2619 2499 2657; x_wconf 90' lang='lat' dir='ltr'>cum</span> <span class='ocrx_word' id='word_1_409' title='bbox 2540 2617 2607 2657; x_wconf 92' lang='lat' dir='ltr'>co</span> <span class='ocrx_word' id='word_1_410' title='bbox 2652 2602 3053 2656; x_wconf 85' lang='lat' dir='ltr'>interimerent.</span> <span class='ocrx_word' id='word_1_411' title='bbox 3106 2600 3186 2653; x_wconf 87' lang='lat' dir='ltr'>Illi</span> <span class='ocrx_word' id='word_1_412' title='bbox 3229 2612 3410 2653; x_wconf 85' lang='lat' dir='ltr'>autem</span> 
     </span>
    </p>
   </div>
   <div class='ocr_carea' id='block_1_57' title="bbox 1832 2688 3412 2760">
    <p class='ocr_par' dir='ltr' id='par_1_57' title="bbox 1832 2688 3412 2760">
     <span class='ocr_line' id='line_1_57' title="bbox 1832 2688 3412 2760; baseline -0.009 -6"><span class='ocrx_word' id='word_1_413' title='bbox 1832 2714 1957 2754; x_wconf 85' lang='lat' dir='ltr'>cum</span> <span class='ocrx_word' id='word_1_414' title='bbox 1986 2697 2268 2751; x_wconf 83' lang='lat' dir='ltr'>venissent</span> <span class='ocrx_word' id='word_1_415' title='bbox 2311 2694 2364 2747; x_wconf 89' lang='lat' dir='ltr'>in</span> <span class='ocrx_word' id='word_1_416' title='bbox 2396 2708 2694 2755; x_wconf 90' lang='lat' dir='ltr'>carcerem,</span> <span class='ocrx_word' id='word_1_417' title='bbox 2745 2690 3025 2760; x_wconf 81' lang='lat' dir='ltr'>expellunt</span> <span class='ocrx_word' id='word_1_418' title='bbox 3067 2688 3412 2744; x_wconf 80' lang='lat' dir='ltr'>Christianos</span> 
     </span>
    </p>
   </div>
   <div class='ocr_carea' id='block_1_58' title="bbox 1834 2784 3411 2861">
    <p class='ocr_par' dir='ltr' id='par_1_58' title="bbox 1834 2784 3411 2861">
     <span class='ocr_line' id='line_1_58' title="bbox 1834 2784 3411 2861; baseline -0.01 -13"><span class='ocrx_word' id='word_1_419' title='bbox 1834 2792 2078 2861; x_wconf 88' lang='lat' dir='ltr'>captivos</span> <span class='ocrx_word' id='word_1_420' title='bbox 2111 2805 2221 2844; x_wconf 89' lang='lat' dir='ltr'>non</span> <span class='ocrx_word' id='word_1_421' title='bbox 2268 2788 2577 2858; x_wconf 86' lang='lat' dir='ltr'>pauciores,</span> <span class='ocrx_word' id='word_1_422' title='bbox 2640 2800 2805 2853; x_wconf 90' lang='lat' dir='ltr'>quam</span> <span class='ocrx_word' id='word_1_423' title='bbox 2874 2784 3217 2854; x_wconf 76' lang='lat' dir='ltr'>septuaginta</span> <span class='ocrx_word' id='word_1_424' title='bbox 3244 2824 3258 2846; x_wconf 91' lang='lat'>,</span> <span class='ocrx_word' id='word_1_425' title='bbox 3304 2797 3411 2835; x_wconf 82' lang='lat' dir='ltr'>una</span> 
     </span>
    </p>
   </div>
   <div class='ocr_carea' id='block_1_59' title="bbox 1834 2873 3413 2951">
    <p class='ocr_par' dir='ltr' id='par_1_59' title="bbox 1834 2873 3413 2951">
     <span class='ocr_line' id='line_1_59' title="bbox 1834 2873 3413 2951; baseline -0.009 -11"><span class='ocrx_word' id='word_1_426' title='bbox 1834 2901 1957 2940; x_wconf 91' lang='lat' dir='ltr'>cum</span> <span class='ocrx_word' id='word_1_427' title='bbox 2007 2893 2243 2951; x_wconf 77' lang='lat' dir='ltr'>martyre</span> <span class='ocrx_word' id='word_1_428' title='bbox 2279 2897 2295 2935; x_wconf 85' lang='lat'><strong>:</strong></span> <span class='ocrx_word' id='word_1_429' title='bbox 2333 2894 2458 2935; x_wconf 87' lang='lat' dir='ltr'>cum</span> <span class='ocrx_word' id='word_1_430' title='bbox 2501 2878 2701 2946; x_wconf 85' lang='lat' dir='ltr'>quibus</span> <span class='ocrx_word' id='word_1_431' title='bbox 2744 2886 2903 2930; x_wconf 85' lang='lat' dir='ltr'>erant</span> <span class='ocrx_word' id='word_1_432' title='bbox 2944 2877 2979 2930; x_wconf 92' lang='lat' dir='ltr'>ii</span> <span class='ocrx_word' id='word_1_433' title='bbox 3028 2887 3246 2943; x_wconf 83' lang='lat' dir='ltr'>quoque</span> <span class='ocrx_word' id='word_1_434' title='bbox 3319 2873 3413 2941; x_wconf 67' lang='lat' dir='ltr'>qni</span> 
     </span>
    </p>
   </div>
   <div class='ocr_carea' id='block_1_60' title="bbox 1837 2966 3414 3030">
    <p class='ocr_par' dir='ltr' id='par_1_60' title="bbox 1837 2966 3414 3030">
     <span class='ocr_line' id='line_1_60' title="bbox 1837 2966 3414 3030; baseline -0.009 -1"><span class='ocrx_word' id='word_1_435' title='bbox 1837 2990 1960 3030; x_wconf 90' lang='lat' dir='ltr'>cum</span> <span class='ocrx_word' id='word_1_436' title='bbox 1984 2972 2276 3026; x_wconf 83' lang='lat' dir='ltr'>Anastasio</span> <span class='ocrx_word' id='word_1_437' title='bbox 2301 2968 2565 3023; x_wconf 65' lang='lat' dir='ltr'>Caesarem</span> <span class='ocrx_word' id='word_1_438' title='bbox 2594 2967 2836 3021; x_wconf 88' lang='lat' dir='ltr'>damnati</span> <span class='ocrx_word' id='word_1_439' title='bbox 2873 2968 3090 3019; x_wconf 82' lang='lat' dir='ltr'>fuerant</span> <span class='ocrx_word' id='word_1_440' title='bbox 3120 2966 3187 3017; x_wconf 86' lang='lat' dir='ltr'>ad</span> <span class='ocrx_word' id='word_1_441' title='bbox 3228 2972 3414 3017; x_wconf 85' lang='lat' dir='ltr'>custo-</span> 
     </span>
    </p>
   </div>
   <div class='ocr_carea' id='block_1_61' title="bbox 1838 3060 3367 3135">
    <p class='ocr_par' dir='ltr' id='par_1_61' title="bbox 1838 3060 3367 3135">
     <span class='ocr_line' id='line_1_61' title="bbox 1838 3060 3367 3135; baseline -0.006 -16"><span class='ocrx_word' id='word_1_442' title='bbox 1838 3068 2001 3129; x_wconf 69' lang='lat' dir='ltr'>ciam,</span> <span class='ocrx_word' id='word_1_443' title='bbox 2040 3064 2409 3135; x_wconf 86' lang='lat' dir='ltr'>signaculique</span> <span class='ocrx_word' id='word_1_444' title='bbox 2442 3071 2496 3115; x_wconf 87' lang='lat' dir='ltr'>et</span> <span class='ocrx_word' id='word_1_445' title='bbox 2527 3061 2865 3115; x_wconf 79' lang='lat' dir='ltr'>vinculorum</span> <span class='ocrx_word' id='word_1_446' title='bbox 2899 3060 3115 3113; x_wconf 87' lang='lat' dir='ltr'>fuerant</span> <span class='ocrx_word' id='word_1_447' title='bbox 3150 3060 3196 3112; x_wconf 87' lang='lat' dir='ltr'>ei</span> <span class='ocrx_word' id='word_1_448' title='bbox 3236 3060 3367 3111; x_wconf 76' lang='lat' dir='ltr'>socii</span> 
     </span>
    </p>
   </div>
   <div class='ocr_carea' id='block_1_62' title="bbox 1839 3149 3416 3227">
    <p class='ocr_par' dir='ltr' id='par_1_62' title="bbox 1839 3149 3416 3227">
     <span class='ocr_line' id='line_1_62' title="bbox 1839 3149 3416 3227; baseline -0.008 -16"><span class='ocrx_word' id='word_1_449' title='bbox 1839 3172 1978 3227; x_wconf 90' lang='lat' dir='ltr'>quos</span> <span class='ocrx_word' id='word_1_450' title='bbox 2009 3172 2134 3210; x_wconf 89' lang='lat' dir='ltr'>cum</span> <span class='ocrx_word' id='word_1_451' title='bbox 2179 3156 2498 3209; x_wconf 79' lang='lat' dir='ltr'>eduxissent</span> <span class='ocrx_word' id='word_1_452' title='bbox 2528 3168 2594 3206; x_wconf 82' lang='lat' dir='ltr'>ex</span> <span class='ocrx_word' id='word_1_453' title='bbox 2641 3150 2844 3220; x_wconf 67' lang='lat' dir='ltr'>prwdio</span> <span class='ocrx_word' id='word_1_454' title='bbox 2876 3149 3177 3211; x_wconf 86' lang='lat' dir='ltr'>Betsaloes,</span> <span class='ocrx_word' id='word_1_455' title='bbox 3214 3150 3267 3202; x_wconf 90' lang='lat' dir='ltr'>in</span> <span class='ocrx_word' id='word_1_456' title='bbox 3306 3163 3416 3217; x_wconf 88' lang='lat' dir='ltr'>quo</span> 
     </span>
    </p>
   </div>
   <div class='ocr_carea' id='block_1_63' title="bbox 1843 3241 3414 3306">
    <p class='ocr_par' dir='ltr' id='par_1_63' title="bbox 1843 3241 3414 3306">
     <span class='ocr_line' id='line_1_63' title="bbox 1843 3241 3414 3306; baseline -0.006 -4"><span class='ocrx_word' id='word_1_457' title='bbox 1843 3250 2021 3302; x_wconf 81' lang='lat' dir='ltr'>fuerat</span> <span class='ocrx_word' id='word_1_458' title='bbox 2046 3263 2233 3301; x_wconf 86' lang='lat' dir='ltr'>carcer</span> <span class='ocrx_word' id='word_1_459' title='bbox 2264 3245 2564 3299; x_wconf 65' lang='lat' dir='ltr'>aedificatus</span> <span class='ocrx_word' id='word_1_460' title='bbox 2589 3282 2605 3306; x_wconf 91' lang='lat'>,</span> <span class='ocrx_word' id='word_1_461' title='bbox 2631 3252 2687 3297; x_wconf 91' lang='lat' dir='ltr'>et</span> <span class='ocrx_word' id='word_1_462' title='bbox 2719 3243 2785 3295; x_wconf 90' lang='lat' dir='ltr'>ad</span> <span class='ocrx_word' id='word_1_463' title='bbox 2815 3242 3036 3294; x_wconf 83' lang='lat' dir='ltr'>fluvium</span> <span class='ocrx_word' id='word_1_464' title='bbox 3074 3241 3414 3302; x_wconf 59' lang='lat' dir='ltr'>statuissent,</span> 
     </span>
    </p>
   </div>
   <div class='ocr_carea' id='block_1_64' title="bbox 1844 3330 3415 3408">
    <p class='ocr_par' dir='ltr' id='par_1_64' title="bbox 1844 3330 3415 3408">
     <span class='ocr_line' id='line_1_64' title="bbox 1844 3330 3415 3408; baseline -0.008 -15"><span class='ocrx_word' id='word_1_465' title='bbox 1844 3355 1942 3395; x_wconf 84' lang='lat' dir='ltr'>eos</span> <span class='ocrx_word' id='word_1_466' title='bbox 1987 3338 2299 3408; x_wconf 79' lang='lat' dir='ltr'>singulatim</span> <span class='ocrx_word' id='word_1_467' title='bbox 2345 3336 2652 3390; x_wconf 88' lang='lat' dir='ltr'>dividentes</span> <span class='ocrx_word' id='word_1_468' title='bbox 2705 3342 2761 3388; x_wconf 89' lang='lat' dir='ltr'>et</span> <span class='ocrx_word' id='word_1_469' title='bbox 2811 3348 2999 3387; x_wconf 89' lang='lat' dir='ltr'>eorum</span> <span class='ocrx_word' id='word_1_470' title='bbox 3045 3331 3186 3384; x_wconf 88' lang='lat' dir='ltr'>collo</span> <span class='ocrx_word' id='word_1_471' title='bbox 3230 3330 3415 3383; x_wconf 86' lang='lat' dir='ltr'>funem</span> 
     </span>
    </p>
   </div>
   <div class='ocr_carea' id='block_1_65' title="bbox 158 3406 1741 3499">
    <p class='ocr_par' dir='ltr' id='par_1_65' title="bbox 158 3420 1741 3497">
     <span class='ocr_line' id='line_1_65' title="bbox 158 3420 1741 3497; baseline -0.008 -16"><span class='ocrx_word' id='word_1_472' title='bbox 158 3428 287 3481; x_wconf 67' lang='grc' dir='ltr'>καθ’</span> <span class='ocrx_word' id='word_1_473' title='bbox 320 3428 421 3479; x_wconf 76' lang='grc' dir='ltr'>ἕνα</span> <span class='ocrx_word' id='word_1_474' title='bbox 448 3423 784 3497; x_wconf 75' lang='grc' dir='ltr'>διαιροῦντες</span> <span class='ocrx_word' id='word_1_475' title='bbox 809 3462 824 3483; x_wconf 89' lang='grc'>,</span> <span class='ocrx_word' id='word_1_476' title='bbox 855 3422 1064 3493; x_wconf 81' lang='grc' dir='ltr'>σχοῖνόν</span> <span class='ocrx_word' id='word_1_477' title='bbox 1091 3438 1151 3472; x_wconf 84' lang='grc' dir='ltr'>τε</span> <span class='ocrx_word' id='word_1_478' title='bbox 1175 3420 1354 3474; x_wconf 81' lang='grc' dir='ltr'>αὐτῶν</span> <span class='ocrx_word' id='word_1_479' title='bbox 1382 3421 1460 3491; x_wconf 84' lang='grc' dir='ltr'>τῷ</span> <span class='ocrx_word' id='word_1_480' title='bbox 1485 3420 1741 3490; x_wconf 77' lang='grc' dir='ltr'>τραχήλῳ</span> 
     </span>
    </p>
   </div>
   <div class='ocr_carea' id='block_1_66' title="bbox 1842 3406 3420 3499">
    <p class='ocr_par' dir='ltr' id='par_1_66' title="bbox 1848 3424 3420 3499">
     <span class='ocr_line' id='line_1_66' title="bbox 1848 3424 3420 3499; baseline -0.006 -15"><span class='ocrx_word' id='word_1_481' title='bbox 1848 3431 2177 3499; x_wconf 82' lang='lat' dir='ltr'>injicientes.</span> <span class='ocrx_word' id='word_1_482' title='bbox 2241 3438 2297 3482; x_wconf 87' lang='lat' dir='ltr'>et</span> <span class='ocrx_word' id='word_1_483' title='bbox 2337 3429 2721 3481; x_wconf 89' lang='lat' dir='ltr'>miserabiliter</span> <span class='ocrx_word' id='word_1_484' title='bbox 2759 3437 2886 3480; x_wconf 84' lang='lat' dir='ltr'>ante</span> <span class='ocrx_word' id='word_1_485' title='bbox 2927 3428 3118 3480; x_wconf 87' lang='lat' dir='ltr'>oculos</span> <span class='ocrx_word' id='word_1_486' title='bbox 3168 3424 3420 3492; x_wconf 71' lang='lat' dir='ltr'>martyris</span> 
     </span>
    </p>
   </div>
   <div class='ocr_carea' id='block_1_67' title="bbox 158 3512 1744 3587">
    <p class='ocr_par' dir='ltr' id='par_1_67' title="bbox 158 3512 1744 3587">
     <span class='ocr_line' id='line_1_67' title="bbox 158 3512 1744 3587; baseline -0.003 -19"><span class='ocrx_word' id='word_1_487' title='bbox 158 3518 534 3587; x_wconf 65' lang='grc' dir='ltr'>ἐμϐάλλοντες</span> <span class='ocrx_word' id='word_1_488' title='bbox 572 3556 587 3579; x_wconf 95' lang='grc'>,</span> <span class='ocrx_word' id='word_1_489' title='bbox 616 3514 712 3568; x_wconf 59' lang='grc' dir='ltr'>καὶ⁵</span> <span class='ocrx_word' id='word_1_490' title='bbox 733 3514 901 3577; x_wconf 75' lang='grc' dir='ltr'>οὓτως</span> <span class='ocrx_word' id='word_1_491' title='bbox 928 3512 1174 3575; x_wconf 73' lang='grc' dir='ltr'>ἐλεεινῶς</span> <span class='ocrx_word' id='word_1_492' title='bbox 1202 3512 1306 3565; x_wconf 77' lang='grc' dir='ltr'>ὑπὸ</span> <span class='ocrx_word' id='word_1_493' title='bbox 1337 3515 1449 3578; x_wconf 82' lang='grc' dir='ltr'>τοῖς</span> <span class='ocrx_word' id='word_1_494' title='bbox 1475 3512 1566 3565; x_wconf 78' lang='grc' dir='ltr'>τοῦ</span> <span class='ocrx_word' id='word_1_495' title='bbox 1601 3514 1744 3582; x_wconf 84' lang='grc' dir='ltr'>μάρ-</span> 
     </span>
    </p>
   </div>
   <div class='ocr_carea' id='block_1_68' title="bbox 157 3602 1745 3676">
    <p class='ocr_par' dir='ltr' id='par_1_68' title="bbox 157 3602 1745 3676">
     <span class='ocr_line' id='line_1_68' title="bbox 157 3602 1745 3676; baseline -0.003 -16"><span class='ocrx_word' id='word_1_496' title='bbox 157 3626 329 3676; x_wconf 77' lang='grc' dir='ltr'>τυρος</span> <span class='ocrx_word' id='word_1_497' title='bbox 364 3607 670 3676; x_wconf 53' lang='grc' dir='ltr'>ὀφθαλμοῖς</span> <span class='ocrx_word' id='word_1_498' title='bbox 712 3605 1125 3672; x_wconf 75' lang='grc' dir='ltr'>ἀποπνίγοντες,</span> <span class='ocrx_word' id='word_1_499' title='bbox 1172 3602 1429 3672; x_wconf 73' lang='grc' dir='ltr'>ἐπέλεγον</span> <span class='ocrx_word' id='word_1_500' title='bbox 1468 3602 1587 3656; x_wconf 80' lang='grc' dir='ltr'>καθ’</span> <span class='ocrx_word' id='word_1_501' title='bbox 1619 3606 1745 3656; x_wconf 76' lang='grc' dir='ltr'>ἐκα-</span> 
     </span>
    </p>
   </div>
   <div class='ocr_carea' id='block_1_69' title="bbox 163 3690 1747 3768">
    <p class='ocr_par' dir='ltr' id='par_1_69' title="bbox 163 3690 1747 3768">
     <span class='ocr_line' id='line_1_69' title="bbox 163 3690 1747 3768; baseline -0.006 -14"><span class='ocrx_word' id='word_1_502' title='bbox 163 3719 296 3754; x_wconf 84' lang='grc' dir='ltr'>στον</span> <span class='ocrx_word' id='word_1_503' title='bbox 337 3699 418 3768; x_wconf 84' lang='grc' dir='ltr'>τῷ</span> <span class='ocrx_word' id='word_1_504' title='bbox 460 3698 602 3767; x_wconf 80' lang='grc' dir='ltr'>ἁγίῳ</span> <span class='ocrx_word' id='word_1_505' title='bbox 674 3696 827 3749; x_wconf 88' lang='grc' dir='ltr'>Διατί</span> <span class='ocrx_word' id='word_1_506' title='bbox 877 3694 1053 3758; x_wconf 85' lang='grc' dir='ltr'>θέλεις</span> <span class='ocrx_word' id='word_1_507' title='bbox 1103 3694 1178 3759; x_wconf 86' lang='grc' dir='ltr'>ὡς</span> <span class='ocrx_word' id='word_1_508' title='bbox 1206 3690 1285 3757; x_wconf 71' lang='grc' dir='ltr'>εἷς</span> <span class='ocrx_word' id='word_1_509' title='bbox 1312 3693 1515 3748; x_wconf 86' lang='grc' dir='ltr'>τούτων</span> <span class='ocrx_word' id='word_1_510' title='bbox 1556 3692 1747 3763; x_wconf 88' lang='grc' dir='ltr'>βιαίως</span> 
     </span>
    </p>
   </div>
   <div class='ocr_carea' id='block_1_70' title="bbox 160 3786 1747 3861">
    <p class='ocr_par' dir='ltr' id='par_1_70' title="bbox 160 3786 1747 3861">
     <span class='ocr_line' id='line_1_70' title="bbox 160 3786 1747 3861; baseline -0.005 -15"><span class='ocrx_word' id='word_1_511' title='bbox 160 3790 551 3861; x_wconf 78' lang='grc' dir='ltr'>ἀναιρεθῆναι,</span> <span class='ocrx_word' id='word_1_512' title='bbox 580 3788 678 3842; x_wconf 72' lang='grc' dir='ltr'>καὶ</span> <span class='ocrx_word' id='word_1_513' title='bbox 728 3788 802 3856; x_wconf 85' lang='grc' dir='ltr'>μὴ</span> <span class='ocrx_word' id='word_1_514' title='bbox 859 3786 1055 3857; x_wconf 77' lang='grc' dir='ltr'>μᾶλλον</span> <span class='ocrx_word' id='word_1_515' title='bbox 1094 3786 1381 3857; x_wconf 81' lang='grc' dir='ltr'>πεισθῆναι</span> <span class='ocrx_word' id='word_1_516' title='bbox 1411 3786 1486 3856; x_wconf 88' lang='grc' dir='ltr'>τῷ</span> <span class='ocrx_word' id='word_1_517' title='bbox 1518 3786 1747 3855; x_wconf 86' lang='grc' dir='ltr'>βασιλεῖ,</span> 
     </span>
    </p>
   </div>
   <div class='ocr_carea' id='block_1_71' title="bbox 164 3877 1750 3950">
    <p class='ocr_par' dir='ltr' id='par_1_71' title="bbox 164 3877 1750 3950">
     <span class='ocr_line' id='line_1_71' title="bbox 164 3877 1750 3950; baseline -0.001 -17"><span class='ocrx_word' id='word_1_518' title='bbox 164 3885 261 3935; x_wconf 75' lang='grc' dir='ltr'>καὶ</span> <span class='ocrx_word' id='word_1_519' title='bbox 296 3882 401 3949; x_wconf 77' lang='grc' dir='ltr'>τῆς</span> <span class='ocrx_word' id='word_1_520' title='bbox 436 3878 720 3949; x_wconf 64' lang='grc' dir='ltr'>παρούσης</span> <span class='ocrx_word' id='word_1_521' title='bbox 741 3877 1033 3930; x_wconf 78' lang='grc' dir='ltr'>ἀπολαύειν</span> <span class='ocrx_word' id='word_1_522' title='bbox 1052 3878 1349 3948; x_wconf 82' lang='grc' dir='ltr'>εὐημερίας</span> <span class='ocrx_word' id='word_1_523' title='bbox 1372 3894 1385 3941; x_wconf 92' lang='grc'><strong>;</strong></span> <span class='ocrx_word' id='word_1_524' title='bbox 1419 3878 1480 3932; x_wconf 79' lang='grc' dir='ltr'>Ὀ</span> <span class='ocrx_word' id='word_1_525' title='bbox 1504 3879 1559 3931; x_wconf 82' lang='grc' dir='ltr'>δὲ</span> <span class='ocrx_word' id='word_1_526' title='bbox 1580 3896 1750 3950; x_wconf 88' lang='grc' dir='ltr'>προσ-</span> 
     </span>
    </p>
   </div>
   <div class='ocr_carea' id='block_1_72' title="bbox 165 3968 1751 4045">
    <p class='ocr_par' dir='ltr' id='par_1_72' title="bbox 165 3968 1751 4045">
     <span class='ocr_line' id='line_1_72' title="bbox 165 3968 1751 4045; baseline -0.002 -18"><span class='ocrx_word' id='word_1_527' title='bbox 165 3974 322 4045; x_wconf 63' lang='grc' dir='ltr'>σχὼν</span> <span class='ocrx_word' id='word_1_528' title='bbox 355 3974 452 4026; x_wconf 70' lang='grc' dir='ltr'>ἐπὶ</span> <span class='ocrx_word' id='word_1_529' title='bbox 489 3971 722 4034; x_wconf 81' lang='grc' dir='ltr'>τούτοις,</span> <span class='ocrx_word' id='word_1_530' title='bbox 744 3968 957 4039; x_wconf 80' lang='grc' dir='ltr'>οὐρανῷ</span> <span class='ocrx_word' id='word_1_531' title='bbox 984 3986 1043 4022; x_wconf 88' lang='grc' dir='ltr'>τε</span> <span class='ocrx_word' id='word_1_532' title='bbox 1081 3969 1148 4036; x_wconf 69' lang='lat' dir='ltr'>by</span> <span class='ocrx_word' id='word_1_533' title='bbox 1160 3986 1307 4037; x_wconf 89' lang='grc' dir='ltr'>ματα</span> <span class='ocrx_word' id='word_1_534' title='bbox 1339 3971 1485 4037; x_wconf 83' lang='grc' dir='ltr'>δοὺς,</span> <span class='ocrx_word' id='word_1_535' title='bbox 1515 3972 1609 4024; x_wconf 73' lang='grc' dir='ltr'>καὶ</span> <span class='ocrx_word' id='word_1_536' title='bbox 1631 3971 1751 4041; x_wconf 86' lang='grc' dir='ltr'>Θεῷ</span> 
     </span>
    </p>
   </div>
   <div class='ocr_carea' id='block_1_73' title="bbox 164 4062 1751 4135">
    <p class='ocr_par' dir='ltr' id='par_1_73' title="bbox 164 4062 1751 4135">
     <span class='ocr_line' id='line_1_73' title="bbox 164 4062 1751 4135; baseline 0 -17"><span class='ocrx_word' id='word_1_537' title='bbox 164 4064 588 4135; x_wconf 78' lang='grc' dir='ltr'>συντεταμένως</span> <span class='ocrx_word' id='word_1_538' title='bbox 610 4062 1039 4134; x_wconf 78' lang='grc' dir='ltr'>εὐχαριστήσας,</span> <span class='ocrx_word' id='word_1_539' title='bbox 1071 4063 1262 4133; x_wconf 85' lang='grc' dir='ltr'>ὅτιπερ</span> <span class='ocrx_word' id='word_1_540' title='bbox 1292 4064 1390 4134; x_wconf 71' lang='grc' dir='ltr'>ἤδη</span> <span class='ocrx_word' id='word_1_541' title='bbox 1430 4064 1751 4132; x_wconf 83' lang='grc' dir='ltr'>παρεστῶτα</span> 
     </span>
    </p>
   </div>
   <div class='ocr_carea' id='block_1_74' title="bbox 162 4149 1752 4226">
    <p class='ocr_par' dir='ltr' id='par_1_74' title="bbox 162 4149 1752 4226">
     <span class='ocr_line' id='line_1_74' title="bbox 162 4149 1752 4226; baseline -0.002 -16"><span class='ocrx_word' id='word_1_542' title='bbox 162 4163 259 4213; x_wconf 60' lang='grc' dir='ltr'>τὸν</span> <span class='ocrx_word' id='word_1_543' title='bbox 328 4158 472 4226; x_wconf 77' lang='grc' dir='ltr'>ὑπὲρ</span> <span class='ocrx_word' id='word_1_544' title='bbox 522 4155 687 4210; x_wconf 72' lang='grc' dir='ltr'>αὐτοῦ</span> <span class='ocrx_word' id='word_1_545' title='bbox 745 4155 975 4209; x_wconf 73' lang='grc' dir='ltr'>θάνατον</span> <span class='ocrx_word' id='word_1_546' title='bbox 1025 4154 1275 4219; x_wconf 76' lang='grc' dir='ltr'>ἔϐλεπεν,</span> <span class='ocrx_word' id='word_1_547' title='bbox 1327 4149 1446 4208; x_wconf 80' lang='grc' dir='ltr'>εἶτα</span> <span class='ocrx_word' id='word_1_548' title='bbox 1493 4156 1752 4226; x_wconf 74' lang='grc' dir='ltr'>καὶπρὸς</span> 
     </span>
    </p>
   </div>
   <div class='ocr_carea' id='block_1_75' title="bbox 165 4245 1756 4317">
    <p class='ocr_par' dir='ltr' id='par_1_75' title="bbox 165 4245 1756 4317">
     <span class='ocr_line' id='line_1_75' title="bbox 165 4245 1756 4317; baseline -0.001 -14"><span class='ocrx_word' id='word_1_549' title='bbox 165 4253 421 4313; x_wconf 60' lang='grc' dir='ltr'>ἐκείνους</span> <span class='ocrx_word' id='word_1_550' title='bbox 454 4249 833 4315; x_wconf 67' lang='grc' dir='ltr'>ἐπιστραφεὶς,</span> <span class='ocrx_word' id='word_1_551' title='bbox 849 4245 1014 4314; x_wconf 85' lang='grc' dir='ltr'>Ἐγὼ.</span> <span class='ocrx_word' id='word_1_552' title='bbox 1037 4248 1221 4316; x_wconf 80' lang='grc' dir='ltr'>φησὶν,</span> <span class='ocrx_word' id='word_1_553' title='bbox 1240 4247 1378 4316; x_wconf 83' lang='grc' dir='ltr'>ὑπὲρ</span> <span class='ocrx_word' id='word_1_554' title='bbox 1394 4246 1494 4317; x_wconf 86' lang='grc' dir='ltr'>τῆς</span> <span class='ocrx_word' id='word_1_555' title='bbox 1509 4246 1601 4300; x_wconf 81' lang='grc' dir='ltr'>τοῦ</span> <span class='ocrx_word' id='word_1_556' title='bbox 1622 4248 1756 4317; x_wconf 75' lang='grc' dir='ltr'>Χριι-</span> 
     </span>
    </p>
   </div>
   <div class='ocr_carea' id='block_1_76' title="bbox 168 4337 1757 4409">
    <p class='ocr_par' dir='ltr' id='par_1_76' title="bbox 168 4337 1757 4409">
     <span class='ocr_line' id='line_1_76' title="bbox 168 4337 1757 4409; baseline -0.001 -15"><span class='ocrx_word' id='word_1_557' title='bbox 168 4341 306 4394; x_wconf 77' lang='grc' dir='ltr'>στοῦ</span> <span class='ocrx_word' id='word_1_558' title='bbox 360 4357 462 4409; x_wconf 85' lang='grc' dir='ltr'>μου</span> <span class='ocrx_word' id='word_1_559' title='bbox 522 4340 745 4408; x_wconf 71' lang='grc' dir='ltr'>ἀγάπης</span> <span class='ocrx_word' id='word_1_560' title='bbox 802 4338 898 4391; x_wconf 75' lang='grc' dir='ltr'>καὶ</span> <span class='ocrx_word' id='word_1_561' title='bbox 930 4337 1022 4391; x_wconf 81' lang='grc' dir='ltr'>τοῦ</span> <span class='ocrx_word' id='word_1_562' title='bbox 1053 4337 1258 4408; x_wconf 79' lang='grc' dir='ltr'>θερμοῦ</span> <span class='ocrx_word' id='word_1_563' title='bbox 1302 4339 1436 4408; x_wconf 79' lang='grc' dir='ltr'>πρὸς</span> <span class='ocrx_word' id='word_1_564' title='bbox 1462 4338 1625 4391; x_wconf 74' lang='grc' dir='ltr'>αὐτὸν</span> <span class='ocrx_word' id='word_1_565' title='bbox 1659 4338 1757 4392; x_wconf 81' lang='grc' dir='ltr'>καὶ</span> 
     </span>
    </p>
   </div>
   <div class='ocr_carea' id='block_1_77' title="bbox 164 4428 1756 4500">
    <p class='ocr_par' dir='ltr' id='par_1_77' title="bbox 164 4428 1756 4500">
     <span class='ocr_line' id='line_1_77' title="bbox 164 4428 1756 4500; baseline -0.002 -13"><span class='ocrx_word' id='word_1_566' title='bbox 164 4432 426 4494; x_wconf 73' lang='grc' dir='ltr'>ἀπαθοῦς</span> <span class='ocrx_word' id='word_1_567' title='bbox 449 4430 666 4499; x_wconf 72' lang='grc' dir='ltr'>ἔρωτος,</span> <span class='ocrx_word' id='word_1_568' title='bbox 685 4428 831 4482; x_wconf 77' lang='grc' dir='ltr'>ἆπαν</span> <span class='ocrx_word' id='word_1_569' title='bbox 855 4430 1269 4499; x_wconf 84' lang='grc' dir='ltr'>κατατμηθῆναι</span> <span class='ocrx_word' id='word_1_570' title='bbox 1296 4430 1455 4500; x_wconf 85' lang='grc' dir='ltr'>μέλος</span> <span class='ocrx_word' id='word_1_571' title='bbox 1475 4431 1554 4494; x_wconf 86' lang='grc' dir='ltr'>είς</span> <span class='ocrx_word' id='word_1_572' title='bbox 1582 4430 1756 4484; x_wconf 80' lang='grc' dir='ltr'>λεπτὰ</span> 
     </span>
    </p>
   </div>
   <div class='ocr_carea' id='block_1_78' title="bbox 168 4517 1759 4592">
    <p class='ocr_par' dir='ltr' id='par_1_78' title="bbox 168 4517 1759 4592">
     <span class='ocr_line' id='line_1_78' title="bbox 168 4517 1759 4592; baseline -0.003 -17"><span class='ocrx_word' id='word_1_573' title='bbox 168 4522 565 4592; x_wconf 71' lang='grc' dir='ltr'>προσεδόκων,</span> <span class='ocrx_word' id='word_1_574' title='bbox 643 4520 961 4572; x_wconf 82' lang='grc' dir='ltr'>καινότατον</span> <span class='ocrx_word' id='word_1_575' title='bbox 1007 4517 1068 4587; x_wconf 87' lang='grc' dir='ltr'>δή</span> <span class='ocrx_word' id='word_1_576' title='bbox 1116 4534 1239 4572; x_wconf 87' lang='grc' dir='ltr'>τινα</span> <span class='ocrx_word' id='word_1_577' title='bbox 1298 4520 1607 4589; x_wconf 82' lang='grc' dir='ltr'>περιμένων</span> <span class='ocrx_word' id='word_1_578' title='bbox 1664 4517 1759 4571; x_wconf 77' lang='grc' dir='ltr'>καὶ</span> 
     </span>
    </p>
   </div>
   <div class='ocr_carea' id='block_1_79' title="bbox 167 4602 1757 4684">
    <p class='ocr_par' dir='ltr' id='par_1_79' title="bbox 167 4602 1757 4684">
     <span class='ocr_line' id='line_1_79' title="bbox 167 4602 1757 4684; baseline -0.004 -15"><span class='ocrx_word' id='word_1_579' title='bbox 167 4615 372 4684; x_wconf 77' lang='grc' dir='ltr'>ἁπηχῆ</span> <span class='ocrx_word' id='word_1_580' title='bbox 405 4612 655 4665; x_wconf 80' lang='grc' dir='ltr'>θάνατον.</span> <span class='ocrx_word' id='word_1_581' title='bbox 704 4610 922 4681; x_wconf 76' lang='grc' dir='ltr'>Ἐπειδὴ</span> <span class='ocrx_word' id='word_1_582' title='bbox 943 4610 998 4663; x_wconf 78' lang='grc' dir='ltr'>δὲ</span> <span class='ocrx_word' id='word_1_583' title='bbox 1028 4602 1182 4673; x_wconf 77' lang='grc' dir='ltr'>οὗτός</span> <span class='ocrx_word' id='word_1_584' title='bbox 1214 4611 1362 4665; x_wconf 73' lang='grc' dir='ltr'>ἐστιν</span> <span class='ocrx_word' id='word_1_585' title='bbox 1389 4611 1418 4662; x_wconf 83' lang='grc' dir='ltr'><strong>ὁ</strong></span> <span class='ocrx_word' id='word_1_586' title='bbox 1448 4610 1577 4679; x_wconf 80' lang='grc' dir='ltr'>παρ’</span> <span class='ocrx_word' id='word_1_587' title='bbox 1604 4608 1757 4680; x_wconf 83' lang='grc' dir='ltr'>ὐμῶν</span> 
     </span>
    </p>
   </div>
   <div class='ocr_carea' id='block_1_80' title="bbox 1844 3516 3420 3586">
    <p class='ocr_par' dir='ltr' id='par_1_80' title="bbox 1844 3516 3420 3586">
     <span class='ocr_line' id='line_1_80' title="bbox 1844 3516 3420 3586; baseline -0.006 -10"><span class='ocrx_word' id='word_1_588' title='bbox 1844 3521 2169 3577; x_wconf 74' lang='lat' dir='ltr'>suffocantes</span> <span class='ocrx_word' id='word_1_589' title='bbox 2198 3558 2212 3581; x_wconf 93' lang='lat'>,</span> <span class='ocrx_word' id='word_1_590' title='bbox 2261 3527 2467 3581; x_wconf 86' lang='lat' dir='ltr'>sancto,</span> <span class='ocrx_word' id='word_1_591' title='bbox 2503 3517 2636 3571; x_wconf 93' lang='lat' dir='ltr'>dum</span> <span class='ocrx_word' id='word_1_592' title='bbox 2677 3530 3122 3586; x_wconf 88' lang='lat' dir='ltr'>unumquemque</span> <span class='ocrx_word' id='word_1_593' title='bbox 3173 3516 3420 3569; x_wconf 85' lang='lat' dir='ltr'>vicissim</span> 
     </span>
    </p>
   </div>
   <div class='ocr_carea' id='block_1_81' title="bbox 1846 3605 3417 3681">
    <p class='ocr_par' dir='ltr' id='par_1_81' title="bbox 1846 3605 3417 3681">
     <span class='ocr_line' id='line_1_81' title="bbox 1846 3605 3417 3681; baseline -0.008 -12"><span class='ocrx_word' id='word_1_594' title='bbox 1846 3615 2290 3681; x_wconf 82' lang='lat' dir='ltr'>submergerent,</span> <span class='ocrx_word' id='word_1_595' title='bbox 2312 3609 2564 3664; x_wconf 86' lang='lat' dir='ltr'>dicebant</span> <span class='ocrx_word' id='word_1_596' title='bbox 2596 3629 2605 3662; x_wconf 75' lang='grc' dir='ltr'>ε</span> <span class='ocrx_word' id='word_1_597' title='bbox 2638 3607 2750 3663; x_wconf 89' lang='lat' dir='ltr'>Cur</span> <span class='ocrx_word' id='word_1_598' title='bbox 2774 3609 2874 3671; x_wconf 81' lang='lat' dir='ltr'>vis,</span> <span class='ocrx_word' id='word_1_599' title='bbox 2892 3609 3029 3661; x_wconf 90' lang='lat' dir='ltr'>sicut</span> <span class='ocrx_word' id='word_1_600' title='bbox 3057 3621 3197 3661; x_wconf 89' lang='lat' dir='ltr'>unus</span> <span class='ocrx_word' id='word_1_601' title='bbox 3224 3621 3287 3659; x_wconf 71' lang='lat' dir='ltr'>cx</span> <span class='ocrx_word' id='word_1_602' title='bbox 3314 3605 3417 3668; x_wconf 75' lang='lat' dir='ltr'>his,</span> 
     </span>
    </p>
   </div>
   <div class='ocr_carea' id='block_1_82' title="bbox 1849 3700 3422 3769">
    <p class='ocr_par' dir='ltr' id='par_1_82' title="bbox 1849 3700 3422 3769">
     <span class='ocr_line' id='line_1_82' title="bbox 1849 3700 3422 3769; baseline -0.008 -9"><span class='ocrx_word' id='word_1_603' title='bbox 1849 3706 2114 3760; x_wconf 83' lang='lat' dir='ltr'>violenter</span> <span class='ocrx_word' id='word_1_604' title='bbox 2141 3702 2253 3756; x_wconf 86' lang='lat' dir='ltr'>tolli</span> <span class='ocrx_word' id='word_1_605' title='bbox 2280 3702 2348 3756; x_wconf 90' lang='lat' dir='ltr'>de</span> <span class='ocrx_word' id='word_1_606' title='bbox 2378 3701 2557 3755; x_wconf 87' lang='lat' dir='ltr'>medio</span> <span class='ocrx_word' id='word_1_607' title='bbox 2578 3710 2634 3754; x_wconf 89' lang='lat' dir='ltr'>et</span> <span class='ocrx_word' id='word_1_608' title='bbox 2658 3714 2764 3754; x_wconf 89' lang='lat' dir='ltr'>non</span> <span class='ocrx_word' id='word_1_609' title='bbox 2795 3702 2973 3769; x_wconf 82' lang='lat' dir='ltr'>potius</span> <span class='ocrx_word' id='word_1_610' title='bbox 2999 3700 3107 3769; x_wconf 84' lang='lat' dir='ltr'>regi</span> <span class='ocrx_word' id='word_1_611' title='bbox 3133 3712 3342 3767; x_wconf 83' lang='lat' dir='ltr'>parere,</span> <span class='ocrx_word' id='word_1_612' title='bbox 3367 3707 3422 3748; x_wconf 83' lang='lat' dir='ltr'>et</span> 
     </span>
    </p>
   </div>
   <div class='ocr_carea' id='block_1_83' title="bbox 1849 3787 3423 3869">
    <p class='ocr_par' dir='ltr' id='par_1_83' title="bbox 1849 3787 3423 3869">
     <span class='ocr_line' id='line_1_83' title="bbox 1849 3787 3423 3869; baseline -0.007 -17"><span class='ocrx_word' id='word_1_613' title='bbox 1849 3798 2087 3869; x_wconf 89' lang='lat' dir='ltr'>priorem</span> <span class='ocrx_word' id='word_1_614' title='bbox 2141 3794 2402 3863; x_wconf 87' lang='lat' dir='ltr'>consequi</span> <span class='ocrx_word' id='word_1_615' title='bbox 2442 3793 2795 3848; x_wconf 84' lang='lat' dir='ltr'>felicitatem?</span> <span class='ocrx_word' id='word_1_616' title='bbox 2838 3792 2931 3845; x_wconf 90' lang='lat' dir='ltr'>Ille</span> <span class='ocrx_word' id='word_1_617' title='bbox 2961 3800 3142 3844; x_wconf 90' lang='lat' dir='ltr'>autem</span> <span class='ocrx_word' id='word_1_618' title='bbox 3183 3804 3303 3843; x_wconf 81' lang='lat' dir='ltr'>eum</span> <span class='ocrx_word' id='word_1_619' title='bbox 3338 3787 3423 3841; x_wconf 67' lang='lat' dir='ltr'>his</span> 
     </span>
    </p>
   </div>
   <div class='ocr_carea' id='block_1_84' title="bbox 1851 3881 3426 3947">
    <p class='ocr_par' dir='ltr' id='par_1_84' title="bbox 1851 3881 3426 3947">
     <span class='ocr_line' id='line_1_84' title="bbox 1851 3881 3426 3947; baseline -0.008 0"><span class='ocrx_word' id='word_1_620' title='bbox 1851 3901 2089 3947; x_wconf 88' lang='lat' dir='ltr'>mentem</span> <span class='ocrx_word' id='word_1_621' title='bbox 2115 3887 2451 3943; x_wconf 88' lang='lat' dir='ltr'>adhibuisset</span> <span class='ocrx_word' id='word_1_622' title='bbox 2477 3895 2528 3940; x_wconf 86' lang='lat' dir='ltr'>et</span> <span class='ocrx_word' id='word_1_623' title='bbox 2566 3886 2619 3940; x_wconf 89' lang='lat' dir='ltr'>in</span> <span class='ocrx_word' id='word_1_624' title='bbox 2651 3886 2846 3941; x_wconf 78' lang='lat' dir='ltr'>ccelum</span> <span class='ocrx_word' id='word_1_625' title='bbox 2890 3885 3077 3938; x_wconf 90' lang='lat' dir='ltr'>oculos</span> <span class='ocrx_word' id='word_1_626' title='bbox 3114 3881 3426 3935; x_wconf 81' lang='lat' dir='ltr'>susmlissct</span> 
     </span>
    </p>
   </div>
   <div class='ocr_carea' id='block_1_85' title="bbox 1850 3972 3426 4050">
    <p class='ocr_par' dir='ltr' id='par_1_85' title="bbox 1850 3972 3426 4050">
     <span class='ocr_line' id='line_1_85' title="bbox 1850 3972 3426 4050; baseline -0.008 -12"><span class='ocrx_word' id='word_1_627' title='bbox 1850 3994 1907 4039; x_wconf 86' lang='lat' dir='ltr'>et</span> <span class='ocrx_word' id='word_1_628' title='bbox 1948 3984 2058 4037; x_wconf 86' lang='lat' dir='ltr'>Deo</span> <span class='ocrx_word' id='word_1_629' title='bbox 2086 3982 2332 4050; x_wconf 83' lang='lat' dir='ltr'>ingentes</span> <span class='ocrx_word' id='word_1_630' title='bbox 2360 3979 2560 4049; x_wconf 79' lang='lat' dir='ltr'>egisset</span> <span class='ocrx_word' id='word_1_631' title='bbox 2594 3979 2812 4048; x_wconf 78' lang='lat' dir='ltr'>gratias,</span> <span class='ocrx_word' id='word_1_632' title='bbox 2851 3975 3127 4045; x_wconf 70' lang='lat' dir='ltr'>quoniam</span> <span class='ocrx_word' id='word_1_633' title='bbox 3165 3988 3264 4042; x_wconf 88' lang='lat' dir='ltr'>pro</span> <span class='ocrx_word' id='word_1_634' title='bbox 3311 3972 3426 4040; x_wconf 88' lang='lat' dir='ltr'>ipso</span> 
     </span>
    </p>
   </div>
   <div class='ocr_carea' id='block_1_86' title="bbox 1852 4063 3425 4129">
    <p class='ocr_par' dir='ltr' id='par_1_86' title="bbox 1852 4063 3425 4129">
     <span class='ocr_line' id='line_1_86' title="bbox 1852 4063 3425 4129; baseline -0.008 -1"><span class='ocrx_word' id='word_1_635' title='bbox 1852 4082 2082 4129; x_wconf 89' lang='lat' dir='ltr'>mortem</span> <span class='ocrx_word' id='word_1_636' title='bbox 2123 4071 2332 4123; x_wconf 84' lang='lat' dir='ltr'>videret</span> <span class='ocrx_word' id='word_1_637' title='bbox 2382 4083 2504 4122; x_wconf 88' lang='lat' dir='ltr'>esse</span> <span class='ocrx_word' id='word_1_638' title='bbox 2540 4068 2903 4129; x_wconf 81' lang='lat' dir='ltr'>subeundam,</span> <span class='ocrx_word' id='word_1_639' title='bbox 2950 4067 3146 4119; x_wconf 59' lang='lat' dir='ltr'>deinde</span> <span class='ocrx_word' id='word_1_640' title='bbox 3198 4063 3263 4117; x_wconf 86' lang='lat' dir='ltr'>ad</span> <span class='ocrx_word' id='word_1_641' title='bbox 3307 4063 3425 4115; x_wconf 65' lang='lat' dir='ltr'>ill-as</span> 
     </span>
    </p>
   </div>
   <div class='ocr_carea' id='block_1_87' title="bbox 1852 4155 3426 4237">
    <p class='ocr_par' dir='ltr' id='par_1_87' title="bbox 1852 4155 3426 4237">
     <span class='ocr_line' id='line_1_87' title="bbox 1852 4155 3426 4237; baseline -0.01 -17"><span class='ocrx_word' id='word_1_642' title='bbox 1852 4178 2069 4237; x_wconf 85' lang='lat' dir='ltr'>quoque</span> <span class='ocrx_word' id='word_1_643' title='bbox 2091 4174 2427 4216; x_wconf 88' lang='lat' dir='ltr'>conversus:</span> <span class='ocrx_word' id='word_1_644' title='bbox 2452 4157 2583 4229; x_wconf 87' lang='lat' dir='ltr'>Ego,</span> <span class='ocrx_word' id='word_1_645' title='bbox 2605 4158 2798 4226; x_wconf 84' lang='lat' dir='ltr'>inquit,</span> <span class='ocrx_word' id='word_1_646' title='bbox 2826 4172 2924 4225; x_wconf 88' lang='lat' dir='ltr'>pro</span> <span class='ocrx_word' id='word_1_647' title='bbox 2944 4155 3143 4209; x_wconf 83' lang='lat' dir='ltr'>Christi</span> <span class='ocrx_word' id='word_1_648' title='bbox 3171 4155 3273 4207; x_wconf 87' lang='lat' dir='ltr'>mei</span> <span class='ocrx_word' id='word_1_649' title='bbox 3294 4159 3426 4207; x_wconf 72' lang='lat' dir='ltr'>ctia-</span> 
     </span>
    </p>
   </div>
   <div class='ocr_carea' id='block_1_88' title="bbox 1854 4248 3420 4321">
    <p class='ocr_par' dir='ltr' id='par_1_88' title="bbox 1854 4248 3420 4321">
     <span class='ocr_line' id='line_1_88' title="bbox 1854 4248 3420 4321; baseline -0.01 -9"><span class='ocrx_word' id='word_1_650' title='bbox 1854 4260 2049 4319; x_wconf 85' lang='lat' dir='ltr'>ritate,</span> <span class='ocrx_word' id='word_1_651' title='bbox 2097 4252 2416 4321; x_wconf 80' lang='lat' dir='ltr'>ardentique</span> <span class='ocrx_word' id='word_1_652' title='bbox 2471 4261 2529 4305; x_wconf 91' lang='lat' dir='ltr'>et</span> <span class='ocrx_word' id='word_1_653' title='bbox 2572 4249 2883 4304; x_wconf 83' lang='lat' dir='ltr'>vehementi</span> <span class='ocrx_word' id='word_1_654' title='bbox 2920 4248 2972 4300; x_wconf 89' lang='lat' dir='ltr'>in</span> <span class='ocrx_word' id='word_1_655' title='bbox 3020 4262 3143 4300; x_wconf 87' lang='lat' dir='ltr'>eum</span> <span class='ocrx_word' id='word_1_656' title='bbox 3198 4260 3420 4308; x_wconf 85' lang='lat' dir='ltr'>amore,</span> 
     </span>
    </p>
   </div>
   <div class='ocr_carea' id='block_1_89' title="bbox 1855 4338 3427 4417">
    <p class='ocr_par' dir='ltr' id='par_1_89' title="bbox 1855 4338 3427 4417">
     <span class='ocr_line' id='line_1_89' title="bbox 1855 4338 3427 4417; baseline -0.01 -13"><span class='ocrx_word' id='word_1_657' title='bbox 1855 4347 2239 4417; x_wconf 74' lang='lat' dir='ltr'>exapectabam</span> <span class='ocrx_word' id='word_1_658' title='bbox 2269 4358 2431 4398; x_wconf 89' lang='lat' dir='ltr'>omne</span> <span class='ocrx_word' id='word_1_659' title='bbox 2460 4341 2763 4395; x_wconf 89' lang='lat' dir='ltr'>membrum</span> <span class='ocrx_word' id='word_1_660' title='bbox 2786 4338 3091 4394; x_wconf 90' lang='lat' dir='ltr'>minutatim</span> <span class='ocrx_word' id='word_1_661' title='bbox 3123 4338 3427 4397; x_wconf 85' lang='lat' dir='ltr'>conscindi,</span> 
     </span>
    </p>
   </div>
   <div class='ocr_carea' id='block_1_90' title="bbox 1858 4429 3427 4509">
    <p class='ocr_par' dir='ltr' id='par_1_90' title="bbox 1858 4429 3427 4509">
     <span class='ocr_line' id='line_1_90' title="bbox 1858 4429 3427 4509; baseline -0.008 -14"><span class='ocrx_word' id='word_1_662' title='bbox 1858 4447 2183 4509; x_wconf 79' lang='lat' dir='ltr'>exspectans</span> <span class='ocrx_word' id='word_1_663' title='bbox 2214 4448 2407 4488; x_wconf 87' lang='lat' dir='ltr'>novam</span> <span class='ocrx_word' id='word_1_664' title='bbox 2455 4433 2687 4501; x_wconf 89' lang='lat' dir='ltr'>aliquam</span> <span class='ocrx_word' id='word_1_665' title='bbox 2731 4439 2786 4487; x_wconf 88' lang='lat' dir='ltr'>et</span> <span class='ocrx_word' id='word_1_666' title='bbox 2834 4429 3130 4484; x_wconf 82' lang='lat' dir='ltr'>inauditam</span> <span class='ocrx_word' id='word_1_667' title='bbox 3177 4438 3427 4482; x_wconf 85' lang='lat' dir='ltr'>mortem.</span> 
     </span>
    </p>
   </div>
   <div class='ocr_carea' id='block_1_91' title="bbox 1859 4514 3431 4598">
    <p class='ocr_par' dir='ltr' id='par_1_91' title="bbox 1859 4514 3431 4598">
     <span class='ocr_line' id='line_1_91' title="bbox 1859 4514 3431 4598; baseline -0.008 -13"><span class='ocrx_word' id='word_1_668' title='bbox 1859 4531 2127 4598; x_wconf 85' lang='lat' dir='ltr'>Quoniam</span> <span class='ocrx_word' id='word_1_669' title='bbox 2163 4536 2343 4581; x_wconf 87' lang='lat' dir='ltr'>autem</span> <span class='ocrx_word' id='word_1_670' title='bbox 2375 4528 2492 4580; x_wconf 68' lang='lat' dir='ltr'>haec</span> <span class='ocrx_word' id='word_1_671' title='bbox 2533 4534 2614 4579; x_wconf 91' lang='lat' dir='ltr'>est</span> <span class='ocrx_word' id='word_1_672' title='bbox 2643 4538 2731 4587; x_wconf 92' lang='lat' dir='ltr'>ea,</span> <span class='ocrx_word' id='word_1_673' title='bbox 2761 4538 2921 4590; x_wconf 87' lang='lat' dir='ltr'>quam</span> <span class='ocrx_word' id='word_1_674' title='bbox 2962 4537 3057 4576; x_wconf 88' lang='lat' dir='ltr'>vos</span> <span class='ocrx_word' id='word_1_675' title='bbox 3090 4514 3222 4574; x_wconf 86' lang='lat' dir='ltr'>mihi</span> <span class='ocrx_word' id='word_1_676' title='bbox 3255 4521 3431 4574; x_wconf 86' lang='lat' dir='ltr'>mina-</span> 
     </span>
    </p>
   </div>
   <div class='ocr_carea' id='block_1_92' title="bbox 1858 4610 3431 4691">
    <p class='ocr_par' dir='ltr' id='par_1_92' title="bbox 1858 4610 3431 4691">
     <span class='ocr_line' id='line_1_92' title="bbox 1858 4610 3431 4691; baseline -0.01 -13"><span class='ocrx_word' id='word_1_677' title='bbox 1858 4622 2014 4685; x_wconf 87' lang='lat' dir='ltr'>mini,</span> <span class='ocrx_word' id='word_1_678' title='bbox 2047 4634 2147 4691; x_wconf 83' lang='lat' dir='ltr'>ago</span> <span class='ocrx_word' id='word_1_679' title='bbox 2189 4617 2285 4673; x_wconf 83' lang='lat' dir='ltr'>tibi</span> <span class='ocrx_word' id='word_1_680' title='bbox 2333 4616 2534 4689; x_wconf 83' lang='lat' dir='ltr'>gratias</span> <span class='ocrx_word' id='word_1_681' title='bbox 2584 4615 2686 4669; x_wconf 86' lang='lat' dir='ltr'>soli</span> <span class='ocrx_word' id='word_1_682' title='bbox 2742 4612 2853 4667; x_wconf 87' lang='lat' dir='ltr'>Deo</span> <span class='ocrx_word' id='word_1_683' title='bbox 2898 4628 3020 4666; x_wconf 85' lang='lat' dir='ltr'>meo</span> <span class='ocrx_word' id='word_1_684' title='bbox 3052 4620 3107 4666; x_wconf 88' lang='lat' dir='ltr'>et</span> <span class='ocrx_word' id='word_1_685' title='bbox 3161 4610 3431 4666; x_wconf 75' lang='lat' dir='ltr'>Servatori</span> 
     </span>
    </p>
   </div>
   <div class='ocr_carea' id='block_1_93' title="bbox 169 4699 1741 4794">
    <p class='ocr_par' dir='ltr' id='par_1_93' title="bbox 169 4699 1741 4774">
     <span class='ocr_line' id='line_1_93' title="bbox 169 4699 1741 4774; baseline -0.005 -12"><span class='ocrx_word' id='word_1_686' title='bbox 169 4705 605 4774; x_wconf 68' lang='grc' dir='ltr'>ἁττειλούμενος,</span> <span class='ocrx_word' id='word_1_687' title='bbox 634 4702 942 4773; x_wconf 76' lang='grc' dir='ltr'>εὐχαριστῶ</span> <span class='ocrx_word' id='word_1_688' title='bbox 970 4718 1052 4754; x_wconf 89' lang='grc' dir='ltr'>σοι</span> <span class='ocrx_word' id='word_1_689' title='bbox 1088 4702 1165 4771; x_wconf 88' lang='grc' dir='ltr'>τῷ</span> <span class='ocrx_word' id='word_1_690' title='bbox 1203 4704 1347 4771; x_wconf 75' lang='grc' dir='ltr'>μόνῳ</span> <span class='ocrx_word' id='word_1_691' title='bbox 1376 4700 1495 4771; x_wconf 87' lang='grc' dir='ltr'>Θεῷ</span> <span class='ocrx_word' id='word_1_692' title='bbox 1531 4717 1632 4770; x_wconf 89' lang='grc' dir='ltr'>μου</span> <span class='ocrx_word' id='word_1_693' title='bbox 1664 4699 1741 4754; x_wconf 76' lang='grc' dir='ltr'>κα¹</span> 
     </span>
    </p>
   </div>
   <div class='ocr_carea' id='block_1_94' title="bbox 1842 4699 3434 4794">
    <p class='ocr_par' dir='ltr' id='par_1_94' title="bbox 1861 4705 3434 4778">
     <span class='ocr_line' id='line_1_94' title="bbox 1861 4705 3434 4778; baseline -0.009 -8"><span class='ocrx_word' id='word_1_694' title='bbox 1861 4715 2106 4778; x_wconf 82' lang='lat' dir='ltr'>Christo,</span> <span class='ocrx_word' id='word_1_695' title='bbox 2143 4711 2288 4778; x_wconf 90' lang='lat' dir='ltr'>quod</span> <span class='ocrx_word' id='word_1_696' title='bbox 2332 4716 2529 4773; x_wconf 86' lang='lat' dir='ltr'>morte,</span> <span class='ocrx_word' id='word_1_697' title='bbox 2576 4722 2697 4776; x_wconf 63' lang='lat' dir='ltr'>quae</span> <span class='ocrx_word' id='word_1_698' title='bbox 2732 4720 2903 4775; x_wconf 86' lang='lat' dir='ltr'>usque</span> <span class='ocrx_word' id='word_1_699' title='bbox 2932 4705 3069 4759; x_wconf 89' lang='lat' dir='ltr'>adeo</span> <span class='ocrx_word' id='word_1_700' title='bbox 3099 4713 3254 4759; x_wconf 82' lang='lat' dir='ltr'>vacat</span> <span class='ocrx_word' id='word_1_701' title='bbox 3285 4706 3434 4757; x_wconf 88' lang='lat' dir='ltr'>omni</span> 
     </span>
    </p>
   </div>
   <div class='ocr_carea' id='block_1_95' title="bbox 168 4791 1755 4865">
    <p class='ocr_par' dir='ltr' id='par_1_95' title="bbox 168 4791 1755 4865">
     <span class='ocr_line' id='line_1_95' title="bbox 168 4791 1755 4865; baseline -0.006 -13"><span class='ocrx_word' id='word_1_702' title='bbox 168 4796 647 4865; x_wconf 72' lang='grc' dir='ltr'>Σωτῆρι,Χριστὲ</span> <span class='ocrx_word' id='word_1_703' title='bbox 685 4792 929 4863; x_wconf 80' lang='grc' dir='ltr'>βασιλεῦ,</span> <span class='ocrx_word' id='word_1_704' title='bbox 965 4794 1045 4846; x_wconf 76' lang='grc' dir='ltr'>ὅτι</span> <span class='ocrx_word' id='word_1_705' title='bbox 1074 4792 1331 4862; x_wconf 77' lang='grc' dir='ltr'>τελευτῆς</span> <span class='ocrx_word' id='word_1_706' title='bbox 1348 4791 1522 4854; x_wconf 76' lang='grc' dir='ltr'>οὕτως</span> <span class='ocrx_word' id='word_1_707' title='bbox 1556 4792 1755 4845; x_wconf 81' lang='grc' dir='ltr'>ἀπόνου</span> 
     </span>
    </p>
   </div>
   <div class='ocr_carea' id='block_1_96' title="bbox 172 4885 1763 4957">
    <p class='ocr_par' dir='ltr' id='par_1_96' title="bbox 172 4885 1763 4957">
     <span class='ocr_line' id='line_1_96' title="bbox 172 4885 1763 4957; baseline -0.002 -14"><span class='ocrx_word' id='word_1_708' title='bbox 172 4894 272 4943; x_wconf 64' lang='grc' dir='ltr'>καὶ</span> <span class='ocrx_word' id='word_1_709' title='bbox 318 4889 595 4943; x_wconf 75' lang='grc' dir='ltr'>ἁνωδύνου</span> <span class='ocrx_word' id='word_1_710' title='bbox 620 4927 635 4950; x_wconf 96' lang='grc'>,</span> <span class='ocrx_word' id='word_1_711' title='bbox 667 4887 732 4957; x_wconf 84' lang='grc' dir='ltr'>ῆν</span> <span class='ocrx_word' id='word_1_712' title='bbox 768 4887 862 4938; x_wconf 75' lang='grc' dir='ltr'>καὶ</span> <span class='ocrx_word' id='word_1_713' title='bbox 887 4885 1047 4955; x_wconf 81' lang='grc' dir='ltr'>φύσις</span> <span class='ocrx_word' id='word_1_714' title='bbox 1097 4886 1234 4957; x_wconf 84' lang='grc' dir='ltr'>αὐτὴ</span> <span class='ocrx_word' id='word_1_715' title='bbox 1270 4886 1407 4957; x_wconf 81' lang='grc' dir='ltr'>μετὰ</span> <span class='ocrx_word' id='word_1_716' title='bbox 1441 4888 1633 4957; x_wconf 78' lang='grc' dir='ltr'>μικρὸν</span> <span class='ocrx_word' id='word_1_717' title='bbox 1667 4887 1763 4940; x_wconf 80' lang='grc' dir='ltr'>ἑπ-</span> 
     </span>
    </p>
   </div>
   <div class='ocr_carea' id='block_1_97' title="bbox 172 4979 1763 5053">
    <p class='ocr_par' dir='ltr' id='par_1_97' title="bbox 172 4979 1763 5053">
     <span class='ocr_line' id='line_1_97' title="bbox 172 4979 1763 5053; baseline 0.001 -21"><span class='ocrx_word' id='word_1_718' title='bbox 172 4985 422 5053; x_wconf 70' lang='grc' dir='ltr'>ήνεγκεν</span> <span class='ocrx_word' id='word_1_719' title='bbox 474 4979 558 5041; x_wconf 73' lang='grc' dir='ltr'>ἂν,</span> <span class='ocrx_word' id='word_1_720' title='bbox 612 4979 912 5048; x_wconf 80' lang='grc' dir='ltr'>μαρτυρίου</span> <span class='ocrx_word' id='word_1_721' title='bbox 969 4996 1035 5047; x_wconf 83' lang='grc' dir='ltr'>με</span> <span class='ocrx_word' id='word_1_722' title='bbox 1075 4979 1239 5049; x_wconf 77' lang='grc' dir='ltr'>τιμὴν</span> <span class='ocrx_word' id='word_1_723' title='bbox 1270 4979 1581 5050; x_wconf 82' lang='grc' dir='ltr'>ὠνήσασθαι</span> <span class='ocrx_word' id='word_1_724' title='bbox 1631 4998 1763 5033; x_wconf 88' lang='grc' dir='ltr'>κατ-</span> 
     </span>
    </p>
   </div>
   <div class='ocr_carea' id='block_1_98' title="bbox 173 5070 1763 5143">
    <p class='ocr_par' dir='ltr' id='par_1_98' title="bbox 173 5070 1763 5143">
     <span class='ocr_line' id='line_1_98' title="bbox 173 5070 1763 5143; baseline 0 -18"><span class='ocrx_word' id='word_1_725' title='bbox 173 5074 450 5143; x_wconf 66' lang='grc' dir='ltr'>ῃξίωσας.</span> <span class='ocrx_word' id='word_1_726' title='bbox 477 5071 659 5123; x_wconf 79' lang='grc' dir='ltr'>Ταῦτα</span> <span class='ocrx_word' id='word_1_727' title='bbox 685 5070 872 5133; x_wconf 82' lang='grc' dir='ltr'>εἰπὼν,</span> <span class='ocrx_word' id='word_1_728' title='bbox 899 5073 989 5123; x_wconf 79' lang='grc' dir='ltr'>καὶ</span> <span class='ocrx_word' id='word_1_729' title='bbox 1012 5070 1155 5124; x_wconf 82' lang='grc' dir='ltr'>οὕτω</span> <span class='ocrx_word' id='word_1_730' title='bbox 1174 5071 1501 5135; x_wconf 76' lang='grc' dir='ltr'>τελευταίοις</span> <span class='ocrx_word' id='word_1_731' title='bbox 1530 5072 1763 5142; x_wconf 78' lang='grc' dir='ltr'>ἐπιλαμ-</span> 
     </span>
    </p>
   </div>
   <div class='ocr_carea' id='block_1_99' title="bbox 174 5160 1760 5235">
    <p class='ocr_par' dir='ltr' id='par_1_99' title="bbox 174 5160 1760 5235">
     <span class='ocr_line' id='line_1_99' title="bbox 174 5160 1760 5235; baseline 0.002 -19"><span class='ocrx_word' id='word_1_732' title='bbox 174 5163 451 5235; x_wconf 67' lang='grc' dir='ltr'>πρυνθεὶς</span> <span class='ocrx_word' id='word_1_733' title='bbox 475 5165 735 5232; x_wconf 78' lang='grc' dir='ltr'>ῥήμασιν,</span> <span class='ocrx_word' id='word_1_734' title='bbox 768 5163 867 5232; x_wconf 86' lang='grc' dir='ltr'>ῖσῳ</span> <span class='ocrx_word' id='word_1_735' title='bbox 907 5161 1119 5232; x_wconf 82' lang='grc' dir='ltr'>Θανάτῳ</span> <span class='ocrx_word' id='word_1_736' title='bbox 1150 5162 1244 5216; x_wconf 76' lang='grc' dir='ltr'>καὶ</span> <span class='ocrx_word' id='word_1_737' title='bbox 1270 5160 1420 5226; x_wconf 74' lang='grc' dir='ltr'>οὗτος</span> <span class='ocrx_word' id='word_1_738' title='bbox 1451 5164 1760 5235; x_wconf 78' lang='grc' dir='ltr'>ἐτελειώθη.</span> 
     </span>
    </p>
   </div>
   <div class='ocr_carea' id='block_1_100' title="bbox 254 5254 1767 5328">
    <p class='ocr_par' dir='ltr' id='par_1_100' title="bbox 254 5254 1767 5328">
     <span class='ocr_line' id='line_1_100' title="bbox 254 5254 1767 5328; baseline 0.001 -19"><span class='ocrx_word' id='word_1_739' title='bbox 254 5258 410 5322; x_wconf 58' lang='lat' dir='ltr'>KQ“.</span> <span class='ocrx_word' id='word_1_740' title='bbox 450 5255 515 5307; x_wconf 80' lang='lat' dir='ltr'>Ol</span> <span class='ocrx_word' id='word_1_741' title='bbox 563 5254 748 5324; x_wconf 81' lang='grc' dir='ltr'>δήμιοι</span> <span class='ocrx_word' id='word_1_742' title='bbox 797 5255 853 5307; x_wconf 81' lang='grc' dir='ltr'>δὲ</span> <span class='ocrx_word' id='word_1_743' title='bbox 905 5256 1001 5323; x_wconf 72' lang='grc' dir='ltr'>τὴν</span> <span class='ocrx_word' id='word_1_744' title='bbox 1060 5255 1210 5325; x_wconf 76' lang='grc' dir='ltr'>ίερὰν</span> <span class='ocrx_word' id='word_1_745' title='bbox 1259 5255 1474 5324; x_wconf 67' lang='grc' dir='ltr'>ἐκείνην</span> <span class='ocrx_word' id='word_1_746' title='bbox 1526 5256 1767 5328; x_wconf 81' lang='grc' dir='ltr'>κεφαλὴν</span> 
     </span>
    </p>
   </div>
   <div class='ocr_carea' id='block_1_101' title="bbox 178 5344 1766 5416">
    <p class='ocr_par' dir='ltr' id='par_1_101' title="bbox 178 5344 1766 5416">
     <span class='ocr_line' id='line_1_101' title="bbox 178 5344 1766 5416; baseline 0.001 -17"><span class='ocrx_word' id='word_1_747' title='bbox 178 5351 309 5399; x_wconf 79' lang='grc' dir='ltr'>ἒκτε</span> <span class='ocrx_word' id='word_1_748' title='bbox 323 5348 542 5414; x_wconf 77' lang='grc' dir='ltr'>μόντες,</span> <span class='ocrx_word' id='word_1_749' title='bbox 579 5345 727 5412; x_wconf 78' lang='grc' dir='ltr'>σαφῆ</span> <span class='ocrx_word' id='word_1_750' title='bbox 764 5344 866 5412; x_wconf 73' lang='grc' dir='ltr'>τῆς</span> <span class='ocrx_word' id='word_1_751' title='bbox 898 5345 1227 5415; x_wconf 79' lang='grc' dir='ltr'>ἀναιρέσεως</span> <span class='ocrx_word' id='word_1_752' title='bbox 1254 5346 1349 5399; x_wconf 84' lang='grc' dir='ltr'>τοῦ</span> <span class='ocrx_word' id='word_1_753' title='bbox 1377 5347 1567 5416; x_wconf 75' lang='grc' dir='ltr'>ἀνδρὸς</span> <span class='ocrx_word' id='word_1_754' title='bbox 1617 5350 1766 5401; x_wconf 85' lang='grc' dir='ltr'>ἁπό-</span> 
     </span>
    </p>
   </div>
   <div class='ocr_carea' id='block_1_102' title="bbox 177 5435 1769 5509">
    <p class='ocr_par' dir='ltr' id='par_1_102' title="bbox 177 5435 1769 5509">
     <span class='ocr_line' id='line_1_102' title="bbox 177 5435 1769 5509; baseline 0.016 -21"><span class='ocrx_word' id='word_1_755' title='bbox 392 5436 468 5506; x_wconf 70' lang='grc' dir='ltr'>τῷ</span> <span class='ocrx_word' id='word_1_756' title='bbox 495 5435 705 5505; x_wconf 73' lang='grc' dir='ltr'>βισιλεῖ</span> <span class='ocrx_word' id='word_1_757' title='bbox 735 5438 1046 5506; x_wconf 66' lang='grc' dir='ltr'>κομίζουσι.</span> <span class='ocrx_word' id='word_1_758' title='bbox 1075 5439 1177 5490; x_wconf 70' lang='grc' dir='ltr'>τὸν</span> <span class='ocrx_word' id='word_1_759' title='bbox 1210 5438 1393 5507; x_wconf 85' lang='grc' dir='ltr'>μέντοι</span> <span class='ocrx_word' id='word_1_760' title='bbox 1424 5440 1515 5492; x_wconf 65' lang='grc' dir='ltr'>ἐπὶ</span> <span class='ocrx_word' id='word_1_761' title='bbox 1539 5441 1636 5509; x_wconf 77' lang='grc' dir='ltr'>τῆς</span> <span class='ocrx_word' id='word_1_762' title='bbox 1668 5459 1769 5509; x_wconf 82' lang='grc' dir='ltr'>φυ-</span> 
     </span>
    </p>
   </div>
   <div class='ocr_carea' id='block_1_103' title="bbox 178 5528 1766 5604">
    <p class='ocr_par' dir='ltr' id='par_1_103' title="bbox 178 5528 1766 5604">
     <span class='ocr_line' id='line_1_103' title="bbox 178 5528 1766 5604; baseline 0.006 -27"><span class='ocrx_word' id='word_1_763' title='bbox 178 5530 364 5599; x_wconf 62' lang='grc' dir='ltr'>λακῆς</span> <span class='ocrx_word' id='word_1_764' title='bbox 418 5528 700 5599; x_wconf 79' lang='grc' dir='ltr'>σελλάριον</span> <span class='ocrx_word' id='word_1_765' title='bbox 756 5530 1077 5600; x_wconf 82' lang='grc' dir='ltr'>Χριστιανὸν</span> <span class='ocrx_word' id='word_1_766' title='bbox 1131 5531 1278 5596; x_wconf 72' lang='grc' dir='ltr'>ϐιτα,</span> <span class='ocrx_word' id='word_1_767' title='bbox 1324 5534 1417 5585; x_wconf 80' lang='grc' dir='ltr'>καὶ</span> <span class='ocrx_word' id='word_1_768' title='bbox 1472 5534 1766 5604; x_wconf 80' lang='grc' dir='ltr'>μαρτύρων</span> 
     </span>
    </p>
   </div>
   <div class='ocr_carea' id='block_1_104' title="bbox 180 5621 1762 5695">
    <p class='ocr_par' dir='ltr' id='par_1_104' title="bbox 180 5621 1762 5695">
     <span class='ocr_line' id='line_1_104' title="bbox 180 5621 1762 5695; baseline 0.004 -22"><span class='ocrx_word' id='word_1_769' title='bbox 180 5622 367 5674; x_wconf 66' lang='grc' dir='ltr'>εἰδότα</span> <span class='ocrx_word' id='word_1_770' title='bbox 393 5622 560 5691; x_wconf 76' lang='grc' dir='ltr'>τιμᾷν</span> <span class='ocrx_word' id='word_1_771' title='bbox 585 5621 837 5691; x_wconf 86' lang='grc' dir='ltr'>σώματα,</span> <span class='ocrx_word' id='word_1_772' title='bbox 869 5622 1150 5676; x_wconf 82' lang='grc' dir='ltr'>ἀνελέσθαι</span> <span class='ocrx_word' id='word_1_773' title='bbox 1172 5624 1233 5676; x_wconf 81' lang='grc' dir='ltr'>τὸ</span> <span class='ocrx_word' id='word_1_774' title='bbox 1262 5628 1357 5677; x_wconf 75' lang='grc' dir='ltr'>τοῦ</span> <span class='ocrx_word' id='word_1_775' title='bbox 1384 5625 1540 5693; x_wconf 80' lang='grc' dir='ltr'>ἁγίου</span> <span class='ocrx_word' id='word_1_776' title='bbox 1573 5626 1629 5679; x_wconf 89' lang='grc' dir='ltr'>λε</span> <span class='ocrx_word' id='word_1_777' title='bbox 1642 5628 1762 5695; x_wconf 61' lang='lat' dir='ltr'>lt}:-</span> 
     </span>
    </p>
   </div>
   <div class='ocr_carea' id='block_1_105' title="bbox 264 5756 1767 5830">
    <p class='ocr_par' dir='ltr' id='par_1_105' title="bbox 264 5756 1767 5830">
     <span class='ocr_line' id='line_1_105' title="bbox 264 5756 1767 5830; baseline 0.006 -20"><span class='ocrx_word' id='word_1_778' title='bbox 264 5758 339 5825; x_wconf 81' lang='lat'>(8)</span> <span class='ocrx_word' id='word_1_779' title='bbox 381 5756 521 5830; x_wconf 49' lang='lat' dir='ltr'>(ium</span> <span class='ocrx_word' id='word_1_780' title='bbox 560 5758 665 5830; x_wconf 71' lang='lat' dir='ltr'>alii</span> <span class='ocrx_word' id='word_1_781' title='bbox 696 5774 827 5830; x_wconf 88' lang='lat' dir='ltr'>eum</span> <span class='ocrx_word' id='word_1_782' title='bbox 874 5760 1085 5827; x_wconf 78' lang='lat' dir='ltr'>laqueo,</span> <span class='ocrx_word' id='word_1_783' title='bbox 1149 5759 1237 5813; x_wconf 89' lang='lat' dir='ltr'>alii</span> <span class='ocrx_word' id='word_1_784' title='bbox 1279 5760 1456 5830; x_wconf 73' lang='lat' dir='ltr'>gladio</span> <span class='ocrx_word' id='word_1_785' title='bbox 1507 5762 1767 5819; x_wconf 86' lang='lat' dir='ltr'>interem-</span> 
     </span>
    </p>
   </div>
   <div class='ocr_carea' id='block_1_106' title="bbox 182 5826 1766 5897">
    <p class='ocr_par' dir='ltr' id='par_1_106' title="bbox 182 5826 1766 5897">
     <span class='ocr_line' id='line_1_106' title="bbox 182 5826 1766 5897; baseline 0.004 -16"><span class='ocrx_word' id='word_1_786' title='bbox 182 5838 345 5897; x_wconf 77' lang='lat' dir='ltr'>ptum</span> <span class='ocrx_word' id='word_1_787' title='bbox 382 5828 591 5888; x_wconf 80' lang='lat' dir='ltr'>dicant,</span> <span class='ocrx_word' id='word_1_788' title='bbox 637 5826 900 5882; x_wconf 68' lang='lat' dir='ltr'>Baronius</span> <span class='ocrx_word' id='word_1_789' title='bbox 928 5826 981 5882; x_wconf 82' lang='lat' dir='ltr'>in</span> <span class='ocrx_word' id='word_1_790' title='bbox 1009 5831 1153 5883; x_wconf 83' lang='lat' dir='ltr'>notis</span> <span class='ocrx_word' id='word_1_791' title='bbox 1189 5830 1259 5884; x_wconf 80' lang='lat' dir='ltr'>ad</span> <span class='ocrx_word' id='word_1_792' title='bbox 1284 5826 1572 5897; x_wconf 49' lang='lat' dir='ltr'>&#39;Martyrol.</span> <span class='ocrx_word' id='word_1_793' title='bbox 1610 5831 1766 5889; x_wconf 73' lang='lat' dir='ltr'>Rom.</span> 
     </span>
    </p>
   </div>
   <div class='ocr_carea' id='block_1_107' title="bbox 185 5888 1766 5970">
    <p class='ocr_par' dir='ltr' id='par_1_107' title="bbox 185 5888 1766 5970">
     <span class='ocr_line' id='line_1_107' title="bbox 185 5888 1766 5970; baseline 0.005 -19"><span class='ocrx_word' id='word_1_794' title='bbox 185 5888 244 5951; x_wconf 79' lang='grc' dir='ltr'>ἷιι</span> <span class='ocrx_word' id='word_1_795' title='bbox 309 5899 428 5952; x_wconf 64' lang='lat' dir='ltr'>luet:</span> <span class='ocrx_word' id='word_1_796' title='bbox 481 5898 644 5953; x_wconf 79' lang='lat' dir='ltr'>verba</span> <span class='ocrx_word' id='word_1_797' title='bbox 710 5897 997 5970; x_wconf 80' lang='lat' dir='ltr'>Menologii</span> <span class='ocrx_word' id='word_1_798' title='bbox 1075 5899 1385 5954; x_wconf 66' lang='lat' dir='ltr'>Grmcorum</span> <span class='ocrx_word' id='word_1_799' title='bbox 1437 5888 1766 5959; x_wconf 57' lang='lat' dir='ltr'>&#39;concluditi</span> 
     </span>
    </p>
   </div>
   <div class='ocr_carea' id='block_1_108' title="bbox 1864 4797 3434 4870">
    <p class='ocr_par' dir='ltr' id='par_1_108' title="bbox 1864 4797 3434 4870">
     <span class='ocr_line' id='line_1_108' title="bbox 1864 4797 3434 4870; baseline -0.008 -7"><span class='ocrx_word' id='word_1_800' title='bbox 1864 4809 2053 4863; x_wconf 87' lang='lat' dir='ltr'>labore</span> <span class='ocrx_word' id='word_1_801' title='bbox 2080 4814 2135 4860; x_wconf 88' lang='lat' dir='ltr'>et</span> <span class='ocrx_word' id='word_1_802' title='bbox 2176 4803 2448 4866; x_wconf 79' lang='lat' dir='ltr'>molestia,</span> <span class='ocrx_word' id='word_1_803' title='bbox 2479 4815 2639 4870; x_wconf 85' lang='lat' dir='ltr'>quam</span> <span class='ocrx_word' id='word_1_804' title='bbox 2677 4799 2898 4867; x_wconf 84' lang='lat' dir='ltr'>quidem</span> <span class='ocrx_word' id='word_1_805' title='bbox 2946 4797 3109 4867; x_wconf 91' lang='lat' dir='ltr'>paulo</span> <span class='ocrx_word' id='word_1_806' title='bbox 3153 4806 3275 4867; x_wconf 76' lang='lat' dir='ltr'>pas:</span> <span class='ocrx_word' id='word_1_807' title='bbox 3318 4798 3434 4867; x_wconf 84' lang='lat' dir='ltr'>ipsa</span> 
     </span>
    </p>
   </div>
   <div class='ocr_carea' id='block_1_109' title="bbox 1865 4889 3431 4969">
    <p class='ocr_par' dir='ltr' id='par_1_109' title="bbox 1865 4889 3431 4969">
     <span class='ocr_line' id='line_1_109' title="bbox 1865 4889 3431 4969; baseline -0.009 -16"><span class='ocrx_word' id='word_1_808' title='bbox 1865 4911 2083 4969; x_wconf 89' lang='lat' dir='ltr'>quoque</span> <span class='ocrx_word' id='word_1_809' title='bbox 2114 4895 2386 4948; x_wconf 88' lang='lat' dir='ltr'>attulisset</span> <span class='ocrx_word' id='word_1_810' title='bbox 2412 4902 2627 4955; x_wconf 88' lang='lat' dir='ltr'>natura,</span> <span class='ocrx_word' id='word_1_811' title='bbox 2667 4906 2755 4944; x_wconf 89' lang='lat' dir='ltr'>me</span> <span class='ocrx_word' id='word_1_812' title='bbox 2791 4889 3010 4945; x_wconf 84' lang='lat' dir='ltr'>voluisti</span> <span class='ocrx_word' id='word_1_813' title='bbox 3042 4905 3227 4944; x_wconf 85' lang='lat' dir='ltr'>emere</span> <span class='ocrx_word' id='word_1_814' title='bbox 3261 4889 3431 4943; x_wconf 83' lang='lat' dir='ltr'>bono-</span> 
     </span>
    </p>
   </div>
   <div class='ocr_carea' id='block_1_110' title="bbox 1869 4978 3437 5057">
    <p class='ocr_par' dir='ltr' id='par_1_110' title="bbox 1869 4978 3437 5057">
     <span class='ocr_line' id='line_1_110' title="bbox 1869 4978 3437 5057; baseline -0.01 -13"><span class='ocrx_word' id='word_1_815' title='bbox 1869 5005 1983 5046; x_wconf 88' lang='lat' dir='ltr'>rem</span> <span class='ocrx_word' id='word_1_816' title='bbox 2014 4986 2256 5057; x_wconf 77' lang='lat' dir='ltr'>martyrii</span> <span class='ocrx_word' id='word_1_817' title='bbox 2294 4985 2392 5053; x_wconf 82' lang='lat'>(8).</span> <span class='ocrx_word' id='word_1_818' title='bbox 2416 4983 2551 5037; x_wconf 88' lang='lat' dir='ltr'>Cum</span> <span class='ocrx_word' id='word_1_819' title='bbox 2584 4985 2701 5036; x_wconf 67' lang='lat' dir='ltr'>haec</span> <span class='ocrx_word' id='word_1_820' title='bbox 2729 4981 2954 5036; x_wconf 81' lang='lat' dir='ltr'>dixisset</span> <span class='ocrx_word' id='word_1_821' title='bbox 2992 4988 3048 5034; x_wconf 89' lang='lat' dir='ltr'>et</span> <span class='ocrx_word' id='word_1_822' title='bbox 3086 4980 3201 5033; x_wconf 74' lang='lat' dir='ltr'>[nec</span> <span class='ocrx_word' id='word_1_823' title='bbox 3248 4978 3437 5031; x_wconf 85' lang='lat' dir='ltr'>ultima</span> 
     </span>
    </p>
   </div>
   <div class='ocr_carea' id='block_1_111' title="bbox 1866 5073 3437 5150">
    <p class='ocr_par' dir='ltr' id='par_1_111' title="bbox 1866 5073 3437 5150">
     <span class='ocr_line' id='line_1_111' title="bbox 1866 5073 3437 5150; baseline -0.011 -11"><span class='ocrx_word' id='word_1_824' title='bbox 1866 5082 2030 5139; x_wconf 85' lang='lat' dir='ltr'>verba</span> <span class='ocrx_word' id='word_1_825' title='bbox 2064 5080 2321 5150; x_wconf 68' lang='lat' dir='ltr'>praeclare</span> <span class='ocrx_word' id='word_1_826' title='bbox 2344 5085 2489 5132; x_wconf 86' lang='lat' dir='ltr'>esset</span> <span class='ocrx_word' id='word_1_827' title='bbox 2509 5076 2744 5138; x_wconf 91' lang='lat' dir='ltr'>locutus,</span> <span class='ocrx_word' id='word_1_828' title='bbox 2774 5073 2969 5143; x_wconf 67' lang='lat' dir='ltr'>aequali</span> <span class='ocrx_word' id='word_1_829' title='bbox 2996 5080 3171 5126; x_wconf 88' lang='lat' dir='ltr'>morte</span> <span class='ocrx_word' id='word_1_830' title='bbox 3202 5076 3280 5127; x_wconf 89' lang='lat' dir='ltr'>sic</span> <span class='ocrx_word' id='word_1_831' title='bbox 3301 5085 3437 5140; x_wconf 86' lang='lat' dir='ltr'>quo-</span> 
     </span>
    </p>
   </div>
   <div class='ocr_carea' id='block_1_112' title="bbox 1866 5181 2539 5247">
    <p class='ocr_par' dir='ltr' id='par_1_112' title="bbox 1866 5181 2539 5247">
     <span class='ocr_line' id='line_1_112' title="bbox 1866 5181 2539 5247; baseline -0.01 -15"><span class='ocrx_word' id='word_1_832' title='bbox 1866 5192 1972 5247; x_wconf 83' lang='lat' dir='ltr'>que</span> <span class='ocrx_word' id='word_1_833' title='bbox 2001 5182 2084 5229; x_wconf 85' lang='lat' dir='ltr'>est</span> <span class='ocrx_word' id='word_1_834' title='bbox 2108 5181 2539 5228; x_wconf 86' lang='lat' dir='ltr'>consummatus.</span> 
     </span>
    </p>
   </div>
   <div class='ocr_carea' id='block_1_113' title="bbox 1938 5257 3440 5326">
    <p class='ocr_par' dir='ltr' id='par_1_113' title="bbox 1938 5257 3440 5326">
     <span class='ocr_line' id='line_1_113' title="bbox 1938 5257 3440 5326; baseline -0.007 -5"><span class='ocrx_word' id='word_1_835' title='bbox 1938 5265 2131 5321; x_wconf 75' lang='lat' dir='ltr'><strong>XXVI.</strong></span> <span class='ocrx_word' id='word_1_836' title='bbox 2167 5264 2465 5320; x_wconf 81' lang='lat' dir='ltr'>Carnifices</span> <span class='ocrx_word' id='word_1_837' title='bbox 2487 5270 2689 5324; x_wconf 86' lang='lat' dir='ltr'>autem,</span> <span class='ocrx_word' id='word_1_838' title='bbox 2723 5275 2845 5316; x_wconf 90' lang='lat' dir='ltr'>cum</span> <span class='ocrx_word' id='word_1_839' title='bbox 2878 5272 3087 5313; x_wconf 88' lang='lat' dir='ltr'>sacrum</span> <span class='ocrx_word' id='word_1_840' title='bbox 3117 5257 3244 5311; x_wconf 86' lang='lat' dir='ltr'>illud</span> <span class='ocrx_word' id='word_1_841' title='bbox 3279 5269 3440 5326; x_wconf 85' lang='lat' dir='ltr'>caput</span> 
     </span>
    </p>
   </div>
   <div class='ocr_carea' id='block_1_114' title="bbox 1866 5351 3508 5429">
    <p class='ocr_par' dir='ltr' id='par_1_114' title="bbox 1866 5351 3508 5429">
     <span class='ocr_line' id='line_1_114' title="bbox 1866 5351 3508 5429; baseline -0.008 -15"><span class='ocrx_word' id='word_1_842' title='bbox 1866 5368 2261 5429; x_wconf 90' lang='lat' dir='ltr'>amputassent,</span> <span class='ocrx_word' id='word_1_843' title='bbox 2286 5367 2347 5411; x_wconf 91' lang='lat' dir='ltr'>ut</span> <span class='ocrx_word' id='word_1_844' title='bbox 2377 5372 2501 5410; x_wconf 87' lang='lat' dir='ltr'>eum</span> <span class='ocrx_word' id='word_1_845' title='bbox 2531 5370 2653 5409; x_wconf 89' lang='lat' dir='ltr'>esse</span> <span class='ocrx_word' id='word_1_846' title='bbox 2690 5353 3035 5408; x_wconf 83' lang='lat' dir='ltr'>interfectum</span> <span class='ocrx_word' id='word_1_847' title='bbox 3065 5351 3437 5412; x_wconf 85' lang='lat' dir='ltr'>ostenderent,</span> <span class='ocrx_word' id='word_1_848' title='bbox 3505 5392 3508 5395; x_wconf 94' lang='lat'><strong><em>.</em></strong></span> 
     </span>
    </p>
   </div>
   <div class='ocr_carea' id='block_1_115' title="bbox 1865 5443 3441 5520">
    <p class='ocr_par' dir='ltr' id='par_1_115' title="bbox 1865 5443 3441 5520">
     <span class='ocr_line' id='line_1_115' title="bbox 1865 5443 3441 5520; baseline -0.008 -14"><span class='ocrx_word' id='word_1_849' title='bbox 1865 5452 1932 5506; x_wconf 91' lang='lat' dir='ltr'>ad</span> <span class='ocrx_word' id='word_1_850' title='bbox 1989 5466 2167 5520; x_wconf 79' lang='lat' dir='ltr'>regem</span> <span class='ocrx_word' id='word_1_851' title='bbox 2221 5449 2486 5504; x_wconf 82' lang='lat' dir='ltr'>deferunt.</span> <span class='ocrx_word' id='word_1_852' title='bbox 2545 5445 2831 5502; x_wconf 88' lang='lat' dir='ltr'>Sellarinm</span> <span class='ocrx_word' id='word_1_853' title='bbox 2883 5460 3032 5509; x_wconf 88' lang='lat' dir='ltr'>vero,</span> <span class='ocrx_word' id='word_1_854' title='bbox 3076 5443 3167 5514; x_wconf 91' lang='lat' dir='ltr'>qui</span> <span class='ocrx_word' id='word_1_855' title='bbox 3216 5453 3441 5513; x_wconf 62' lang='grc' dir='ltr'>μείρει-ιιι</span> 
     </span>
    </p>
   </div>
   <div class='ocr_carea' id='block_1_116' title="bbox 1868 5532 3444 5603">
    <p class='ocr_par' dir='ltr' id='par_1_116' title="bbox 1868 5532 3444 5603">
     <span class='ocr_line' id='line_1_116' title="bbox 1868 5532 3444 5603; baseline -0.008 -7"><span class='ocrx_word' id='word_1_856' title='bbox 1868 5542 2133 5596; x_wconf 70' lang='lat' dir='ltr'>custodia:</span> <span class='ocrx_word' id='word_1_857' title='bbox 2174 5539 2430 5603; x_wconf 86' lang='lat' dir='ltr'>carceris,</span> <span class='ocrx_word' id='word_1_858' title='bbox 2464 5552 2588 5593; x_wconf 90' lang='lat' dir='ltr'>cum</span> <span class='ocrx_word' id='word_1_859' title='bbox 2619 5545 2765 5591; x_wconf 87' lang='lat' dir='ltr'>esset</span> <span class='ocrx_word' id='word_1_860' title='bbox 2791 5534 3155 5597; x_wconf 81' lang='lat' dir='ltr'>Christianus,</span> <span class='ocrx_word' id='word_1_861' title='bbox 3194 5543 3249 5588; x_wconf 88' lang='lat' dir='ltr'>et</span> <span class='ocrx_word' id='word_1_862' title='bbox 3277 5532 3444 5587; x_wconf 85' lang='lat' dir='ltr'>sciret</span> 
     </span>
    </p>
   </div>
   <div class='ocr_carea' id='block_1_117' title="bbox 1878 5623 3442 5702">
    <p class='ocr_par' dir='ltr' id='par_1_117' title="bbox 1878 5623 3442 5702">
     <span class='ocr_line' id='line_1_117' title="bbox 1878 5623 3442 5702; baseline -0.006 -16"><span class='ocrx_word' id='word_1_863' title='bbox 1878 5641 2173 5702; x_wconf 82' lang='lat' dir='ltr'>martyrum</span> <span class='ocrx_word' id='word_1_864' title='bbox 2227 5631 2494 5684; x_wconf 84' lang='lat' dir='ltr'>honorare</span> <span class='ocrx_word' id='word_1_865' title='bbox 2546 5642 2792 5697; x_wconf 89' lang='lat' dir='ltr'>corpora,</span> <span class='ocrx_word' id='word_1_866' title='bbox 2835 5626 3000 5681; x_wconf 86' lang='lat' dir='ltr'>vellet</span> <span class='ocrx_word' id='word_1_867' title='bbox 3040 5634 3219 5679; x_wconf 88' lang='lat' dir='ltr'>autem</span> <span class='ocrx_word' id='word_1_868' title='bbox 3270 5623 3442 5678; x_wconf 87' lang='lat' dir='ltr'>sancti</span> 
     </span>
    </p>
   </div>
   <div class='ocr_carea' id='block_1_118' title="bbox 1886 5766 3440 5837">
    <p class='ocr_par' dir='ltr' id='par_1_118' title="bbox 1886 5766 3440 5837">
     <span class='ocr_line' id='line_1_118' title="bbox 1886 5766 3440 5837; baseline -0.001 -17"><span class='ocrx_word' id='word_1_869' title='bbox 1886 5788 1905 5820; x_wconf 77' lang='grc' dir='ltr'>ι</span> <span class='ocrx_word' id='word_1_870' title='bbox 1941 5768 2117 5837; x_wconf 86' lang='lat' dir='ltr'>Ipsius</span> <span class='ocrx_word' id='word_1_871' title='bbox 2148 5768 2287 5821; x_wconf 80' lang='lat' dir='ltr'>collo</span> <span class='ocrx_word' id='word_1_872' title='bbox 2334 5768 2406 5821; x_wconf 85' lang='lat' dir='ltr'>ita</span> <span class='ocrx_word' id='word_1_873' title='bbox 2443 5768 2633 5836; x_wconf 88' lang='lat' dir='ltr'>laqueo</span> <span class='ocrx_word' id='word_1_874' title='bbox 2661 5768 2905 5828; x_wconf 85' lang='lat' dir='ltr'>astricto,</span> <span class='ocrx_word' id='word_1_875' title='bbox 2942 5777 2998 5820; x_wconf 92' lang='lat' dir='ltr'>ut</span> <span class='ocrx_word' id='word_1_876' title='bbox 3022 5766 3325 5835; x_wconf 87' lang='lat' dir='ltr'>respirandi</span> <span class='ocrx_word' id='word_1_877' title='bbox 3360 5767 3440 5820; x_wconf 80' lang='lat' dir='ltr'>fa-</span> 
     </span>
    </p>
   </div>
   <div class='ocr_carea' id='block_1_119' title="bbox 1880 5838 3443 5905">
    <p class='ocr_par' dir='ltr' id='par_1_119' title="bbox 1880 5838 3443 5905">
     <span class='ocr_line' id='line_1_119' title="bbox 1880 5838 3443 5905; baseline -0.003 -12"><span class='ocrx_word' id='word_1_878' title='bbox 1880 5840 2133 5893; x_wconf 79' lang='lat' dir='ltr'>cultatem</span> <span class='ocrx_word' id='word_1_879' title='bbox 2165 5854 2273 5889; x_wconf 89' lang='lat' dir='ltr'>non</span> <span class='ocrx_word' id='word_1_880' title='bbox 2316 5839 2561 5899; x_wconf 86' lang='lat' dir='ltr'>haberet,</span> <span class='ocrx_word' id='word_1_881' title='bbox 2600 5849 2895 5905; x_wconf 79' lang='lat' dir='ltr'>postremo&#39;</span> <span class='ocrx_word' id='word_1_882' title='bbox 2918 5839 3094 5892; x_wconf 81' lang='lat' dir='ltr'>securi</span> <span class='ocrx_word' id='word_1_883' title='bbox 3121 5838 3443 5905; x_wconf 82' lang='lat' dir='ltr'>percutitur,</span> 
     </span>
    </p>
   </div>
   <div class='ocr_carea' id='block_1_120' title="bbox 1883 5908 2879 5979">
    <p class='ocr_par' dir='ltr' id='par_1_120' title="bbox 1883 5908 2879 5979">
     <span class='ocr_line' id='line_1_120' title="bbox 1883 5908 2879 5979; baseline -0.004 -17"><span class='ocrx_word' id='word_1_884' title='bbox 1883 5910 2060 5979; x_wconf 79' lang='lat' dir='ltr'>capite</span> <span class='ocrx_word' id='word_1_885' title='bbox 2081 5925 2173 5977; x_wconf 84' lang='lat' dir='ltr'>pro</span> <span class='ocrx_word' id='word_1_886' title='bbox 2204 5909 2406 5962; x_wconf 68' lang='lat' dir='ltr'>(iliristi</span> <span class='ocrx_word' id='word_1_887' title='bbox 2438 5908 2542 5962; x_wconf 85' lang='lat' dir='ltr'>fide</span> <span class='ocrx_word' id='word_1_888' title='bbox 2570 5911 2826 5964; x_wconf 78' lang='lat' dir='ltr'>absciSso.</span> <span class='ocrx_word' id='word_1_889' title='bbox 2863 5928 2879 5958; x_wconf 85' lang='grc'><strong>›</strong></span> 
     </span>
    </p>
   </div>
  </div>
