4154 6490
757 416 856 482 ξ-ίῗ

1989 408 2268 469 MENSIS
2318 407 2776 468 J.\.\'U.~\IlIU$.

3912 406 4026 468 808

761 538 950 589 tolli-rc
978 526 1261 594 reliquias,
1281 533 1334 577 ct
1360 537 1452 578 eas
1479 534 1731 591 separare
1763 519 1830 572 ah
1856 517 1994 580 aliis,
2025 533 2093 571 ne.
2126 527 2334 570 tantum

2462 533 2531 569 νον
2557 518 2885 588 βουληθέντα
2928 520 3020 570 καὶ
3055 517 3156 587 ίδῗα
3183 516 3354 571 θεῖναι
3391 517 3496 572 τῶν
3516 511 3708 573 ’ἄλλων
3727 561 3743 586 ,
3773 521 3931 583 ὅπως
3962 525 4039 592 μὴ

761 617 957 669 lateret
988 613 1217 674 bonum,
1253 610 1570 680 permistum
1602 623 1722 661 cum
1761 605 1970 661 caeteris
1999 606 2336 672 corporibus,

761 705 1101 776 prohibuere
1134 701 1440 754 carniﬁces.
1483 698 1618 752 Cum
1664 697 1786 750 ﬁliis
1830 703 2007 747 autem
2037 693 2213 748 lesdin
2248 710 2344 746 an-

763 796 1013 848 nuntiata
1047 791 1241 843 fuisset
1267 789 1366 840 νὶιὶ
1406 787 1822 846 consummatio,
1846 785 1910 836 ad
1943 799 2103 851 quam
2121 793 2340 836 euntem

757 897 1055 953 martyrem
1121 882 1334 935 illnrum
1401 878 1554 947 pueri
1612 875 2101 943 consequebantur,
2154 882 2208 926 et
2268 871 2342 924 illi

757 977 1099 1036 serviebant,
1143 974 1177 1025 ii
1213 970 1446 1042 pecunia
1479 975 1836 1035 corrumpunt
1865 965 2180 1018 carniﬁcum
2218 964 2341 1016 dili-

765 1072 1036 1138 gentiam,
1085 1075 1140 1122 et
1180 1075 1240 1119 ut
1298 1078 1496 1132 corpus
1543 1062 1641 1115 sibi
1681 1061 1866 1114 liceret
1923 1059 2041 1114 loco
2094 1068 2346 1126 separato

759 1163 1060 1231 deponere,
1107 1151 1218 1210 non.
1263 1157 1452 1226 paucis
1499 1163 1686 1207 emunt
1732 1153 1999 1222 pecuniis.
2048 1150 2252 1204 Deinde
2302 1152 2346 1203 is

760 1265 976 1319 quoque
1025 1246 1351 1309 monachus,
1403 1245 1495 1313 qui
1540 1259 1663 1298 cun.
1711 1253 1945 1312 martyre
1983 1252 2288 1295 excesserat
2316 1256 2346 1294 e

761 1344 1035 1404 Cgesarea,
1059 1350 1114 1394 et
1153 1354 1276 1393 cum
1309 1339 1624 1392 decertante
1651 1337 1716 1390 ad
1753 1336 1915 1388 linem
1944 1349 2115 1403 usque
2142 1349 2349 1386 manse-

765 1443 871 1498 rat,
903 1433 1061 1502 cuius
1099 1432 1260 1486 etiam
1296 1446 1440 1500 saepe
1481 1430 1706 1484 fecimus
1737 1428 2070 1480 mentionem
2096 1467 2110 1490 ,
2141 1441 2264 1478 cum
2296 1433 2349 1478 et

766 1539 972 1595 pueros
1007 1524 1240 1576 ﬁliorum
1276 1522 1479 1578 lesdin.
1510 1529 1565 1572 et
1601 1518 1860 1587 quosdam
1892 1532 1960 1571 ex
1996 1517 2081 1577 iis,
2121 1515 2210 1584 qui
2243 1515 2350 1568 illic

767 1625 947 1676 erant,
979 1613 1261 1669 monachis
1286 1613 1340 1664 in
1365 1620 1576 1664 noctem
1609 1620 1922 1677 sequentem
1946 1608 2344 1676 assumpsisset.

766 1719 822 1762 ct
871 1717 929 1760 ut
976 1704 1222 1774 martyris
1257 1718 1456 1771 corpus
1495 1702 1582 1771 pie
1634 1710 1689 1753 et
1733 1709 1918 1752 sancte
1970 1704 2345 1767 componeret,

767 1797 1008 1851 venisset
1045 1798 1099 1862 (o
1129 1794 1425 1862 quomodo,
1463 1807 1496 1844 ο
1524 1791 1759 1852 Christe,
1793 1789 2024 1842 laudabo
2057 1789 2350 1843 miraculo.

770 1905 893 1943 rum
947 1897 1166 1941 tuorqu
1208 1880 1682 1954 magnitudinem?
1729 1881 1747 1950 )
1791 1880 2000 1934 invenit
2038 1895 2203 1934 canes
2248 1881 2350 1934 alia
2379 1857 2425 1916 Β

769 1981 992 2050 quidem
1033 1993 1262 2046 corpora
1315 1985 1426 2028 toto
1463 1989 1556 2028 ore
1580 1973 1895 2037 exedentes,
1935 1973 2002 2027 ab
2033 1973 2136 2026 hoc
2172 1982 2354 2026 autem

772 2073 890 2127 solo
915 2087 972 2125 se
995 2070 1349 2127 abstinentes.
1379 2076 1436 2119 ut
1454 2066 1594 2135 quod
1615 2081 1722 2119 non
1742 2066 2107 2134 subjiceretur
2126 2064 2359 2134 amplius

773 2165 984 2234 legibus
1028 2160 1298 2230 corporis.
1349 2159 1468 2212 Jam
1547 2159 1692 2213 enim
1754 2169 1871 2212 erat
1935 2157 2361 2227 pulchritudinis

776 2271 981 2310 corona
1012 2255 1065 2307 in
1096 2268 1260 2306 manu
1289 2252 1375 2302 hci
1406 2251 1641 2320 (divinus
1672 2252 1807 2303 dixit
1837 2250 2018 2316 Isaias)
2037 2262 2091 2303 et
2111 2250 2358 2304 diadema

781 2349 935 2418 regni
981 2349 1032 2398 in
1070 2360 1230 2398 manu
1268 2344 1356 2396 Dei
1395 2346 1534 2410 ejus.
1571 2343 1705 2396 Cum
1738 2343 2049 2396 sustulisset
2081 2357 2209 2411 ergo
2240 2356 2360 2394 cor-

777 2455 880 2508 pus
935 2437 1208 2507 martyris,
1241 2446 1295 2489 et
1327 2434 1542 2487 mundis
1592 2435 1795 2498 linteis,
1847 2450 1967 2501 quae
2014 2434 2211 2487 dedere
2264 2433 2360 2485 lilii

777 2529 954 2584 Iesdin
985 2542 1082 2596 pro
1114 2527 1330 2580 ultimis
1364 2526 1610 2593 corporis
1647 2526 1949 2595 exsequiis,
1973 2525 2212 2578 mundas
2240 2525 2363 2578 illas

778 2630 832 2675 ct
855 2630 1070 2674 sanctas
1098 2619 1410 2672 involvisset
1435 2619 1706 2686 reliquias,
1737 2617 1788 2670 iu
1816 2617 1982 2681 Sergii
2003 2617 2077 2685 (9)
2111 2615 2360 2684 martyris

780 2712 1135 2775 monasterio,
1169 2711 1311 2780 quod
1343 2711 1408 2763 ad
1441 2726 1607 2763 unum
1642 2709 1873 2777 lapidem
1904 2709 2137 2761 distabat
2170 2724 2197 2759 a
2221 2708 2360 2767 vico.

783 2803 1012 2870 deponit
1045 2802 1258 2854 decumo
1309 2801 1542 2866 septimo
1584 2801 1694 2868 (10)
1723 2799 1940 2867 quidem
1974 2813 2118 2851 anno
2146 2797 2357 2864 imperii

785 2895 864 2963 pii
897 2892 1151 2955 Ileraclii,
1182 2891 1438 2944 vicesimo
1467 2900 1646 2943 autem
1673 2889 1913 2942 secundo
1941 2887 2142 2942 mensis
2161 2886 2355 2940 Janua-

784 2984 872 3037 rii.
918 2983 965 3038 Is
1004 2985 1149 3038 enim
1197 2982 1300 3036 fuit
1343 2983 1482 3045 dies,
1520 2981 1611 3048 qui
1657 2982 1787 3035 vidit
1838 2981 2120 3035 decessum
2159 2987 2356 3045 marty-

785 3089 877 3128 I'IS.

860 3251 1070 3305 XXVII.
1101 3251 1360 3318 Sequenti
1387 3261 1566 3308 autem
1593 3251 1681 3305 die
1711 3251 1846 3305 duos
1879 3265 1940 3304 ex
1971 3250 2058 3312 iis,
2089 3253 2180 3319 qui
2207 3251 2362 3305 erant

789 3345 842 3396 in
877 3343 1123 3397 custndia
1157 3343 1304 3396 licuit
1351 3344 1540 3397 audire
1591 3343 1708 3396 ha’e
1760 3343 1903 3396 inter
1943 3357 2000 3395 se
2055 3353 2358 3398 narrantes.

789 3435 1012 3488 Dicebat
1062 3436 1209 3487 enim
1261 3449 1401 3488 unus
1442 3434 1640 3487 alteri:
1674 3433 1866 3486 Vidisti
1908 3433 2361 3500 quemadmodum

787 3541 969 3587 canes,
1005 3525 1096 3594 qui
1131 3525 1246 3578 heri
1277 3534 1563 3589 venerunt,
1597 3525 1816 3594 reliquis
1853 3524 2072 3592 quidem
2118 3524 2357 3593 corpori~

791 3616 894 3670 bus
919 3629 987 3668 se
1027 3615 1222 3683 cupide
1271 3615 1669 3683 impleverunt,
1710 3612 2090 3668 abstinuerunt
2119 3621 2298 3667 autem
2335 3629 2364 3667 a

792 3705 908 3762 solo
957 3719 1190 3773 corpore
1248 3705 1393 3757 illius
1449 3702 1702 3756 monachi
1751 3719 1766 3758 :
1809 3711 1864 3756 et
1909 3704 2364 3771 quemadmodum

791 3804 1076 3862 postquam
1106 3807 1164 3846 se
1191 3793 1311 3846 aliis
1340 3792 1720 3848 exsatiassent.
1751 3804 1921 3858 prope
1956 3789 2082 3842 illud
2115 3791 2367 3844 sedentes

794 3885 893 3938 visi
926 3893 1055 3938 sunt
1085 3884 1266 3951 potius
1303 3897 1425 3936 esse
1456 3881 1732 3943 custodes,
1759 3879 1910 3934 horis
1946 3881 2202 3949 deinceps
2230 3882 2366 3933 dua-

795 3981 898 4035 bus
946 3995 1123 4049 neque
1172 3979 1528 4042 recedentes,
1577 3991 1757 4046 neque
1805 3991 2007 4044 corpus
2051 3977 2368 4047 tangentes?

794 4072 944 4125 Alter
978 4083 1159 4124 autem
1187 4085 1376 4123 rursus
1403 4068 1678 4136 excipiens
1710 4067 2046 4122 orationem:
2080 4067 2191 4138 Ego
2220 4083 2369 4132 vero,

797 4162 994 4231 inquit,
1029 4177 1151 4215 cum
1181 4176 1406 4229 vespere
1441 4175 1506 4214 ex
1537 4160 1755 4228 specula
1787 4160 1844 4212 in
1880 4159 2101 4213 domum
2130 4169 2372 4214 reverte-

799 4269 908 4317 rer,
941 4253 1169 4307 videbar
1210 4252 1342 4304 mihi
1374 4251 1558 4304 videre
1601 4250 1811 4304 stellam
1843 4249 2132 4318 quamdam
2171 4259 2369 4304 terram

798 4353 1153 4414 tangentem,
1205 4342 1506 4412 jucundum
1562 4341 1854 4411 quemdam
1910 4350 1966 4395 et
2024 4341 2370 4410 perspicuum

2442 609 2692 662 τοσοῦτον
2728 609 2931 677 ἀγαθὸν
2955 608 3090 678 λάθῃ
3118 611 3228 671 τοῖς
3275 609 3484 673 λοιποῖς
3526 611 3800 680 ἀναμιγέν
3835 612 4040 680 σώμα-

2445 715 2558 760 σ.ν,
2591 696 2776 769 εἷρξαν
2811 701 2859 750 οί
2891 700 3093 766 δήμιοι.
3129 699 3483 768 Μηνυθείσης
3513 700 3570 752 δὲ
3602 701 3715 762 τοῖς
3750 702 3847 754 τοῦ
3893 702 4039 754 Ἰεσ-

2444 792 2525 843 δὶν
2547 793 2681 854 υἱοῖς
2712 792 2806 860 τῆς
2826 789 2918 842 τοῦ
2943 789 3135 859 ἀνδρὸς
3160 788 3518 852 τελειώσεως,
3552 790 3688 859 πρὸς
3711 790 3778 860 ἦν
3808 790 4040 842 ἀπιόντι

2444 883 2521 954 τῷ
2548 885 2784 953 μάρτυρι
2807 883 2991 944 παῖδες
3020 883 3242 934 ἐκείνων
3264 878 3405 951 ἦσαν
3433 881 3857 943 ἀκολουθοῦντες
3877 882 4042 948 αὐτῷ

2447 976 2540 1029 καὶ
2577 976 3006 1046 ὑπηρετούμενοι
3049 991 3064 1006 ο
3102 978 3380 1044 χρήμασιν
3408 974 3832 1044 ὑποφθείρουσιν
3885 969 4042 1027 οὗτνι

2446 1067 2546 1134 τὴν
2577 1065 2683 1118 τῶν
2712 1065 2918 1134 δημίων
2958 1063 3248 1132 ἀκρίϐειαν
3279 1065 3373 1116 καὶ
3412 1065 3510 1126 τὴν
3547 1063 3642 1114 τοῦ
3693 1062 3953 1132 σώματος
3983 1064 4042 1113 ἐι

2452 1155 2705 1218 ἰδιάζοντι
2768 1156 2916 1225 τόπῳ
2971 1154 3308 1220 κατάθεσιν,
3364 1154 3642 1225 ἀργυρίων
3679 1153 3781 1206 οὐκ
3833 1153 4040 1219 ὀλίγων

2449 1248 2728 1300 ὠνοῦνται.
2764 1244 2894 1300 Εἶτα
2922 1249 2949 1298 ὁ
2983 1249 3077 1300 καὶ
3101 1247 3564 1315 συναποδημήσας
3597 1249 3664 1299 ἐκ
3688 1247 4042 1314 Καισαρείας

2448 1341 2526 1409 τῷ
2564 1342 2799 1410 μάρτυρι
2854 1339 3106 1409 μοναχὸς,
3160 1341 3254 1392 καὶ
3314 1339 3563 1392 ἀθλοῦντι
3627 1338 3790 1407 μέχρι
3844 1338 4042 1399 τέλους

2453 1430 2944 1500 συμπαραμείνας,
3005 1422 3066 1482 οὗ
3120 1431 3213 1481 καὶ
3266 1429 3456 1498 μνείαν
3501 1429 3760 1492 πολλάκις
3809 1431 3839 1482 ό
3879 1430 4043 1496 λόγος

2452 1521 2602 1570 ἔθετο
2623 1560 2636 1580 ,
2672 1519 2796 1581 τούς
2819 1536 2874 1570 τε
2900 1519 3086 1580 παῖδας
3113 1519 3224 1569 τῶν
3250 1516 3342 1570 τοῦ
3373 1517 3561 1571 Ἰεσδὶν
3590 1518 3739 1576 υἱῶν,
3761 1520 3856 1570 καί
3880 1535 4042 1580 τινας

2451 1604 2556 1655 τῶν
2585 1605 2696 1655 ἐκεῖ
2733 1605 2982 1672 μοναχῶν
3014 1609 3094 1665 εἰς
3143 1605 3242 1674 τὴν
3284 1605 3547 1658 ἐπιοῦσαν
3578 1606 3748 1658 νύκτα
3778 1607 4043 1674 παραλα-

2453 1695 2583 1760 ϐὼν,
2621 1696 2712 1746 καὶ
2737 1695 2875 1747 ὥστε
2902 1695 3072 1748 τὸτοῦ
3108 1696 3388 1766 μάρτυρος
3442 1697 3603 1766 σῶμα
3653 1698 3813 1767 ίερῶς
3850 1714 3908 1750 τε
3942 1699 4042 1750 καὶ

2451 1789 2612 1850 ὁσίως
2645 1787 2980 1856 περιστεῖλαι
3029 1787 3356 1841 καταλαϐὼν
3405 1786 3472 1858 (ὣ
3525 1788 3642 1850 πῶς
3679 1788 3916 1853 ἀναξίως
3948 1789 4040 1841 al-

2453 1883 2592 1935 νέσω
2625 1881 3100 1951 σου,Χριστέ,τῶν
3132 1880 3424 1948 θαυμάτων
3453 1881 3511 1934 τὸ
3547 1880 3774 1950 μέγεθος
3794 1879 3861 1950 ;),
3885 1881 4042 1950 adp-I-

2455 1990 2573 2026 σκει
2618 1976 2742 2033 τοὺς
2793 1973 2964 2036 κύνας
3017 1972 3086 2024 τά
3148 1972 3247 2042 μὲν
3295 1972 3429 2024 ἀλλα
3470 1973 3577 2024 τῶν
3604 1975 3875 2041 σωμάτων
3929 1973 4043 2041 ἂψ

2454 2061 2676 2127 στόματι
2699 2060 3109 2122 κατεσθίοντας,
3137 2060 3327 2112 τούτου
3360 2062 3416 2113 δὲ
3452 2061 3610 2130 μόνον
3659 2062 3753 2114 καὶ
3788 2062 3914 2114 λίαν
3939 2079 4042 2115 πε-

2455 2150 2815 2219 φυλαγμένως
2856 2151 3076 2219 ἔχοντας
3099 2157 3190 2202 καὶ
3224 2151 3612 2219 ἀπεχομένους,
3644 2145 3732 2204 οἷα
3765 2151 3900 2221 μηδὲ
3937 2153 4041 2204 cci.-

2455 2258 2622 2309 ματος
2651 2241 2730 2293 ἔτι
2761 2241 2942 2310 νόμοις
2969 2241 3354 2308 ὑποκειμένου.
3385 2242 3526 2310 ’ίίδη
3540 2244 3646 2311 γὰρ
3665 2237 3734 2312 ἦν
3765 2244 4040 2309 στέφανος

2455 2333 2684 2395 κάλλους
2714 2335 2769 2384 ἐν
2800 2335 2942 2403 χειρὶ⁵
2975 2335 3205 2404 Κυρίου,
3240 2336 3267 2386 ὁ
3303 2334 3446 2397 Θεῖος
3485 2335 3550 2387 ἂν
3586 2331 3740 2386 εἶπεν
3779 2333 4039 2395 Ἠπαῖας,

2455 2425 2548 2477 καὶ
2589 2424 2826 2493 ὃ.άδημα
2889 2425 3168 2494 βασιλείας
3219 2429 3276 2477 ἐν
3329 2426 3473 2495 χειρὶ
3519 2425 3656 2478 Θεοῦ
3716 2425 3908 2477 αὑτοῦ.
3968 2426 4044 2476 Τὸ

2457 2515 2615 2582 σῶμα
2643 2517 2817 2568 τοίνυν
2839 2517 2931 2568 τοῦ
2967 2517 3241 2585 μάρτυρος
3266 2517 3610 2584 ἀνελόμενος,
3634 2516 3735 2570 καὶ
3765 2516 4044 2585 καθαραῖς

2455 2607 2686 2670 ὀθόναις,
2711 2606 2774 2669 ἀς
2797 2608 2845 2658 oi
2875 2605 2967 2658 τοῦ
3011 2607 3198 2658 Ἰεσδὶν
3226 2607 3331 2658 uici.
3354 2607 3664 2659 τελευταῖον
3685 2606 3765 2676 τῷ
3801 2608 4047 2675 μάρτυρι

2457 2697 2732 2766 παρέσχον
2785 2699 3076 2765 ἐντάφιον,
3119 2699 3178 2751 τὸ
3212 2699 3451 2768 καθαρὸν
3487 2701 3660 2752 ἐκεῖνο
3725 2701 3821 2750 καὶ
3881 2699 4047 2766 ἆγιςν

2460 2791 2764 2860 ἐνειλήσας,
2790 2794 2868 2854 είς
2896 2793 2995 2862 τὴν
3020 2792 3116 2844 τοῦ
3159 2794 3436 2862 μάρτυρος
3484 2791 3709 2862 Σεργίου
3759 2792 3929 2862 μονὴν
3969 2793 4054 2844 ἐπὶ

2462 2885 2670 2953 σημείῳ
2702 2880 2798 2951 τῆς
2829 2884 3016 2952 κώμης
3048 2883 3328 2952 διέχουσαν
3351 2883 3731 2946 κατατίθεται,
3774 2884 4054 2934 ἐπτακαι·

2467 2973 2678 3044 δεκάτῳ
2709 2975 2805 3043 μέν
2831 2975 2938 3026 ἔτει
2970 2976 3066 3042 τῆς
3109 2971 3433 3044 Ἡρακλείου
3475 2973 3566 3026 τοῦ
3598 2973 3858 3034 εὐσεϐοῦς
3895 2973 4057 3043 βασι-

2469 3063 2638 3128 λείας,
2664 3065 2838 3117 είκάδι
2867 3066 2921 3116 δὲ
2954 3067 3047 3118 καὶ
3069 3065 3299 3134 δευτέρᾳ
3325 3065 3494 3134 μηνὸς
3511 3064 3847 3134 Ἰανουαρίου
3870 3065 4050 3131 ,Αὕτη

2413 3145 2434 3167 ⁸
2468 3156 2574 3225 γὰρ
2595 3151 2661 3225 ἦν
2680 3157 2709 3224 ἡ
2728 3157 2820 3207 καὶ
2843 3156 2940 3224 τὴν
2960 3149 3216 3225 τελευτὴν
3238 3155 3420 3208 ίδόῦσα
3435 3154 3526 3207 τοῦ
3548 3155 3818 3226 μάρτυρος
3839 3156 4054 3226 ἡμέρα.

2542 3248 2674 3301 KZ'.
2714 3249 2804 3309 Εἰς
2835 3248 2889 3300 δὲ
2917 3248 3014 3316 τὴν
3047 3247 3304 3302 ἐπιοῦσαν
3335 3249 3428 3300 δύο
3465 3247 3574 3300 τῶν
3604 3249 3695 3300 ἐπὶ
3741 3249 3840 3317 τῆς
3872 3249 4058 3314 φυλα-

2465 3341 2565 3409 κῆς
2593 3357 2774 3398 τινων,
2799 3339 3024 3391 τοιαῦτα
3057 3340 3194 3408 πρὸς
3243 3340 3505 3409 ἀλλήλους
3551 3341 3775 3393 ἀκούειν
3833 3341 4056 3409 ὑπῆρξε

2464 3431 2853 3500 διηγουμένων,
2922 3431 2980 3482 '0
3042 3431 3140 3500 μὲν
3170 3431 3303 3502 γὰρ
3353 3433 3506 3499 ἔλεγε
3539 3431 3616 3501 τῷ
3649 3431 3820 3499 ἐτέριρ
3847 3449 3860 3461 ·
3899 3430 4060 3495 Εἶδες

2464 3523 2610 3581 ὃπως
2641 3521 2762 3590 χθές
2793 3522 3038 3586 ἐλἾόντες
3060 3525 3109 3576 οἱ
3140 3522 3301 3585 κύνες
3333 3524 3440 3575 τῶν
3476 3525 3574 3592 μὲν
3610 3523 3814 3576 λοιπῶν
3851 3525 4058 3592 nvem

2466 3613 2869 3683 ἐνεπίμπλαντο
2897 3617 3190 3685 σωμάτων,
3225 3615 3385 3686 μόνον
3412 3615 3468 3668 δὲ
3501 3614 3593 3668 τοῦ
3625 3615 3865 3686 μοναχοῦ
3899 3618 4056 3669 ἐκεί-

2467 3725 2556 3760 νου
2583 3709 2867 3776 ἀπείχοντο
2887 3749 2901 3772 ,
2940 3711 3032 3762 καὶ
3081 3710 3227 3771 ὅπως
3251 3710 3481 3779 ἐπείπερ
3513 3711 3713 3772 ἱκανῶς
3737 3710 3843 3761 τῶν
3875 3711 4059 3761 ἄλλων

2468 3800 2932 3870 ἐμφορηθείησαν,
2967 3801 3194 3869 πλησίον
3219 3803 3428 3854 ἐκείνου
3454 3801 3593 3854 καθῆ
3604 3818 3756 3869 μενοι
3807 3801 4061 3866 φύλακες

2469 3891 2655 3961 ὥσπερ
2686 3885 2823 3944 εἶναι
2847 3893 3048 3960 μᾶλλον
3080 3892 3342 3962 ἐῴκεσαν,
3375 3892 3533 3962 ὡρῶν
3576 3893 3701 3959 ἑξῆς
3746 3891 3859 3944 δῦω
3915 3895 4064 3961 μήτε

2469 3981 2879 4052 ἀποχωροῦντες
2919 3983 3053 4050 μήτε
3085 3981 3178 4034 τοῦ
3207 3981 3457 4050 σώματος
3489 3982 3785 4051 θήγοντεςς
3821 3983 4067 4051 Ἀτερςς

2471 4071 2528 4124 δὲ
2551 4073 2710 4125 πάλιν
2729 4074 2818 4123 τὸν
2844 4073 3000 4140 λόγον
3019 4071 3332 4138 ὑπολαϐὼν,
3354 4073 3496 4138 Ἐγὼ
3512 4075 3590 4138 δὲ,
3617 4076 4068 4145 φησὶν,ὲσπέρας

2471 4163 2534 4214 ἐκ
2563 4164 2659 4232 τῆς
2694 4163 3044 4232 κατασκοπῆς
3092 4165 3169 4226 εἰς
3202 4163 3298 4232 τὴν
3327 4165 3506 4217 οἰκίαν
3543 4166 3806 4229 ἐπανιὼν,
3834 4167 4068 4220 ἐδόκουν

2471 4253 2678 4322 ἀστέρα
2728 4255 2850 4306 τινὰ
2905 4255 3000 4318 τῆς
3044 4253 3147 4323 γῆς
3177 4253 3418 4323 ψαύοντα
3451 4255 3693 4323 βλέπειν,
3748 4256 3846 4324 ἡδύ
3875 4273 3934 4309 τι
3967 4260 4068 4309 καὶ

2473 4343 2728 4410 διαφανὲς
2757 4345 3236 4412 ἀπαστράπτονταο
3266 4345 3358 4398 καὶ
3383 4347 3444 4397 τὸ
3465 4346 3648 4399 καινὸν
3676 4347 3860 4400 τοίνυν
3888 4366 4072 4401 κατα-

802 4433 1151 4502 Splendorcm
1177 4433 1540 4486 emittentem.
1577 4431 1882 4500 Spectaculi
1922 4431 2102 4499 itaque
2133 4431 2362 4485 novitate

2481 4436 2708 4503 πλαγεὶς
2741 4434 2835 4488 τοῦ
2868 4435 3138 4503 θεάματος
3158 4477 3171 4497 ,
3199 4438 3347 4498 ὅπως
3376 4438 3435 4488 οὒ
3471 4439 3613 4490 κατά
3656 4439 3786 4501 τοὺς
3833 4439 4068 4502 λοιποὺς

801 4526 1248 4592 obstupefactus,
1298 4523 1440 4592 quod
1489 4523 1690 4577 scilicet
1741 4538 1847 4576 non
1897 4523 2040 4576 sicut
2081 4521 2232 4585 aliae,
2276 4522 2373 4576 sed

801 4617 1066 4672 humilius
1101 4627 1155 4670 et
1204 4624 1363 4670 terra:
1410 4614 1645 4668 vicinius
1692 4614 2087 4683 resplenderet,
2133 4613 2271 4668 vado
2315 4623 2374 4668 ut

803 4710 1039 4769 rideam,
1069 4709 1330 4776 quidnam
1362 4707 1430 4760 sit
1478 4707 1630 4770 illud,
1663 4713 1806 4775 quod
1842 4716 2186 4776 apparuerat.
2235 4707 2373 4762 Cum

801 4808 984 4851 autem
1021 4797 1095 4850 fui
1129 4813 1296 4866 prope
1329 4797 1479 4850 illum
1506 4797 1708 4858 locum,
1745 4797 1894 4850 illam
1920 4797 2138 4866 quidem
2167 4797 2375 4850 stellam

805 4889 993 4941 videre
1040 4903 1146 4940 non
1179 4896 1445 4956 poteram,
1484 4887 1580 4941 sed
1630 4889 1803 4941 solum
1851 4903 2052 4955 corpus
2084 4888 2374 4951 monachi,

805 4979 950 5047 quod
987 4979 1206 5046 jaeehat
1237 4993 1400 5045 super
1428 4985 1647 5030 terram.
1686 4977 1812 5030 Hzcc
1856 4992 1977 5030 cum
2009 4986 2293 5030 narrarent
2324 4986 2378 5030 et

805 5070 1136 5124 mirarentur
1161 5069 1380 5130 milites,
1413 5068 1632 5136 quidam
1657 5083 1723 5120 ex
1749 5067 2078 5122 Christianis
2113 5068 2373 5136 captivis,

807 5161 898 5229 qui
927 5160 1211 5214 exercitati
1247 5169 1404 5213 erant
1434 5161 1486 5213 in
1520 5160 1703 5228 lingua
1733 5158 1969 5223 Persica,
1998 5175 2103 5227 qua
2131 5167 2258 5212 tunc
2303 5159 2376 5212 illi

811 5253 956 5305 inter
985 5267 1043 5304 se
1076 5251 1388 5315 utebantur,
1432 5251 1822 5304 intellexerunt
1853 5266 1936 5309 ea,
1972 5266 2092 5316 qua:
2122 5250 2380 5310 diceban-

810 5352 923 5396 tur.
964 5341 1038 5394 Et
1071 5342 1265 5409 quibus
1294 5341 1403 5394 duo
1432 5342 1648 5410 quidam
1678 5340 1899 5394 relaxati
1936 5356 1965 5392 a
1991 5341 2234 5394 custodia
2264 5351 2384 5408 post

813 5435 1197 5500 interemptum
1234 5448 1413 5504 regem
1437 5433 1738 5494 Chosroen,
1761 5448 1866 5485 una
1896 5447 2020 5486 cum
2047 5431 2230 5486 multis
2263 5432 2384 5484 aliis

817 5535 1088 5580 venerunt
1156 5527 1209 5578 in
1260 5536 1503 5579 sanctam
1550 5524 1864 5588 civitatem,
1926 5524 2125 5592 quibus
2165 5523 2382 5591 quidem

816 5629 1043 5686 martyr,
1079 5632 1201 5671 cum
1250 5631 1356 5670 una
1392 5632 1514 5670 cum
1551 5616 1630 5670 eis
1653 5624 1799 5670 esset
1827 5615 1880 5668 in
1907 5630 2147 5677 carcere,
2176 5614 2242 5668 de
2287 5629 2383 5668 sua

2483 4525 2551 4599 ἦν
2581 4528 2836 4598 ἀστέρας,
2873 4529 3010 4581 ἀλλὰ
3045 4529 3300 4598 χθαμαλι.
3334 4529 3429 4582 καὶ
3479 4531 3746 4599 πρόσγεια
3801 4533 4068 4602 λάμπων,

2478 4620 2781 4689 πορεύομαι
2835 4620 2886 4672 τί
2944 4619 3062 4672 ποτ’
3091 4620 3156 4673 ἂν
3185 4621 3270 4690 εἴη
3323 4624 3383 4674 τὸ
3416 4623 3582 4690 φανὲν
3633 4625 3812 4676 ἐκεῖνο
3844 4626 4068 4694 μαθεῖν.

2490 4711 2577 4773 Ὧς
2604 4711 2658 4762 δὲ
2683 4711 2781 4780 ἥδη
2809 4711 3034 4780 πλησίον
3067 4712 3333 4782 ἐγενόμην
3357 4712 3450 4764 τοῦ
3495 4714 3682 4774 τόπου,
3726 4717 3943 4786 ἀστέρα
3971 4721 4072 4787 μὲν

2478 4801 2685 4854 ἐκεῖνον
2731 4798 3022 4869 ούκέίχον
3078 4803 3231 4871 όρᾷν,
3268 4803 3426 4872 μόνον
3475 4804 3533 4856 δὲ
3564 4804 3623 4856 τδ
3670 4804 3765 4857 τοῦ
3823 4810 4073 4877 μοναχοῦ

2480 4892 2637 4961 σῶμα
2667 4892 2917 4960 κείμενον
2945 4892 3031 4944 ἐπ’
3064 4893 3318 4961 ἐδάφους.
3352 4893 3538 4947 Ταῦτα
3566 4895 3673 4947 τῶν
3706 4901 4074 4967 στρατιωτῶν

2479 4985 2539 5036 ἐν
2571 4985 2932 5052 διηγήσεικαὶ
2975 4984 3216 5052 θαύματι
3271 4988 3634 5055 ποιουμένων,
3665 4989 3815 5051 τινὲς
3859 4991 3983 5042 τῶν
4019 4995 4078 5044 ἐν

2479 5075 2546 5141 τῇ
2571 5074 2786 5142 φυλακῇ
2821 5075 3162 5142 Χριστιανῶν
3223 5077 3607 5145 αἰχμαλώτων,
3671 5080 3776 5149 τὴν
3836 5082 4080 5152 Περσῶν

2485 5162 2792 5230 ἠσκημένοι
2843 5161 3128 5228 γλῶσσαν,
3263 5165 3384 5216 τότε
3431 5165 3670 5217 κάκεῖνοι
3705 5167 3843 5236 πρὸς
3894 5170 4077 5235 ἁπλῆ-

2482 5254 2604 5316 λους
2654 5253 2930 5322 ἐχρῶντο,
2977 5254 3085 5305 τῶν
3140 5255 3452 5324 λεγομένων
3505 5257 3778 5319 συνίεσαν,
3841 5253 3927 5312 ὧν
3984 5265 4081 5315 καὶ

2483 5346 2575 5397 δύο
2604 5349 2744 5406 τινὲς
2779 5343 2876 5411 τῆς
2909 5345 3154 5413 φυλακῆς
3186 5345 3471 5408 ἀνεθέντες
3499 5348 3644 5416 μετά
3691 5347 3792 5418 τὴν
3823 5349 4082 5424 Χοσρὸου

2485 5435 2578 5488 τοῦ
2613 5435 2875 5503 βασιλέως
2910 5436 3211 5505 ἀναίρεσιν,
3247 5438 3343 5490 σὺν
3368 5437 3485 5505 ἅμα
3515 5438 3728 5509 πολλοῖς
3752 5442 3854 5492 καὶ
3891 5443 4084 5506 ἀλλοις

2486 5525 2584 5592 τὴν
2616 5524 2778 5590 ἁγίαν
2806 5525 2960 5576 πόλιν
2988 5525 3320 5578 κατέλαϐονο
3371 5521 3452 5589 οἷς
3491 5528 3662 5597 δήπου
3697 5529 3800 5582 καὶ
3833 5533 4023 5586 συνὼν
4057 5537 4085 5586 ὁ

2494 5616 2701 5685 μάρτυς
2732 5617 2789 5666 ἐν
2835 5615 2914 5685 τῷ
2935 5617 3332 5689 δεσμωτηρίῳ,
3365 5620 3491 5690 περί
3523 5637 3583 5672 τε
3614 5620 3713 5691 τῆς
3754 5621 3967 5680 ἑαυτοῦ
3999 5644 4086 5679 τε-

890 5753 963 5824 (9)
993 5751 1236 5824 sergium
1262 5754 1313 5807 in
1340 5755 1691 5808 veneratione
1715 5768 1744 5805 a
1777 5750 2024 5824 Chosroe
2055 5752 2297 5805 habitum
2324 5751 2882 5824 memoratLBaronius
2914 5752 3244 5824 obrplurima
3271 5756 3321 5808 in
3351 5756 3524 5824 ipsum
3555 5757 3750 5813 collata
3771 5757 4084 5822 beneﬁcia.

889 5823 998 5888 ΗΟ)
1039 5821 1264 5877 Heraclii
1301 5824 1362 5878 I7
1404 5824 1616 5894 imperii
1650 5837 1826 5876 annus
1862 5822 1962 5874 fuit
2002 5823 2206 5877 Chi-Ni
2246 5824 2367 5876 (:27.

2416 5831 2553 5876 teste
2594 5822 2822 5874 Ilaronio
2865 5835 2901 5875 ι.
2948 5823 3056 5876 VIII
3093 5823 3285 5878 Annal.
