4154 6490
748 420 849 486 811

2023 431 2308 492 MENSIS
2343 434 2805 497 JANUAIUUS.

3910 442 4014 508 812

740 543 827 587 set
853 534 1125 587 colobium
1156 547 1205 587 el
1242 536 1344 589 huc
1390 536 1550 591 simul
1584 549 1746 608 atque
1798 543 2122 612 accepisset,
2170 546 2321 614 juve-

2427 568 2572 621 οχος.
2612 553 2950 622 Αἰτήσαντος
2980 554 3073 608 οὖν
3109 573 3173 625 με
3210 557 3270 608 τὸ
3293 557 3533 609 κολιὶϐιον
3562 557 3643 610 ὅτι
3678 558 3905 612 πὶείςτα
3933 566 4021 615 τοῦ

748 640 869 678 nem
903 625 1171 679 induisset
1213 630 1266 697 (ι)
1295 629 1529 683 celerem
1559 632 1943 698 visitationem,
1971 651 2005 690 ο
2028 638 2323 706 promptis-

749 722 942 775 simum
974 722 1309 792 auxilium!)
1355 724 1538 778 statim
1576 726 2074 795 cxnitdarmonem,
2125 739 2185 784 ut
2229 731 2321 799 qui

742 816 884 869 sicut
914 814 1085 884 frigus
1125 815 1312 883 calori,
1342 818 1423 871 vel
1453 817 1559 872 luci
1594 821 1856 886 tenebraa,
1902 820 2031 875 huic
2068 825 2322 894 martyris

741 921 921 975 panno
962 907 1120 963 facile
1160 908 1542 966 cessissetzin
1596 913 1820 985 gloriam
1876 914 2088 969 Domini
2144 918 2318 971 nostri

738 1002 865 1055 .lesu
896 1000 1123 1068 Christi,
1153 1018 1314 1072 quem
1346 1004 1503 1060 decet
1528 1007 1709 1061 onmis
1745 1008 1922 1064 honor
1951 1020 2007 1066 et
2049 1010 2316 1078 adoratio,

739 1109 889 1148 nunc
923 1104 975 1149 et
1003 1095 1056 1149 in
1085 1097 1280 1152 saecula
1311 1099 1654 1169 saeculorum,
1689 1103 1881 1159 Amen.

749 1366 1574 1395 mm

2120 1371 2245 1378 —_..

2428 642 2757 711 ἡγουμένου,
2819 645 2913 697 καὶ
2957 644 3114 697 τοῦτο
3153 645 3406 709 λαϐόντος
3458 650 3574 715 ἅμα
3621 649 3715 701 καὶ
3767 650 3859 702 τὸν
3907 653 4019 704 νέον

2427 734 2763 798 ἐνδύσαντος.
2791 735 2857 805 (ὢ
2876 737 3096 806 ταχείας
3126 738 3453 807 ὲπιτκοπῆς,
3478 738 3523 790 ὢ
3540 739 3882 809 Θερμοτάτης
3908 743 4019 794 ἑπι-

2424 826 2647 895 κουρίας
2669 828 2708 896 ι)
2728 828 2819 880 τὸν
2849 827 3082 898 δαίμονα
3116 830 3276 894 εὐθὺς
3298 831 3612 895 ἀποδύεται,
3634 831 3823 902 ὤτπερ
3841 832 4013 902 θέρμῃ

2422 919 2668 992 ψύχος,ῆ
2693 924 2833 991 φωτὶ
2861 924 3077 989 σκότος,
3101 924 3178 995 τῷ
3211 927 3539 996 μαρτυρικῷ
3558 927 3732 994 τούτῳ
3750 930 3908 997 ρἁει
3929 931 4015 998 pg.-

2422 1012 2549 1077 δξως
2570 1014 3030 1086 ὑποχωρήσαντα’
3065 1017 3142 1079 εἰς
3158 1017 3314 1083 δόξαν
3326 1019 3421 1072 τοῦ
3441 1021 3647 1091 Κυρίου
3662 1022 3821 1091 ήμῶθ
3838 1021 4011 1089 Ἰησνὺ

2438 1107 2701 1177 Χριστοῦ,
2791 1110 2992 1179 πρέπει
3012 1113 3161 1164 πᾶσα
3182 1113 3338 1184 τιμὴ,
3362 1115 3454 1166 καὶ
3479 1115 3875 1187 προσκύνησις,
3898 1114 4011 1177 νῦν,

2441 1199 2535 1251 καὶ
2560 1199 2670 1257 ἀεὶ.
2699 1202 2793 1254 καὶ
2818 1203 2899 1265 εις
2937 1204 3065 1267 τοὺς
3095 1203 3299 1268 αἰῶνας
3330 1205 3440 1259 τῶν
3465 1205 3696 1262 αἰώνων.
3749 1207 3945 1273 Ἀμήν.

2249 1372 2587 1384 *ἡ

2147 1376 3984 1409 Ἥ

1320 1516 1501 1627 DE
1593 1516 1711 1630 S.
1801 1515 2569 1631 CLEMENTE
2656 1518 3441 1638 ANCYRANO

2096 1715 2247 1803 ΕΤ
2304 1714 2687 1805 SOCIIS

1321 1906 1501 1970 (Initio
1532 1905 1705 1957 saeculi
1732 1917 1798 1968 tv,
1831 1905 1892 1955 25
1923 1906 2162 1956 Januarii.
2200 1902 2401 1953 —Acta
2424 1903 2513 1953 SS.
2550 1905 2773 1957 Bolland.
2797 1907 2857 1958 ad
2876 1907 3005 1959 hanc
3029 1908 3185 1972 diem,
3218 1923 3266 1973 p.
3291 1911 3423 1973 453.)

2325 2021 2395 2033 .—

912 2149 938 2220 §
976 2162 1013 2201 ι.
1052 2147 1109 2203 S.
1144 2145 1422 2203 Clementis
1457 2148 1699 2217 martyrii
1732 2157 1953 2215 tempus,
1988 2148 2138 2200 socii.

820 2262 867 2313 l.
891 2259 1129 2325 Galatae,
1166 2258 1402 2312 Asiatica
1440 2272 1603 2328 gens.
1642 2258 1906 2327 Bithyniae
1938 2258 2280 2311 contermina
2302 2300 2316 2325 ,

748 2368 774 2405 e
797 2350 985 2407 Galliis
1015 2364 1320 2420 progressa,
1354 2360 1409 2403 ut
1436 2364 1628 2403 nomen
1658 2350 1829 2419 ipsum
1858 2358 2105 2415 testatur,
2140 2358 2193 2402 ct
2221 2351 2323 2403 lin-

748 2460 881 2514 gua;
915 2457 1038 2496 nam
1094 2449 1232 2496 teste
1278 2440 1335 2495 S.
1383 2439 1710 2510 Hieronymo
1755 2454 1984 2508 prooem.
2024 2441 2077 2493 in
2127 2440 2219 2493 lib.
2282 2456 2319 2495 ιι

748 2534 1050 2591 Comment.
1084 2531 1138 2585 in
1169 2532 1339 2600 Epist.
1379 2534 1435 2584 S.
1472 2530 1620 2583 Pauli
1670 2532 1735 2584 ad
1760 2530 2000 2594 Galatas,
2037 2547 2055 2581 ι
2094 2541 2322 2601 excepto

747 2624 931 2679 Graeco
957 2638 1226 2686 sermone,
1259 2636 1364 2690 quo
1394 2622 1572 2676 onmis
1604 2620 1799 2676 Oriens
1828 2621 2165 2691 loquebatur,
2197 2638 2321 2691 pro-

746 2719 917 2788 priam
945 2717 1180 2786 linguam
1220 2716 1511 2777 habebant,
1546 2714 1789 2768 eamdem
1827 2728 1960 2782 pene
1990 2730 2149 2783 quam
2186 2713 2322 2767 Tre-

747 2812 873 2864 viri:
905 2827 924 2861 ι
963 2807 1312 2864 Teutonicum
1345 2808 1623 2873 nimirum,
1654 2821 1774 2873 quae
1796 2806 1922 2860 olim
1953 2806 2122 2862 Gallis
2148 2807 2324 2861 omni-

745 2906 843 2957 bus
886 2901 1209 2966 communis,
1258 2916 1401 2954 nunc
1456 2903 1593 2968 parti
1652 2898 1968 2968 Belgarum,
2006 2897 2322 2963 Germanis,

743 2998 971 3065 aliisque
1016 2995 1084 3049 ad
1134 2995 1337 3047 Arcton
1374 2991 1604 3061 populis,
1640 2994 1741 3046 etsi
1784 2990 1932 3045 varia
1974 2991 2205 3046 dialecto
2248 2992 2322 3045 ita

743 3088 994 3149 alterata,
1026 3094 1086 3139 ut
1119 3084 1206 3138 vix
1236 3101 1299 3139 ac
1332 3100 1400 3139 ne
1430 3086 1516 3139 vix
1539 3084 1754 3153 quidem
1786 3094 1973 3137 mutuo
2002 3085 2323 3154 intelligant.

747 3178 1059 3250 Metropolis
1088 3175 1402 3231 Galatarum
1436 3183 1553 3230 erat
1583 3177 1821 3247 Ancyra.
1866 3175 2022 3242 cujus
2056 3176 2325 3231 antisntes

744 3281 926 3340 postea
966 3287 984 3321 ι
1022 3268 1439 3324 Houoratissimi
1472 3269 1748 3338 principes
1769 3269 1935 3322 totius
1955 3267 2179 3321 Galatia:
2225 3287 2243 3319 ι
2273 3270 2321 3320 in

746 3366 817 3418 lix
830 3364 1095 3432 positione
1109 3361 1399 3416 Andronici
1418 3359 1698 3429 Palmologi
1714 3361 1943 3415 senioris
1964 3361 2319 3429 appellantur.

811 3456 869 3509 2.
911 3454 965 3509 In
1021 3455 1184 3524 ling'us
1225 3454 1374 3508 urbis
1404 3452 1759 3523 episcopalem
1796 3452 2049 3506 thronum
2099 3460 2318 3505 evectus

742 3550 870 3604 olim
899 3547 998 3602 fuit
1016 3546 1074 3602 S.
1100 3547 1371 3607 Clemens,
1395 3544 1641 3615 gloriosa:
1654 3542 1775 3596 dein
1803 3552 2100 3610 martyrum
2128 3550 2317 3594 turmae

746 3639 1078 3711 primipilus,
1137 3653 1264 3693 cum
1312 3636 1624 3692 vicesimum
1679 3634 1936 3688 duntaxat
1974 3649 2170 3686 annum
2221 3648 2318 3687 ex-

745 3734 942 3800 plesset
989 3731 1197 3786 aetatis.
1238 3726 1409 3784 Natus
1470 3728 1516 3781 is
1548 3737 1677 3793 erat
1724 3725 2009 3780 Valeriano
2071 3724 2317 3788 consule,

745 3823 955 3893 imperii
991 3820 1259 3877 Valeriani
1301 3835 1443 3874 anno
1485 3818 1573 3883 12,
1627 3815 1836 3871 Christi
1876 3816 2002 3870 250.
2080 3814 2203 3869 Fuit
2254 3831 2318 3870 ea

745 3914 1099 3984 quorumdam
1137 3908 1449 3968 Graecorum
1481 3909 1682 3979 epoeha
1717 3908 1891 3976 (quod
1938 3907 2063 3959 alibi
2096 3909 2320 3959 monui-

748 4008 906 4080 mus)
963 4017 1025 4062 ut
1076 4017 1201 4062 octo
1241 4005 1399 4059 annis
1452 4004 1649 4065 serius,
1699 4012 1858 4069 atque
1908 4000 2081 4054 Latini
2140 4000 2319 4068 vulgo,

747 4113 909 4154 teram
938 4096 1303 4153 Christianam
1339 4094 1672 4149 ordirentur.
1706 4092 1845 4159 Ergo
1879 4091 1922 4144 si
1953 4104 2093 4144 anno
2120 4088 2319 4143 Christi

747 4188 872 4253 250,
898 4187 1049 4253 juxta
1098 4187 1337 4258 ipsorum
1395 4183 1684 4249 calculum,
1725 4184 1777 4236 in
1806 4181 1977 4235 lucem
2017 4180 2193 4234 editus
2239 4191 2322 4235 est

748 4279 1020 4346 Clemens,
1066 4279 1111 4333 is
1158 4291 1334 4332 annus
1367 4274 1468 4331 fuit
1494 4288 1615 4329 mra:
1664 4272 1900 4342 vulgaris
1934 4270 2040 4327 258
2073 4280 2164 4326 aut
2193 4270 2318 4334 257,

751 4379 1024 4442 postrema
1076 4369 1157 4425 sui
1196 4377 1370 4439 parte,
1418 4382 1541 4422 nam
1573 4380 1771 4420 annum
1819 4380 1847 4418 a
1886 4363 2187 4433 Septembri
2227 4379 2322 4418 au-

749 4460 1114 4529 spicabantur.
1160 4456 1364 4513 Consul
1404 4467 1532 4512 tunc
1564 4454 1665 4509 fuit
1694 4462 1944 4524 quartum
1980 4450 2321 4517 Valerianus,

749 4563 803 4607 et
839 4549 1113 4607 Gallienus
1175 4550 1391 4605 tertium
1436 4565 1450 4603 :
1502 4556 1557 4602 at
1609 4546 1825 4601 nonnisi
1861 4546 2079 4615 quintus
2136 4558 2321 4599 eorum

752 4641 964 4709 imperii
991 4655 1163 4694 annus
1193 4641 1237 4695 is
1266 4647 1384 4693 erat
1412 4653 1426 4691 :
1464 4651 1564 4691 tiec
1602 4636 1977 4691 duodecimum
2010 4634 2185 4705 attigit
2215 4631 2324 4685 Va-

752 4736 1009 4799 lerianus,
1046 4748 1187 4787 anno
1212 4730 1412 4787 Christi
1435 4728 1562 4795 260,
1598 4744 1627 4782 a
1657 4726 1863 4797 Sapore
1883 4726 2168 4781 Persarum
2199 4739 2323 4797 rege

749 4836 959 4893 captus,
1015 4838 1177 4891 atque
1234 4822 1625 4876 immanissima
1676 4821 2052 4887 interemptus.
2117 4818 2223 4872 Sed
2275 4818 2319 4871 si

751 4916 926 4984 placet
972 4930 1171 4968 anmun
1213 4914 1281 4969 ab
1329 4913 1479 4968 adito
1513 4911 1738 4982 imperio
1776 4910 2154 4964 duodecimum
2195 4910 2323 4962 reti-

753 5022 905 5069 nere,
945 5019 1053 5075 quo
1084 5004 1381 5066 Gallienus,
1431 5018 1554 5057 cum
1590 5015 1742 5071 patre
1772 5011 2101 5069 susceptum,
2146 5000 2321 5052 adhuc

750 5097 1169 5152 administrabat
1211 5095 1496 5163 imperium
1520 5132 1536 5157 ,
1574 5092 1770 5147 Christi
1814 5095 1859 5146 is
1899 5102 2017 5145 erat
2052 5091 2177 5154 265,
2216 5104 2321 5158 quo

758 5188 1070 5244 Valerianus
1093 5188 1297 5257 junior,
1326 5186 1552 5242 Gallieni
1587 5186 1777 5249 frater,
1812 5186 2104 5239 secundum
2132 5182 2320 5236 censul

754 5283 870 5347 fuit,
902 5297 1024 5337 cum
1056 5280 1117 5335 [ι.
1164 5279 1409 5335 Caesonio
1447 5277 1650 5333 Lucillo
1692 5278 1870 5333 Macro
1904 5276 2219 5346 .Rnliniano.
2258 5274 2321 5328 Et

756 5374 895 5427 favet
952 5371 1375 5442 Metaphrastes,
1409 5372 1498 5438 qui
1531 5381 1714 5423 natum
1764 5369 2093 5423 Clementem
2138 5367 2327 5421 scribit

756 5480 775 5513 ι
813 5464 966 5519 Coss.
1014 5462 1303 5518 Valeriano
1351 5473 1404 5515 et
1431 5461 1688 5514 Luciano.
1732 5477 1752 5511 ι
1789 5459 2055 5514 Fortassis
2088 5459 2325 5512 Luriauo

752 5558 1013 5625 scriptum
1042 5571 1138 5624 pro
1168 5554 1394 5608 Lucillo.
1431 5556 1499 5607 At
1521 5555 1610 5621 qui
1643 5553 1891 5623 superius
1916 5562 2169 5607 statutam
2199 5566 2327 5621 epo-

751 5647 908 5700 cham
950 5646 1313 5715 sequebantur
1342 5645 1539 5709 Graeci,
1575 5660 1678 5697 non
1724 5644 1831 5697 250
1879 5642 2076 5698 Christi
2125 5659 2324 5696 annum

753 5739 899 5793 illum
931 5739 1336 5808 computabant,
1371 5742 1461 5793 sed
1492 5738 1618 5801 257,
1657 5738 1756 5792 nisi
1800 5737 1877 5793 sic
1907 5737 2166 5806 scriptum
2203 5737 2318 5802 fuit,

751 5842 802 5886 et
831 5832 1039 5901 ἑϐδόμῳ
1073 5833 1291 5901 septimo
1348 5832 1550 5884 librarii
1583 5831 1788 5885 incuria
1818 5830 2102 5885 omis‘Sum.

2349 2153 2393 2210 Β
2490 2147 2544 2203 3.
2591 2149 2747 2204 Anno
2798 2148 2921 2203 dein
2972 2150 3150 2204 astatis
3208 2150 3465 2207 vicesimo
3514 2158 3751 2224 evolulo,
3806 2158 4007 2214 Christi

2423 2240 2549 2304 277,
2591 2239 2768 2295 Probo
2796 2242 3119 2309 imperante,
3169 2255 3260 2296 aut
3288 2246 3467 2313 potius
3494 2247 3619 2309 234,
3650 2266 3755 2320 quo
3787 2264 3844 2303 et
3892 2251 4011 2305 Dio-

2424 2332 2684 2387 cletianus
2719 2347 2785 2384 xv
2827 2331 2949 2385 Kal.
2983 2334 3192 2388 'Oetob.
3227 2334 3422 2391 invasit
3458 2339 3762 2407 imperium,
3798 2346 3899 2405 egi.
3922 2360 4012 2398 co-

2426 2438 2523 2491 pus
2548 2421 2724 2477 factus
2749 2434 2827 2477 est
2858 2423 3109 2477 Clemens
3155 2443 3168 2479 :
3202 2436 3257 2480 et
3290 2430 3557 2483 concitata
3592 2448 3711 2484 mox
3755 2449 4011 2502 persecu-

2426 2515 2595 2577 tione,
2628 2514 2731 2567 sub
2759 2515 2885 2568 anni
2923 2514 3155 2570 fortasse
3188 2521 3468 2586 sequentis
3494 2525 3695 2575 exitum
3729 2526 4013 2593 conjecms

2428 2606 2479 2660 in
2523 2606 2771 2672 vincula;
2804 2618 2924 2677 post
2963 2610 3108 2663 varia
3156 2612 3445 2667 multorum
3503 2633 3764 2673 annorum
3802 2626 4010 2676 atrovia

2427 2702 2746 2763 certamina,
2769 2701 3162 2771 imperantibus
3192 2707 3367 2760 adhuc
3396 2707 3726 2767 Diocletiano
3748 2724 3803 2767 et
3833 2715 4012 2768 Maxi-

2428 2796 2629 2857 miano,
2680 2794 2917 2863 glorioso
2980 2797 3129 2851 exitu
3202 2799 3802 2872 labores_terminavit
3874 2825 4011 2864 xxm

2426 2885 2710 2954 Januarii,
2755 2890 2845 2943 die
2908 2887 3221 2955 Dominiea,
3279 2909 3423 2949 anno
3476 2899 3679 2952 scilicet
3736 2901 4014 2956 liissextiii

2428 2982 2553 3046 504,
2604 2997 2712 3050 quo
2747 2983 2933 3036 eodem
2980 2983 3111 3050 ipsis
3166 2983 3421 3043 Kalendis
3454 2992 3723 3058 Aprilibus
3780 2995 4016 3064 imperio

2427 3088 2544 3128 sese
2596 3074 2758 3128 ambo
2818 3077 3172 3141 imperatores
3224 3080 3562 3136 abdicarunt.
3630 3084 3790 3153 Atqui
3856 3092 4015 3150 anni,

2428 3167 2623 3244 quibus
2668 3168 2916 3225 Clemens
2945 3176 3194 3237 certavit,
3245 3188 3349 3226 non
3388 3173 3480 3239 28,
3507 3176 3600 3229 sed
3635 3178 3699 3231 18
3738 3179 3917 3232 solum
3950 3198 4017 3234 ac

2431 3275 2646 3313 menses
2686 3261 2910 3328 aliquot,
2942 3264 3223 3317 exsistent.
3254 3264 3358 3317 Aut
3386 3276 3533 3321 certe
3566 3283 3707 3323 anno
3736 3269 3869 3334 509,
3910 3274 4017 3326 sub

2427 3350 2647 3405 Galerio
2679 3350 3008 3407 Maximiano
3060 3357 3331 3423 oportebit
3382 3370 3503 3410 eum
3552 3374 3891 3429 peremptum
3926 3364 4013 3416 la-

2429 3443 2561 3504 teri;
2598 3458 2718 3493 nam
2755 3457 2818 3494 eo
2848 3458 3060 3512 quoque
3091 3460 3233 3498 anno
3273 3461 3409 3498 xxm
3448 3444 3688 3501 Januarii
3734 3450 3786 3502 in
3820 3449 4014 3504 Domi-

2428 3534 2601 3584 nieam
2633 3534 2841 3587 incidit.
2877 3535 2953 3589 Et.
2972 3535 3181 3590 videtur
3212 3536 3263 3589 id
3298 3536 3633 3605 Nicephorus
3657 3539 3795 3592 infra
3826 3543 4015 3595 citan-

2426 3623 2527 3678 dus
2568 3628 2814 3690 innuere,
2862 3642 2985 3680 cum
3027 3629 3134 3690 ait,
3162 3644 3228 3682 eo
3257 3632 3372 3697 ipso
3415 3646 3575 3694 anno,
3609 3648 3716 3701 quo
3762 3632 3821 3688 S.
3865 3631 4016 3687 Pan-

2428 3714 2710 3779 taleonem,
2743 3720 3058 3789 martyrium
3102 3722 3390 3791 peregisse.
3423 3723 3528 3776 Sed
3563 3724 3629 3777 de
3658 3724 3757 3779 hoc
3793 3726 4018 3795 disqui-

2427 3822 2608 3861 remus
2634 3809 2701 3861 27
2727 3808 2875 3863 Julii.

2494 3901 2550 3955 4.
2597 3900 2722 3955 Haec
2776 3904 2841 3956 de
2882 3902 2940 3957 S.
2981 3903 3277 3960 Clementis
3316 3916 3473 3960 aelate
3508 3924 3522 3960 :
3554 3923 3695 3961 nunc
3732 3910 3799 3962 de
3845 3913 4021 3965 sociis

2426 3995 2787 4047 certaminum
2833 4004 2887 4049 et
2938 3996 3217 4067 triumphi.
3251 3998 3562 4067 Praecipuus
3604 4000 4021 4072 Agathangelus

2428 4084 2547 4149 fuit,
2584 4086 2856 4139 mensibus
2887 4098 3010 4141 ante
3045 4102 3165 4140 enm
3196 4089 3428 4152 duobus,
3458 4090 3646 4143 diebus
3675 4093 4019 4155 oetodeeim,

2426 4191 2716 4233 coronatus
2765 4195 2793 4232 v
2843 4180 3207 4246 Novembris;
3258 4199 3365 4250 quo
3419 4185 3507 4237 die
3550 4184 3723 4239 Gr:eci
3798 4187 3852 4240 in
3897 4192 4023 4241 suis

2425 4268 2644 4324 Menzeis
2678 4269 2791 4324 haec
2817 4270 2881 4323 de
2918 4282 2981 4323 eo
3016 4279 3219 4324 canunt
3252 4286 3265 4324 :
3302 4272 3380 4342 Τῇ
3410 4272 3547 4343 αὐτῇ
3582 4274 3764 4345 ἡμέρᾳ
3792 4274 3820 4326 ὁ
3850 4275 4022 4342 ἅγιος

2439 4359 2837 4431 ’Δγαοάξιγελος
2869 4360 3012 4429 ξίφει
3041 4360 3366 4417 τελειοῦται.

2497 4475 2920 4563 ᾗρησεαγγξλός
2940 4474 3660 4563 ,ξας,ψῆφοντἋγαΘα-ίγῇῳ

2526 4541 3004 4615 Ηίτῆςέελευτῆς
3026 4541 3204 4615 ψῆφος
3237 4541 3305 4617 ἦν
3334 4541 3397 4598 ἐκ
3426 4541 3753 4611 auiae-ou;

2501 4657 2701 4711 Eodem
2730 4659 2815 4711 die
2853 4657 2911 4712 S.
2942 4660 3334 4731 ,Agatrliaugelus
3367 4661 3543 4729 gladio
3569 4662 3729 4714 ritum
3755 4662 3898 4731 ﬁnit.

2498 4731 2762 4801 Benigne:
2787 4729 3013 4799 Angelus
3036 4730 3228 4797 aliquis
3249 4731 3511 4783 decretum
3536 4729 3905 4801 Agathangelo

2498 4798 2670 4862 Misit,
2710 4801 2888 4851 mortis
2914 4800 3179 4851 decretum
3211 4815 3304 4868 per
3331 4802 3586 4869 gladium.

2498 4909 2568 4962 At
2598 4909 2825 4963 solemni
2875 4910 3130 4979 religione
3178 4913 3337 4966 ambo
3386 4914 3487 4969 hoc
3525 4915 3612 4968 die
3644 4916 3716 4970 25
3756 4915 4025 4974 Januarii

2427 5003 2697 5064 ealuntur,
2730 5003 3029 5069 praesertim
3064 5004 3116 5057 in
3148 5007 3364 5072 prOpria
3392 5006 3496 5061 illis
3525 5008 3699 5063 dicata
3730 5008 4025 5066 Constan-

2430 5094 2649 5161 tinopoli
2699 5095 2947 5160 ecclesia,
3003 5113 3021 5146 ι
3059 5106 3207 5149 trans
3256 5096 3480 5152 Eudoxii
3546 5103 3823 5170 regionem
3870 5105 4031 5161 ultra

2430 5188 2690 5255 Aaaplum
2718 5197 2770 5240 et
2801 5188 2852 5239 in
2899 5189 3242 5242 sanctissima
3273 5192 3385 5243 aede
3413 5190 3469 5245 S.
3504 5192 3703 5257 lreucs,
3739 5206 3935 5253 vetere
3972 5212 4035 5253 et

2429 5294 2593 5343 nova;
2631 5298 2648 5329 ι
2684 5288 2739 5332 ιιι
2772 5278 2971 5333 Μθιιςιιιι
3001 5289 3054 5334 et
3080 5280 3343 5335 Maximus
3374 5284 3691 5353 Cytherzens
3724 5291 3989 5345 tradunt.

2499 5369 2550 5422 5.
2599 5369 2670 5422 De
2701 5380 2927 5439 utroque
2962 5370 3318 5441 Menolugium
3357 5394 3381 5425 ιι
3413 5376 3631 5429 Cauisio
3661 5378 3873 5432 editum
3918 5384 4035 5438 hoc

2429 5462 2543 5529 ipso
2577 5463 2661 5515 die
2700 5479 2713 5515 :
2756 5480 2773 5511 ι
2817 5461 3018 5517 Natalis
3051 5463 3109 5517 S.
3144 5463 3437 5519 Clementis
3466 5470 3695 5537 Ancyra:
3740 5471 3990 5526 GaialiJ'
4014 5518 4032 5541 ,

2427 5555 2516 5623 qui
2567 5564 2716 5607 ortus
2748 5565 2898 5623 patre
2936 5556 3145 5624 gentili,
3183 5572 3352 5612 matre
3406 5574 3531 5613 vero
3558 5560 3884 5617 Christiana
3925 5584 4039 5619 nsi-

2430 5644 2572 5696 mine
2604 5644 2981 5715 Euphrosyna,
3033 5662 3153 5716 quae
3182 5648 3380 5704 Christi
3434 5663 3725 5721 martyrem
3767 5655 3971 5710 [ιιιιιτιι
4004 5684 4033 5710 ει

2430 5737 2574 5790 illm'n
2614 5738 2883 5804 praedixit,
2916 5740 3014 5792 sub
3042 5739 3373 5796 Diocletiano
3412 5752 3463 5796 el
3502 5742 3844 5800 Maximiano
3877 5768 4038 5803 inar-

2428 5831 2622 5899 tyrium
2658 5833 2874 5900 pertulit
2915 5849 2928 5886 :
2963 5848 3066 5902 quo
3109 5836 3193 5889 die
3236 5843 3287 5890 et
3322 5834 3382 5890 S.
3426 5837 3726 5906 Agathauga
3754 5841 3845 5897 lus
3910 5848 4033 5898 An-
