4154 6490
153 404 266 469 813

1192 404 1363 461 \‘lTA
1406 404 1467 462 S.
1503 402 1936 464 CLEMENTIS
1979 409 2359 469 ANCYIHNI

3346 411 3454 474 814

153 542 324 600 ρει-ξε,
356 525 522 579 Lucio
550 529 797 594 praeside,
828 542 1017 596 passas
1045 535 1146 578 εει.
1188 543 1203 571 ι
1241 523 1350 576 lmo
1379 523 1411 575 5
1436 522 1755 577 Novembris
1788 530 1832 583 Α
1868 526 1942 578 bit
1973 528 2138 579 multa
2171 529 2270 580 sibi
2320 529 2369 582 in
2410 529 2492 581 bis
2529 532 2677 583 Actis
2706 532 2992 599 displicere
3029 549 3038 582 :
3076 534 3167 585 sed
3205 548 3449 600 quamam

152 635 378 687 passus.
444 618 735 689 Utriusque
792 629 981 674 cartera
1034 617 1397 671 meminerunt
1443 614 1751 670 Grazcnrum

156 711 487 782 Menologia,
541 711 830 783 Horologia
870 723 1003 769 etc..
1056 726 1173 778 quae
1216 711 1463 777 sequitur
1506 710 1753 763 Mulanus

155 808 205 859 in
241 808 419 861 addit.
452 810 516 860 ad
547 807 849 863 Usuardutu
877 825 890 861 :
929 827 946 858 ‹
974 808 1064 862 Die
1093 806 1345 860 vicesima
1379 807 1557 869 tertia,
1578 805 1751 857 sancti

158 902 578 970 bieromartyris
607 899 904 955 Clementis
932 904 1182 969 Aneyrm,
1214 909 1264 953 et
1294 897 1462 951 sancti
1498 899 1752 967 martyris

160 993 524 1063 Agatltangeli
558 1036 570 1048 .
615 1012 631 1043 ι
670 994 974 1049 Romanum
1009 1007 1223 1063 quoque
1252 991 1699 1063 Martyrologium
1736 1010 1747 1043 :

164 1106 178 1135 ι
217 1089 455 1155 Ancyra:
482 1087 531 1139 in
564 1084 770 1141 Galatia
799 1086 857 1140 S.
888 1084 1186 1140 Clementis
1228 1085 1489 1154 episcopi,
1529 1085 1619 1154 qui
1646 1101 1749 1139 sa:-

157 1180 275 1245 pius
310 1180 614 1245 cruciatus,
657 1180 872 1234 tandem
916 1178 1018 1235 sub
1058 1179 1395 1234 Diocletiano
1430 1178 1749 1249 martyrium

156 1274 577 1326 consummavit.
630 1272 835 1327 Ibidem
887 1272 944 1327 S.
1006 1271 1385 1341 Agatltangcli,
1427 1273 1516 1342 qui
1560 1271 1748 1325 eodem

156 1366 239 1417 die
277 1366 382 1419 sub
436 1364 607 1419 Lucio
652 1367 881 1435 praeside
916 1382 1105 1435 passus
1142 1373 1248 1420 est.
1295 1384 1313 1416 ι
1361 1363 1434 1419 De
1474 1365 1750 1419 Clemente

158 1457 224 1507 ita
262 1456 579 1510 Calesiuius
614 1473 627 1506 :
671 1475 690 1508 ι
732 1459 962 1527 Ancyra:
994 1458 1053 1511 ὃ.
1084 1457 1381 1511 Clementis
1424 1458 1667 1526 episcopi
1698 1466 1751 1510 et

158 1550 437 1617 martyris,
480 1549 573 1617 qui
607 1548 942 1603 Diocletiano
972 1550 1297 1619 imperatore
1346 1548 1609 1603 inauditis
1649 1564 1747 1602 ex-

156 1642 437 1693 cruciatus
469 1640 771 1709 suppliciis,
801 1642 975 1709 iisque
999 1642 1185 1694 multis
1216 1655 1275 1695 ac
1308 1641 1497 1703 variis,
1532 1641 1747 1694 demum

156 1749 275 1784 cum
314 1742 634 1787 constanter
674 1734 727 1787 in
775 1733 882 1788 (ide
928 1734 1263 1802 persisteret,
1302 1734 1527 1803 praeciso
1572 1734 1747 1803 capite

156 1826 406 1894 martyrii
441 1841 698 1880 coronam
726 1826 952 1894 accepit.
994 1844 1011 1875 ιι

1868 615 1955 668 illa
2012 617 2153 681 sint,
2216 634 2320 673 n0n
2377 620 2650 687 exprimit.
2714 620 3071 691 llyperbolica
3127 624 3453 692 quandoque

1866 708 2200 760 cruciatuum
2252 709 2468 763 auxesis
2523 710 2690 763 videri
2733 714 2932 779 possit,
2988 715 3089 767 nisi
3141 724 3193 768 et
3252 714 3450 768 diaboli

1865 798 2091 867 ejusque
2133 802 2425 855 satellitum
2467 803 2731 867 furorem,
2780 818 2833 859 et
2870 809 2983 872 Dei,
3018 823 3145 861 suos
3184 818 3452 878 martyres

1865 892 2260 957 conﬁrmantis,
2293 896 2543 949 virtutem
2575 899 2894 966 ('Ogitcmus.
2928 899 3110 968 Neque
3135 904 3451 956 existimare

1861 995 2073 1052 oportet
2113 988 2297 1039 omnia
2331 1002 2452 1056 qua:
2502 1002 2825 1057 narrantur,
2864 994 3211 1047 continenter
3249 993 3447 1049 inﬂicta

1862 1078 2067 1131 sanctis
2102 1094 2222 1134 esse
2258 1080 2557 1151 suppliria;
2614 1083 2704 1137 sed
2741 1096 2851 1141 toto
2891 1102 3155 1139 annorum
3210 1088 3273 1140 l8
3328 1103 3452 1156 spa-

1864 1171 1956 1234 tio,
1997 1172 2202 1225 indulta
2234 1172 2479 1229 fortassis
2505 1177 2738 1244 plurium
2775 1192 2915 1243 saepe
2946 1182 3210 1233 mensium
3245 1182 3446 1248 quiete.

1861 1263 1987 1317 dum
2042 1265 2162 1318 aliis
2208 1264 2360 1335 Rcip.
2415 1271 2648 1339 negotiis
2702 1271 2961 1338 praesides
3011 1273 3444 1338 distinebantur;

1861 1371 2173 1423 quanquam
2233 1359 2281 1410 id
2338 1360 2521 1428 negari
2590 1362 2801 1414 videtur
2881 1366 2927 1415 in
3001 1364 3330 1431 Autltnlogio
3398 1376 3451 1417 et

1859 1448 2100 1505 Menaeis.
2138 1450 2200 1503 Et
2228 1452 2270 1505 si
2303 1453 2513 1522 singula
2547 1456 2965 1509 considerentnr
3000 1465 3293 1521 tormenta,
3333 1458 3450 1508 nul-

1861 1542 1966 1595 lmn
2004 1541 2115 1598 fere
2144 1561 2249 1597 non
2285 1546 2531 1614 pluribus
2582 1549 2911 1618 martyribus
2943 1549 3041 1603 sub
3092 1550 3282 1605 iisdem
3318 1551 3446 1605 Dio—

1859 1640 2092 1693 cletiano
2127 1651 2180 1695 et
2216 1641 2566 1707 Maximiano,
2604 1645 2654 1697 in
2694 1645 2882 1699 iisdem
2917 1647 3057 1699 Asim
3090 1648 3336 1706 urbibus,
3375 1648 3446 1698 ir-

1861 1739 2102 1797 rogatum
2133 1750 2143 1783 :
2179 1746 2241 1785 ac
2275 1731 2562 1786 vincuntur
2596 1734 2851 1803 pleraque
2888 1737 3144 1789 moderna
3174 1733 3443 1804 Japnuum

1860 1826 2121 1879 adversus
2184 1824 2527 1881 Christianos
2592 1826 2952 1881 immanitate.
3012 1829 3219 1881 Praeter
3278 1829 3443 1881 citata

224 1918 278 1969 6.
338 1915 396 1970 In
449 1917 872 1983 Notatiouibus,
906 1916 1357 1988 Cliristophorum
1399 1927 1454 1973 et
1493 1917 1749 1972 Cbarito—
1780 1910 1821 1965 Β
1854 1911 2361 1985 llartyrologiorum
2414 1918 2761 1981 testimonia,
2807 1928 2984 1972 exstat
3019 1920 3237 1989 egregia
3278 1920 3447 1973 Αςιυν

158 2024 305 2074 nem,
334 2007 637 2063 Clementis
683 2010 735 2063 in
772 2010 1034 2079 martyrio
1082 2010 1335 2064 obeundo
1388 2012 1594 2070 socios,
1631 2025 1747 2064 me-

157 2110 335 2152 morat
364 2098 694 2154 Galesinius.
748 2096 982 2163 Menzea,
1018 2098 1381 2168 Meuologium
1415 2099 1621 2157 Cauisii
1645 2141 1657 2164 ,
1695 2111 1749 2155 et

154 2191 475 2260 (Zytltermus
548 2190 791 2243 referunt
861 2190 894 2243 9
947 2189 1285 2258 Septembris
1332 2210 1350 2242 ι
1391 2191 1448 2246 S.
1492 2191 1745 2247 Charito-

156 2298 277 2335 nem
316 2282 496 2352 gladio
555 2283 816 2336 occisum.
880 2300 898 2332 ι
938 2282 1041 2337 Sed
1090 2284 1234 2353 quod
1272 2300 1378 2339 non
1434 2286 1481 2339 ei
1526 2286 1745 2340 additus

153 2390 340 2428 eomes
372 2374 798 2442 Citl‘iSlOphOl‘tlS
824 2415 838 2441 ,
874 2386 927 2430 et
958 2378 1008 2430 Ιιί
1047 2378 1209 2432 ambo
1241 2377 1313 2432 25
1373 2377 1621 2432 Januarii
1654 2396 1743 2433 oc-

153 2468 481 2533 cubuerint,
518 2466 682 2521 alium
734 2484 935 2522 remur.
989 2470 1244 2539 Euearpii
1301 2486 1517 2541 quoque
1563 2474 1743 2541 plures

155 2556 327 2610 fuere.
372 2558 440 2610 At
477 2557 607 2610 nulli
641 2556 901 2627 Pltengon
926 2558 1195 2629 jungitur,
1231 2576 1328 2615 nec
1366 2562 1488 2617 ullis
1521 2564 1573 2617 in
1607 2564 1741 2618 Mar-

154 2649 441 2719 tyrologiis
494 2664 683 2704 eorum
732 2651 1035 2719 reperimus
1071 2654 1137 2707 ad
1177 2654 1206 2706 7
1245 2652 1600 2722 Septembris,
1637 2672 1745 2727 quo

151 2744 420 2812 perempti
468 2742 658 2810 fuere,
704 2746 969 2813 inscripta
1022 2748 1263 2801 nomina.
1318 2748 1518 2803 Eorum
1572 2763 1745 2805 certa-

154 2837 295 2887 mina
328 2874 344 2901 ,
378 2834 720 2906 aliorumque
756 2846 861 2889 tam
902 2837 1313 2909 Ancyranorum
1344 2856 1507 2911 quam
1546 2841 1741 2897 Roma—

155 2943 386 2995 norum,
418 2928 471 2981 itt
509 2928 660 2982 Aetis
693 2928 749 2982 S.
783 2927 1113 2995 Clementis,
1146 2933 1237 3001 qui
1275 2947 1372 2988 eos
1396 2933 1616 2990 Christo
1650 2953 1745 3005 ge-

154 3032 373 3085 nuerat,
412 3021 785 3087 continentur,
823 3023 1275 3095 celebranturque
1303 3041 1330 3079 a
1361 3028 1611 3097 plurimis
1648 3030 1747 3085 ItOC

155 3115 237 3167 die
265 3129 501 3179 omnes;
530 3123 583 3169 et
607 3114 861 3184 pleraque
889 3118 1107 3170 nomina
1145 3118 1293 3173 Actis
1322 3120 1551 3189 praeﬁgit
1583 3121 1749 3175 Joan-

149 3222 247 3258 nes
286 3205 531 3260 Basilius
564 3204 910 3264 Sanctorius.

358 3341 411 3412 ς.
458 3342 519 3396 ll.
566 3346 698 3397 Acta
738 3343 800 3400 S.
847 3345 1129 3401 Clementis
1170 3356 1216 3400 et
1252 3349 1538 3401 sociorum.

218 3474 273 3528 7.
318 3475 435 3531 Res
486 3492 513 3530 a
565 3476 842 3534 Clemente
887 3489 941 3533 et
973 3481 1345 3551 Agatbangelo
1395 3483 1649 3550 praeclare
1686 3498 1745 3536 ac

152 3570 372 3624 fortiter
398 3581 610 3640 gestas,
634 3571 789 3625 solita
825 3572 1074 3628 facundia
1098 3577 1402 3644 composuit
1430 3577 1741 3647 Metaplira-

154 3674 282 3727 stes,
320 3678 389 3717 ει
421 3664 661 3732 antiquis
691 3665 913 3722 haustas
949 3679 1343 3723 monumentis.
1388 3668 1520 3723 Eum
1578 3671 1741 3726 Meta-

152 3759 393 3822 pbrastm
418 3758 896 3825 commentarium,
930 3774 959 3813 a
991 3758 1259 3814 Centiano
1289 3759 1523 3818 llerveto
1549 3762 1741 3821 Latine

152 3865 371 3904 versum
399 3890 412 3911 ,
447 3848 782 3919 Lipomanus
811 3862 865 3905 et
897 3851 1091 3907 Surius
1123 3854 1443 3924 vulgarunt;
1491 3867 1653 3927 atque
1686 3860 1741 3912 in

154 3943 429 4011 epitomeu
468 3943 745 3997 redactum
770 3985 785 4011 ,
816 3942 1133 4015 Lippelous,
1164 3944 1522 4003 Ribadeneira
1546 3992 1559 4014 ,
1601 3950 1741 4005 San-

155 4034 388 4100 ctorius,
413 4032 634 4089 Gabriel
664 4034 932 4102 Flamma,
962 4036 1348 4104 Marcbantius,
1386 4040 1739 4113 Rosweydus,

158 4125 361 4195 aliique
411 4124 686 4183 Batonius
726 4128 778 4183 in
809 4127 994 4185 Natat.
1018 4130 1083 4186 ad
1133 4132 1568 4203 Martyrologium
1607 4139 1740 4191 scri-

1854 2023 1969 2061 rum
2035 2011 2272 2076 epitonte
2339 2011 2391 2064 iu
2467 2012 2790 2082 Antltolngio
2847 2011 3163 2067 Crtecomm
3230 2027 3260 2066 a
3320 2013 3445 2066 Cle-

1854 2110 2032 2151 mente
2065 2097 2173 2152 Vlll
2214 2102 2541 2170 approbato,
2577 2103 2801 2158 Menasis
2840 2118 3056 2173 quoque
3079 2145 3092 2170 ,
3138 2112 3193 2159 et
3220 2103 3439 2159 Maximi

1852 2188 2118 2258 Cylbera-i
2156 2190 2311 2246 Vitis.

1922 2286 1977 2338 8.
2018 2284 2357 2351 Nicepltorus
2386 2283 2646 2338 Callistus
2695 2300 2910 2355 quoque
2961 2289 3059 2342 hoc
3095 2304 3189 2343 eos
3239 2287 3438 2343 illustri

1851 2376 2104 2427 eucomio
2154 2372 2452 2427 celebravit
2491 2375 2579 2427 lib.
2626 2391 2695 2428 vn
2737 2374 2879 2428 llist.
2919 2376 3122 2431 Ecclea.
3165 2392 3286 2446 cap.
3324 2377 3436 2432 i4:

1856 2482 1874 2514 ι
1920 2463 2032 2518 lluc
2089 2464 2206 2531 ipso
2253 2479 2398 2518 anno
2451 2466 2703 2521 Clemens
2741 2468 3063 2538 Aucyranus
3112 2470 3437 2539 episcopus,

1850 2570 1973 2609 cum
1992 2557 2363 2626 Agatltangclo
2396 2558 2795 2612 nobilissimum
2826 2562 3149 2631 martyrium
3182 2573 3440 2623 estexer-

1852 2663 1961 2703 sus.
2006 2651 2203 2717 Viginti
2252 2663 2374 2704 octo
2408 2667 2642 2719 namque
2681 2654 2839 2706 annis
2868 2668 2966 2722 pro
2995 2654 3217 2710 Christo
3248 2657 3437 2726 splen-

1850 2743 2189 2798 didissimum
2233 2746 2464 2799 absolvit
2507 2761 2751 2800 cursum.
2810 2745 3088 2815 Siquidem
3125 2761 3244 2818 post
3283 2767 3437 2804 mun-

1851 2835 1981 2887 dum
2036 2834 2313 2889 conditum
2366 2836 2680 2906 quicunque
2733 2851 2829 2906 pro
2881 2837 3101 2893 Christo
3156 2851 3437 2896 certamen

1854 2927 1996 2995 igne,
2039 2926 2206 2990 ferro,
2241 2927 2534 2996 lapidibus,
2573 2930 2735 2997 lignis
2765 2932 3054 2995 obierunt,
3103 2933 3267 3001 quive
3313 2950 3436 2987 cum

1852 3018 2040 3073 bestiis
2088 3020 2504 3090 depugnat-unt,
2546 3032 2601 3076 et
2655 3022 2927 3078 diuturnis
2982 3024 3214 3079 vinculis
3249 3026 3436 3080 alliicti

1851 3120 2015 3175 sunt;
2050 3122 2307 3179 praeterea
2338 3115 2429 3182 qui
2454 3115 2684 3169 diversis
2718 3116 2892 3169 modis
2924 3117 3172 3183 interra,
3206 3119 3257 3173 in
3289 3134 3436 3183 aere,

1856 3208 1907 3257 in
1946 3205 2119 3273 aquis,
2145 3222 2265 3259 cum
2296 3208 2579 3275 suppliciis
2612 3218 2738 3260 sunt
2767 3210 3084 3274 colluctati;
3113 3220 3225 3264 tum
3255 3223 3437 3266 autem

1853 3301 1944 3367 qui
1998 3301 2079 3352 vel
2130 3300 2327 3368 lrigore
2351 3340 2364 3363 ,
2402 3300 2482 3354 vel
2531 3301 2713 3355 calore
2746 3302 2912 3357 nimio
2950 3313 3075 3357 sunt
3105 3307 3433 3375 consumpti,

1854 3402 1946 3445 aut
1990 3394 2079 3462 qui
2120 3395 2240 3446 aliis
2272 3396 2687 3464 quibuscunque
2723 3399 2899 3465 panis
2930 3409 2985 3451 et
3017 3401 3305 3455 tormentis
3353 3403 3437 3453 vi-

1856 3494 1961 3536 tam
2023 3487 2327 3539 amiserunt
2364 3505 2377 3539 :
2410 3501 2501 3539 eos
2532 3502 2745 3550 omnes,
2780 3503 2900 3543 meo
2936 3489 3155 3557 quidem
3201 3492 3432 3560 judicio,

1853 3584 2075 3630 sanctus
2112 3576 2197 3628 ille
2229 3574 2514 3640 Clemens,
2562 3586 2616 3629 et
2659 3593 2780 3631 cum
2832 3578 2951 3646 ipso
2993 3581 3434 3652 Agatbangelus,

1853 3666 2009 3733 longe
2057 3670 2331 3736 superavit
2378 3685 2390 3721 :
2431 3671 2665 3737 primum
2704 3670 2922 3737 quidem
2982 3672 3190 3740 Romae,
3240 3677 3437 3732 deinde

1853 3759 2208 3825 Nicomediae;
2247 3776 2369 3814 cum
2421 3761 2639 3820 feritate
2673 3772 2727 3819 et
2767 3765 3088 3823 crudelitate
3137 3768 3260 3824 aliis
3293 3786 3436 3841 prae-

1850 3863 2059 3909 stantes
2087 3864 2340 3919 tortores,
2373 3854 2452 3909 eis
2478 3856 2874 3925 excruciandis,
2909 3861 3056 3916 vicos
3087 3875 3183 3932 per
3216 3876 3439 3924 succes-

1850 3950 2057 4004 sionem
2090 3960 2388 4016 mmantes,
2444 3953 2510 4005 ab
2550 3954 2698 4006 omni
2728 3954 2839 4023 jam
2878 3965 3272 4012 tormentorum
3311 3976 3435 4029 spr-

1849 4042 1932 4097 cie
1984 4044 2411 4098 desuluerentur
2464 4043 2584 4098 :ad
2639 4055 2974 4113 postremum
3025 4059 3206 4103 autem
3258 4050 3435 4120 gladio

1851 4138 2095 4205 percussi
2131 4138 2294 4191 vitam
2329 4138 2467 4192 hanc
2500 4139 2791 4196 immortali
2822 4140 2907 4194 ilia
2941 4153 3368 4198 commutat-unt.
3410 4165 3425 4193 ι
