4154 6490
180 375 280 449 821

1214 386 1383 445 VITA
1420 388 1475 445 S.
1520 385 1955 446 CLEMENTIS
1991 384 2403 445 ANCYRANI.

3352 386 3467 453 822

176 502 473 573 ψευσθείην
505 501 761 555 ἐλπίδων.
807 501 925 556 Μία
971 503 1110 572 γυνὴ
1167 501 1394 572 Ἐὃραία
1450 505 1578 556 ποτὲ
1621 506 1767 567 υἱοὺς

1883 518 1967 570 spe
2003 504 2173 563 l'altar.
2210 517 2372 570 quam
2409 502 2474 555 de
2514 511 2563 554 te
2594 501 2836 571 concepi.
2875 500 2989 556 Una
3024 501 3216 556 mulier
3239 500 3463 559 Ilebrtea

178 596 316 649 ἑπτὰ
349 596 666 665 προσήγαγε
693 594 996 665 μάρτυρας,
1023 594 1115 647 καὶ
1138 596 1196 647 ὲν
1226 595 1367 648 ἐπτᾶ
1396 597 1507 657 τοῖς
1543 596 1768 649 ἐκείνων

180 690 210 756 ἡ
245 688 385 756 αὑτὴ
420 687 669 756 σώμασιν
694 687 1027 753 ἠγωνίσατο’
1064 688 1127 740 σὺ
1151 686 1206 739 δέ
1233 705 1321 756 μοι
1360 690 1451 741 καὶ
1486 689 1647 758 μόνος
1674 691 1770 742 αὺ-

179 783 266 843 τδς
291 780 553 849 ἀρκέσεις
610 779 747 848 πρὸς
797 778 977 843 δόξαν,
1011 781 1104 833 καὶ
1133 784 1380 851 μακαρία
1413 785 1467 834 ἐν
1496 784 1770 854 μητράσιν

180 875 309 940 ἐγὼ.
343 875 540 942 ὅτιπερ
584 872 672 924 διὰ
708 871 799 925 σοῦ
855 873 1097 938 ἐπίδοξος
1142 874 1357 945 ἔσομαι.
1391 878 1524 929 Ἰδοὺ
1565 895 1769 947 προττο-

183 967 450 1037 ρεύσομαί
484 984 598 1031 σου,
632 960 677 1018 ὦ
706 968 827 1029 παῖ,
886 969 978 1020 καὶ
1011 968 1156 1021 κατὰ
1192 969 1353 1038 σῶμα
1398 970 1605 1035 λοιπὸν,
1667 972 1766 1040 ἤδη

182 1080 273 1113 σου
305 1062 415 1114 τῶν
443 1059 709 1113 ποθεινῶν
734 1060 1000 1131 ὀμμάτων
1034 1062 1344 1133 χωρίζομαι
1378 1065 1642 1135 σήμερον,
1672 1065 1768 1137 τὴν

182 1154 234 1206 δὲ
265 1153 409 1222 ἐμὴν
438 1153 619 1223 ψυχὴν
648 1155 868 1207 ἐπειδὰν
916 1156 1224 1225 τελευτήσω
1260 1159 1358 1225 τῆς
1403 1158 1500 1226 σῆς
1553 1158 1642 1212 ἀεὶ
1662 1157 1770 1227 ψυ-

182 1248 302 1315 χῆς,
342 1239 391 1301 ὦ
440 1248 655 1311 τέκνον,
711 1248 1095 1317 ἐκκρέμασθαι
1135 1250 1361 1320 νόμιζε·
1428 1252 1547 1322 μεθ’
1591 1248 1656 1321 ἧς
1715 1254 1770 1305 ὲν

184 1337 472 1407 παρρησίᾳ
506 1338 871 1407 προσκυνήσω
900 1336 976 1405 τῷ
1010 1337 1213 1408 βήματι
1248 1338 1339 1391 τοῦ
1370 1341 1626 1411 Χριστοῦ,
1658 1344 1772 1405 τοῖς

186 1430 297 1488 σοῖς
354 1428 542 1489 πόνοις
592 1429 1016 1498 ἐγκαυχωμένη,
1081 1432 1194 1492 τοῖς
1252 1432 1364 1494 σοῖς
1423 1432 1562 1503 ὑπὲρ
1604 1432 1769 1486 αὑτοῦ

184 1521 483 1590 στίγμασιν
508 1519 883 1591 ὼραῖζομένη,
920 1524 1012 1575 καὶ
1046 1522 1301 1586 κοινωνός
1337 1541 1421 1576 σοι
1451 1523 1559 1577 τῶν
1606 1525 1772 1577 πολυ-

182 1612 354 1666 τελῶν
409 1613 639 1665 ἐκείνων
696 1614 873 1668 ἄθλων
933 1616 1194 1685 γινομένη
1242 1618 1337 1668 καὶ
1403 1616 1503 1686 τῆς
1552 1617 1775 1688 φαιδρό-

182 1720 370 1771 τητος.

256 1795 339 1851 H'.
378 1797 569 1851 Ταῦτα
603 1799 737 1869 πρὸς
776 1799 866 1851 τὸν
927 1800 1155 1870 παῖδαή
1212 1802 1397 1871 μήτηρ
1447 1802 1599 1871 ἔλεγε
1627 1843 1641 1865 ,
1680 1801 1772 1855 καὶ

182 1889 321 1957 ἐιμοῦ
380 1891 564 1943 πάντα
599 1890 808 1943 ἐκείνου
858 1890 1140 1962 κατεφίλει
1176 1892 1244 1946 τὰ
1283 1895 1422 1966 μέλη
1448 1913 1461 1924 ·
1510 1894 1775 1965 Μακαρία

184 1982 349 2034 πάλιν
384 1981 496 2048 ἐγὼ
517 2027 529 2045 ,
562 1982 818 2051 λέγουσα,
841 1985 922 2036 ὅτι
968 1985 1245 2055 μάρτυρος
1270 1987 1405 2058 μέλη
1437 1987 1599 2056 φιλῶ,
1636 1988 1774 2059 μέλη

181 2072 409 2143 Χριστῷ
448 2074 644 2127 θυσίαν
697 2072 1215 2144 προσαχθησὸμενα.
1257 2075 1444 2139 Οὕτως
1474 2074 1569 2131 οὖν
1613 2078 1773 2132 αὑτὸν

182 2167 696 2238 περιπτυσσομένη,
758 2169 853 2221 καὶ
886 2167 960 2232 ὠς
1007 2169 1200 2238 ἥδιστα
1237 2170 1619 2243 διαλεγομένη,
1675 2173 1777 2242 τὴν

186 2259 471 2327 μακαρίαν
492 2258 663 2321 ὅντως
698 2259 1011 2313 ἀνάπαυσιν
1053 2260 1431 2316 ἀνεπαύσατο·
1462 2263 1525 2316 τὸ
1556 2263 1775 2333 πνεῦμα

184 2352 285 2420 μὲν
318 2351 400 2420 τῷ
428 2351 569 2421 Θεῷ,
594 2352 655 2405 τὸ
683 2352 739 2405 δὲ
771 2353 930 2421 σῶμα
961 2356 1081 2415 ταῖς
1110 2354 1475 2420 γλυκυτάταις
1496 2357 1653 2426 χερσὶ
1674 2355 1767 2410 τοῦ

183 2442 376 2504 παιδὸς
435 2442 621 2511 ἐκείνη
678 2442 1061 2511 παραθεμένη.
1106 2442 1166 2495 οι)
1202 2444 1258 2495 δὲ
1303 2443 1402 2495 ὅσα
1448 2443 1771 2513 φιλομήτωρ

182 2538 321 2597 παῖς
356 2535 449 2589 ἐπὶ
486 2536 657 2604 μητρὶ
684 2534 1026 2604 φιλοστόργῳ
1062 2533 1381 2595 διατελέσας
1404 2575 1417 2598 ,
1453 2534 1628 2585 ἐκεῖνο
1676 2534 1774 2603 μὲν

181 2626 329 2693 ἄγαν
350 2625 621 2696 λαμπρῶς
652 2625 847 2679 θάπτει
887 2627 981 2677 καὶ
1016 2626 1317 2696 φιλοτίμως
1337 2642 1351 2656 ο
1392 2626 1556 2688 αὐτὸς
1580 2626 1635 2679 δὲ
1684 2626 1777 2677 τὸν

184 2721 400 2790 μονήρη
428 2719 541 2789 βίον
564 2721 963 2791 ἐπαναιρεῖται,
987 2720 1162 2789 τούτῳ
1185 2721 1346 2783 εὐθὺς
1373 2720 1573 2790 πρώτῳ
1610 2720 1777 2789 μητρὶ

183 2808 575 2880 χαριζόμενος,
612 2810 673 2863 τὸ
726 2810 1032 2881 ἀποστῆναι
1062 2811 1269 2879 κόσμου
1319 2811 1409 2863 διὰ
1458 2810 1716 2881 Χριστὸν,
1753 2813 1779 2862 ὁ

185 2902 331 2971 μετᾲ
356 2901 533 2956 ταῦτα
563 2902 633 2955 δι’
660 2904 870 2957 ἐκεῖνον
908 2904 1117 2974 μέλλων
1148 2904 1241 2957 καὶ
1269 2904 1364 2972 τῆς
1401 2901 1570 2971 ζωῆς.

1876 596 2165 665 aliquando
2220 605 2426 663 septem
2478 595 2735 665 produxit
2785 596 3117 665 tuarlyres',
3172 604 3225 649 cl
3259 597 3369 663 ipsa
3406 598 3457 651 in

1878 688 2085 740 illorum
2113 696 2319 756 septem
2354 687 2649 741 decertavit
2679 688 3019 754 corporibus.
3050 685 3128 741 'I‘u
3166 696 3344 740 autem
3381 690 3462 741 vel

1874 782 2020 835 solus
2062 781 2190 834 mihi
2242 781 2475 835 sullicies
2538 782 2603 834 ad
2636 780 2881 847 gloriam,
2914 792 2973 833 et-
3002 782 3155 835 heala
3196 796 3294 850 ego
3327 782 3466 833 inter

1875 883 2097 938 matres,
2137 875 2276 943 quod
2328 889 2420 943 per
2455 882 2505 927 te
2559 889 2649 928 ero
2682 873 2928 944 insignis.
2979 872 3117 927 Ecce
3169 875 3305 928 vado
3338 884 3465 926 ante

1877 978 1949 1030 te,
1970 983 2001 1019 o
2036 966 2131 1031 liii,
2178 978 2231 1021 et
2258 968 2512 1036 deinceps
2544 967 2759 1036 quidem
2794 979 3023 1035 corpore
3052 980 3275 1035 separor
3303 966 3464 1018 hodie

1874 1077 1903 1115 a
1942 1062 2047 1115 tuis
2089 1061 2430 1116 suavissimis
2480 1062 2691 1122 oculis;
2749 1060 2983 1112 animam
3025 1068 3206 1112 autem
3266 1074 3468 1123 meam,

1876 1164 2160 1221 pestquam
2211 1152 2523 1217 decessero,
2555 1152 2829 1216 existima,
2863 1166 2894 1203 ο
2945 1150 3038 1215 (ili,
3071 1166 3099 1203 a
3134 1160 3225 1203 tua
3253 1165 3467 1219 semper

1874 1247 2130 1316 pendere,
2179 1261 2300 1299 cum
2336 1260 2439 1315 qua
2491 1246 2826 1298 confidenter
2861 1242 3061 1298 Christi
3098 1244 3333 1298 adoraho
3369 1244 3465 1295 tri-

1877 1339 2063 1405 bunal,
2098 1339 2199 1391 tuis
2225 1338 2464 1407 glorians
2496 1337 2882 1403 Iaboribus,de
2912 1337 3016 1391 tuis
3047 1347 3264 1406 propter
3290 1338 3465 1406 ipsum

1878 1431 2020 1483 notis
2070 1446 2132 1484 ac
2166 1430 2513 1499 Stigmatihus
2545 1445 2628 1485 me
2681 1429 2962 1498 magnifice
2995 1429 3464 1497 circumspiciens,

1877 1534 1928 1576 et
1960 1523 2369 1594 magniﬁcorum
2419 1523 2629 1577 illorum
2666 1522 3011 1592 praemiorum
3046 1532 3099 1576 et
3142 1519 3344 1576 laetitia:
3387 1520 3470 1574 Iu-

1880 1625 1994 1667 tura
2028 1616 2323 1684 particeps.

1951 1798 2083 1853 VIII.
2110 1799 2235 1854 Iltec
2261 1808 2433 1854 mater
2456 1799 2671 1855 dicebat
2696 1800 2824 1863 lilio,
2856 1810 2908 1853 et
2928 1799 3087 1854 simul
3112 1798 3293 1853 omnia
3325 1796 3467 1851 illius

1882 1893 2125 1947 membra
2157 1892 2571 1948 deosculabatur
2608 1910 2620 1944 :
2654 1891 2800 1946 Felix
2838 1907 2957 1962 ego,
3015 1906 3204 1945 rursus
3254 1890 3465 1955 dicens,

1879 1984 2021 2053 quod
2044 1983 2284 2038 membra
2314 1986 2567 2052 martyris
2589 1985 2895 2049 deosculer,
2931 1986 3171 2039 membra
3192 1981 3466 2036 offerenda

1877 2076 2094 2131 Christo
2110 2074 2460 2132 sacriﬁcium.
2483 2076 2572 2130 Sic
2587 2091 2717 2146 ergo
2730 2092 2851 2131 eum
2872 2076 3223 2144 amplectens,
3238 2085 3466 2142 etquam

1880 2168 2200 2223 suavissime
2228 2167 2523 2229 disserens.
2577 2183 2699 2223 vere
2726 2170 2880 2223 beata
2926 2168 3107 2239 quiete
3163 2165 3468 2234 requievit,

1880 2276 2000 2315 cum
2028 2261 2280 2330 spiritum
2310 2263 2523 2329 quidem
2555 2259 2686 2323 Deo,
2716 2276 2918 2329 corpus
2941 2272 3120 2315 autem
3140 2256 3470 2314 dulcissimis

1881 2354 1972 2409 ﬁlii
2009 2356 2257 2409 manibus
2300 2356 2758 2409 commendasset.
2808 2354 2896 2409 Ille
2947 2363 3150 2417 autem,
3197 2363 3251 2405 ut
3283 2353 3371 2420 qui
3411 2351 3465 2403 in

1880 2445 2197 2500 benevolam
2241 2454 2471 2499 matrem
2511 2444 2700 2499 fuisset
2735 2458 2949 2515 semper
2982 2445 3105 2514 pius
3137 2443 3300 2507 Illius,
3338 2440 3467 2494 Illud

1877 2537 2093 2606 quidem
2135 2537 2327 2604 sepelit
2372 2536 2651 2605 splendide
2696 2546 2750 2591 et
2801 2536 3109 2606 magniﬁce.
3169 2536 3284 2605 Ipse
3340 2551 3471 2589 vero

1882 2629 2044 2683 vitam
2068 2627 2295 2697 suscipit
2325 2628 2647 2694 solitariam,
2678 2629 2777 2682 hoc
2803 2628 2985 2683 statim
3020 2628 3252 2693 primum
3279 2626 3471 2681 matris

1880 2728 2186 2782 concedens
2210 2725 2502 2788 mandatis,
2547 2735 2605 2780 ut
2636 2740 2663 2777 a
2706 2726 2909 2779 mundo
2934 2735 3156 2794 pr0pter
3190 2722 3467 2777 Christum

1885 2819 2209 2884 discederet,
2260 2820 2350 2888 qui
2385 2828 2569 2887 postea
2616 2828 2834 2889 propter
2862 2818 3010 2871 illum
3046 2832 3074 2871 a
3108 2816 3217 2871 vita
3254 2830 3471 2886 quoque

1881 2918 2001 2959 erat
2027 2909 2388 2960 discessurus.

1718 3104 1945 3160 CAPUT
1996 3106 2055 3159 II.

1299 3248 1358 3303 S.
1384 3247 1660 3303 Clementis
1692 3249 2064 3303 adolescentia.
2097 3249 2417 3319 Episcopatu

254 3450 333 3505 8'.
374 3445 628 3518 Ὀρφανῷ
666 3445 765 3516 μὲν
798 3440 891 3499 οὖν
922 3444 1096 3510 οὕτως
1140 3444 1249 3497 ἀπὸ
1287 3444 1491 3515 μητρὸς
1516 3441 1592 3512 τῷ
1624 3442 1771 3510 KH]-
1803 3443 1845 3499 ρ

194 3560 347 3611 μεντι
380 3539 659 3610 γενομένῳ
679 3538 917 3608 (πατέρα
944 3538 1052 3608 γὰρ
1078 3534 1188 3607 εἶχε
1208 3537 1387 3603 Θεὸν),
1415 3536 1607 3603 ἑτέραν
1633 3533 1780 3603 αὐτῷ

193 3635 357 3687 πάλιν
392 3632 602 3693 ἐκεῖνος
631 3630 916 3698 ἐπεισάγει
973 3628 1208 3700 μητέρα,
1245 3627 1415 3698 μηδὲν
1448 3627 1547 3696 τῆς
1581 3626 1778 3695 προτέ-

192 3741 310 3791 ρας,
364 3724 507 3792 μήτε
537 3720 635 3791 τὴν
663 3721 874 3791 κλῆσιν,
921 3725 1057 3790 μήτε
1112 3723 1236 3782 τοὺς
1268 3720 1505 3788 τρόπους
1535 3719 1776 3788 ἀπᾴδου-

194 3829 319 3865 σαν⁴
385 3814 537 3879 γένει
590 3812 687 3880 μὲν
722 3813 827 3879 γὰρ
887 3812 981 3863 καὶ
1017 3810 1157 3880 αὕτη
1213 3811 1321 3863 τῶν
1354 3810 1633 3878 ἐπιφανῶν
1689 3811 1781 3862 καὶ

192 3904 492 3967 πλουσίων,
516 3902 683 3972 ἀρετῇ
719 3903 776 3955 δὲ
804 3901 913 3955 τῶν
946 3904 1258 3971 ἐπισήμων,
1289 3902 1459 3967 Σοφία
1487 3918 1547 3953 τε
1577 3900 1777 3967 ὁμοίως

192 3994 329 4062 αὑτὴ
386 3993 721 4061 καλουμένη,
786 3992 882 4045 καὶ
932 3994 1261 4061 προσευχαῖς
1326 3990 1495 4044 νύκτα
1536 3992 1627 4042 καὶ
1664 3991 1781 4059 μεθ’

192 4086 411 4153 ἡμέραν
466 4086 555 4135 ἀεὶ
605 4082 961 4151 σχολάζουσαι.
1006 4083 1327 4144 Φιλότεκνος
1355 4084 1431 4146 δὲ,
1476 4084 1632 4151 εἴπερ
1675 4098 1779 4147 τις,

191 4173 325 4231 οὖσα
372 4176 431 4227 τὸ
466 4175 730 4244 παράπαν
763 4176 986 4234 ἄτεκνος
1010 4170 1075 4245 ἦν
1098 4192 1109 4203 ·
1146 4178 1177 4244 η
1226 4174 1281 4227 δὲ
1318 4175 1548 4245 Πρόνοια
1578 4174 1783 4227 ἄνωθεν

191 4268 558 4337 οἰκονομοῦσα
593 4270 657 4320 τὰ
689 4270 808 4320 κατ’
838 4269 1036 4330 αὐτοὺς
1071 4271 1164 4321 καὶ
1226 4270 1369 4337 μήτε
1416 4268 1475 4320 τὸ
1521 4268 1639 4319 νέον
1689 4268 1779 4319 τοῦ

192 4363 516 4431 Κλήμεντος
554 4364 761 4430 μητρὸς
798 4361 1004 4430 ἔρημον
1036 4357 1177 4414 εἷναι
1203 4362 1531 4431 ἀνεχομένη,
1566 4365 1660 4413 καὶ
1685 4362 1781 4430 τῆς

194 4454 395 4522 Σοφίας
430 4453 594 4506 πάλιν
628 4453 914 4521 πληρῶσαι
949 4453 1251 4523 βουλομένη
1308 4454 1407 4522 τὴν
1448 4454 1655 4522 ἔφεσιν,
1692 4455 1781 4507 τὸν

193 4546 496 4614 Κλήμεντα
550 4545 729 4613 σοφῶς
766 4545 901 4615 αὐτῇ
958 4546 1201 4615 φέρουσα
1237 4548 1493 4600 είσποίει.
1532 4548 1678 4618 Σοφὴ
1726 4549 1782 4600 δὲ

192 4637 323 4688 οὖσα
363 4637 441 4700 ὡς
485 4636 702 4705 ἀληθῶς
749 4639 781 4707 ή
819 4635 991 4707 Σοφία
1039 4639 1175 4708 πρὶς
1208 4638 1305 4708 τὴν
1355 4639 1497 4692 κατὰ
1530 4639 1662 4693 Θεὸν
1690 4641 1781 4694 καὶ

192 4731 329 4799 αὑτὴ
361 4733 455 4783 τὸν
491 4731 656 4782 παῖδα
712 4730 905 4795 σοφίαν
930 4731 1318 4798 ἐπαιδαγώγει,
1352 4732 1449 4784 καὶ
1500 4732 1689 4803 ὥσπερ
1720 4735 1780 4786 ἐκ

192 4823 297 4874 τῶν
325 4822 504 4891 αὐτῆς
549 4822 757 4875 ὠδίνων
798 4823 1116 4893 προελθόντι
1157 4825 1235 4895 τῷ
1270 4825 1574 4896 Κλήμεντι,
1632 4827 1777 4882 οὕτω
1808 4806 1857 4865 D

193 4914 573 4984 κηδεμονικῶς
605 4916 692 4966 ἐπ’
723 4914 874 4982 αὐτῷ
908 4914 1029 4969 λίαν
1063 4918 1154 4968 καὶ
1188 4919 1470 4985 μητρικῶς
1502 4921 1580 4980 εἰς
1606 4920 1777 4989 ἄκρον

193 5006 447 5059 διέκειτο.
484 5006 561 5056 Οὐ
615 5004 723 5075 μὴν
758 5005 881 5058 οὐδὲ
934 5005 1167 5077 Κλήμης
1204 5007 1428 5061 ἔλαττον
1465 5009 1497 5079 ἢ
1533 5012 1777 5080 προσῆκε

199 5102 365 5171 μητρὶ
419 5101 482 5153 τὸ
512 5103 645 5171 περὶ
682 5101 853 5172 αὐτὴν
898 5102 1186 5155 ἐπεδείκνυ
1248 5105 1308 5155 τδ
1343 5103 1567 5174 φίλτρον
1597 5122 1608 5134 ·
1662 5105 1776 5158 ἀλλ’

196 5197 457 5265 ἀκέραιον
490 5197 589 5264 μὲν
626 5196 762 5265 αὐτῇ
796 5196 891 5248 καὶ
933 5196 1030 5265 τὴν
1065 5195 1199 5251 αἰδὼ
1253 5198 1348 5249 καὶ
1380 5196 1469 5248 τὸν
1503 5198 1665 5251 πόθον
1700 5199 1779 5251 δι-

197 5291 363 5354 έσωζε
387 5307 401 5319 ·
436 5290 603 5342 πολὺν
627 5288 682 5341 δὲ
716 5290 807 5341 καὶ
841 5289 941 5355 τῆς
980 5288 1328 5352 διδασκαλίας
1367 5292 1424 5343 ὲν
1472 5291 1639 5361 ὀλίγῳ
1686 5292 1775 5345 τὸν

198 5382 408 5453 καρπὸν
436 5382 713 5443 ἀπεδίδου,
748 5382 998 5450 καθάπερ
1028 5398 1111 5443 τις
1141 5381 1320 5452 ἀγαθὴ
1348 5382 1419 5451 γῆ
1455 5385 1548 5435 καὶ
1571 5383 1781 5456 λιπαρὰ

200 5477 287 5528 καὶ
323 5474 641 5545 βαθύγειος⁵
678 5476 740 5527 οὐ
766 5473 1010 5528 λυποῦσα
1041 5477 1107 5545 τῇ
1142 5476 1338 5528 σπάνει
1386 5475 1477 5527 τὸν
1507 5478 1774 5545 γεωργὸν,

204 5569 331 5620 ἀλλὰ
353 5569 429 5639 τῷ
466 5570 660 5639 πλήθει
689 5570 797 5623 τῶν
837 5570 1120 5638 φυομένων
1146 5568 1538 5638 παρακαλοῦσα
1575 5570 1779 5639 μᾶλλον

208 5660 333 5728 πρὸς
366 5664 701 5730 σπερμάτων
735 5663 1069 5733 καταϐολὴν*
1109 5664 1259 5716 κοινὰ
1296 5664 1389 5730 μὲν
1418 5662 1483 5715 τὰ
1516 5662 1641 5717 ὅντα
1668 5668 1776 5727 τοῖς

271 5851 287 5879 ⁸
324 5848 363 5904 II
392 5850 565 5905 Much.
599 5868 695 5908 vn.

1952 3439 2042 3495 IX.
2086 3446 2257 3514 Atque
2322 3444 2589 3500 Clementi
2647 3446 2864 3515 quidem
2928 3446 3007 3502 sic
3063 3455 3237 3501 matre
3276 3447 3470 3501 orbato

1888 3542 1901 3596 ί
1931 3536 2095 3589 Deum
2133 3540 2276 3590 enim
2311 3538 2543 3593 habebat
2574 3539 2817 3607 patrem)
2869 3540 2958 3593 ille
3005 3539 3051 3593 ei
3085 3555 3276 3594 rursus
3309 3541 3469 3594 aliam

1886 3628 2094 3683 inducit
2151 3640 2414 3695 matrem,
2465 3646 2584 3699 qua:
2634 3646 2733 3685 nec
2797 3631 3015 3685 nomine
3075 3647 3172 3686 nec
3231 3634 3472 3687 moribus

1886 3722 2179 3789 quidquam
2230 3720 2510 3777 dill‘ercbat
2546 3738 2573 3776 a
2606 3724 2788 3790 priore
2818 3740 2832 3775 :
2864 3725 2979 3791 ipsa
3026 3725 3245 3793 quidem
3278 3734 3329 3777 et
3352 3740 3471 3793 .ge-

1889 3826 2015 3864 nere
2050 3812 2275 3881 insignis
2320 3824 2372 3867 et
2418 3814 2606 3877 dives,
2654 3831 2773 3883 qua:
2819 3816 2931 3885 ipsa
2966 3832 3181 3885 quoque
3221 3818 3475 3870 similiter

1887 3904 2179 3956 vocabatur
2208 3904 2431 3972 Sophia,
2465 3917 2517 3958 et
2549 3916 2709 3959 noctu
2749 3918 2802 3960 et
2836 3908 3070 3961 interdiu
3110 3922 3324 3977 semper
3360 3924 3474 3961 ver-

1887 3997 2108 4048 sabatur
2158 3997 2210 4048 in
2258 3997 2618 4051 oratioziibus.
2667 3998 2799 4051 Cum
2838 4009 2981 4052 esset
3026 4011 3232 4060 autem,
3286 3999 3328 4051 si
3367 3998 3471 4052 ulla

1888 4088 2015 4150 alia,
2057 4088 2287 4142 liliorum
2341 4092 2737 4156 amantissima,
2789 4092 3009 4145 carebat
3059 4093 3281 4145 omnino
3327 4094 3472 4150 ﬁliis.

1890 4181 2077 4233 Divina
2130 4198 2255 4236 vero
2304 4182 2667 4250 providentia,
2734 4198 2853 4252 qua:
2905 4199 2995 4238 res
3034 4199 3220 4237 eorum
3265 4201 3329 4238 ex
3364 4187 3472 4239 alto

1886 4276 2321 4341 aiiIIIIIIlSlI'iII).iI,
2365 4294 2461 4331 nec
2496 4279 2674 4333 ferens
2722 4287 2964 4332 teneram
3014 4276 3307 4333 Clementis
3342 4291 3471 4333 mta-

1889 4376 1993 4418 tem
2023 4380 2143 4419 esse
2167 4381 2194 4418 a
2224 4380 2396 4419 matre
2419 4368 2715 4431 desertam,
2747 4380 2802 4422 et
2834 4384 3020 4423 rursus
3045 4369 3232 4423 volens
3255 4370 3472 4438 explere

1887 4456 2103 4523 Sophia:
2138 4458 2490 4525 desiderium,
2524 4461 2861 4514 Clementem
2893 4462 3164 4528 sapienter
3193 4462 3259 4514 ad
3298 4463 3468 4531 ipsam

1887 4553 2184 4618 adducens,
2232 4563 2289 4606 ut
2330 4555 2549 4620 adoptet
2613 4554 2795 4607 eIIicit.
2854 4555 3008 4621 (lum:
3046 4568 3231 4609 revera
3289 4565 3469 4607 autem

1885 4656 2025 4700 esset
2057 4645 2273 4714 sapiens
2316 4644 2540 4711 Sophia,
2580 4647 2631 4697 iu
2662 4661 2726 4697 ea
2761 4660 2879 4714 quae
2909 4655 3080 4699 estex
3118 4646 3226 4701 Deo
3252 4648 3470 4714 sapien-

1890 4738 1957 4791 tia
1999 4738 2109 4806 ipsa
2134 4752 2255 4790 eum
2284 4737 2624 4800 instituebat,
2676 4750 2731 4791 et
2760 4738 2984 4806 perinde
3009 4752 3073 4790 ac
3096 4739 3209 4806 ipsa
3237 4752 3359 4793 eum
3386 4754 3471 4807 pe-

1886 4832 2135 4900 perisset,
2172 4832 2222 4883 in
2250 4829 2583 4884 Clementem
2614 4840 2732 4882 erat
2754 4829 2969 4895 ail‘ecta,
2999 4841 3054 4884 et
3081 4846 3347 4884 summam
3372 4847 3469 4883 cu-

1885 4940 2001 4978 ram
2020 4921 2135 4989 ejus
2163 4921 2402 4991 gerebat.
2434 4920 2621 4989 Neque
2654 4936 2782 4975 vero
2802 4920 3058 4975 Clemens
3087 4922 3264 4974 minus
3304 4935 3466 4989 quam

1886 5030 1983 5085 par
2007 5024 2123 5069 erat
2161 5015 2215 5067 in
2250 5024 2497 5077 matrem,
2551 5028 2791 5067 amorem
2826 5014 2877 5066 in
2931 5028 3049 5067 eam
3097 5013 3413 5067 ostendebat
3451 5028 3465 5063 :

1888 5109 1982 5164 sed
2010 5124 2197 5177 puram
2226 5108 2441 5176 quidem
2470 5122 2532 5161 ac
2560 5106 2828 5161 sinceram
2861 5106 2913 5159 in
2952 5120 3074 5159 eam
3105 5105 3465 5161 reverentiam

1888 5201 2139 5256 servabat
2177 5214 2229 5254 et
2266 5200 2612 5254 desiderium.
2662 5198 3094 5268 Pricceptoribus
3144 5206 3324 5251 autem
3353 5198 3467 5266 plu-

1888 5295 2082 5348 rituum
2141 5307 2357 5362 quoque
2409 5290 2620 5346 fructus
2668 5308 2790 5345 mox
2841 5290 3094 5355 reddidit,
3144 5290 3286 5344 sicut
3326 5293 3464 5343 bona

1890 5386 2132 5455 quaedam
2169 5396 2310 5438 terra
2339 5393 2394 5438 et
2422 5387 2657 5453 pinguis,
2703 5399 2823 5453 qua:
2867 5397 3204 5451 nequaquam
3247 5383 3465 5450 agrico-

1892 5476 1996 5529 lam
2034 5484 2251 5545 propter
2302 5477 2626 5543 paucitatem
2672 5474 2917 5529 molestia
2966 5472 3154 5531 allicit;
3216 5473 3312 5525 sed
3375 5487 3468 5541 per

1890 5584 2099 5631 eorum,
2137 5582 2257 5639 qua;
2298 5580 2611 5631 nascuntur,
2656 5567 3050 5621 multitudinem
3086 5578 3344 5635 provocat
3374 5579 3468 5632 po-

1894 5667 1995 5718 tius
2035 5663 2097 5715 ad
2145 5651 2256 5716 alia.
2298 5662 2592 5731 dejicienda
2646 5664 2849 5716 se‘nina
2891 5682 2901 5715 :
2936 5680 2995 5718 ea
3050 5662 3282 5713 ttuitlem.
3348 5675 3465 5725 qua:
