4154 6490
726 451 832 512 823

1993 446 2272 509 MENSIS
2304 447 2762 510 JANUARIUS.

3875 438 3981 503 824

722 565 974 629 habebat,
1026 562 1331 618 communia
1378 575 1681 632 proponens
1725 562 1790 616 iis
1834 562 1924 630 qui
1963 563 2192 633 egebant
2223 577 2288 618 ex

2405 565 2676 635 δεομένοις
2710 563 2818 617 τῶν
2843 560 3146 632 ἡλικιωτῶν
3177 552 3473 630 προτιθεὶς,
3498 558 3564 627 τῇ
3593 555 3645 608 δὲ
3677 554 3773 623 τῆς
3797 552 3976 619 γλώτο

722 656 1038 723 ιυιιιιιιιίὺιιε,
1073 669 1182 708 sum
1212 661 1390 707 att-tem
1423 653 1616 722 linguze
1643 667 1736 707 eos
1762 652 2050 709 instituens
2077 657 2293 724 sapien-

721 751 814 809 tia,
846 758 895 801 et
923 762 1016 801 cos
1047 749 1113 800 ad
1137 747 1468 816 agnitionem
1491 747 1766 803 deducens
1788 747 2055 801 veritatis.

797 858 858 910 Χ.
900 857 1034 911 Cum
1069 858 1249 927 itaque
1279 858 1569 928 aliquando
1605 859 1775 914 fames
1817 857 2105 914 invasisset
2133 859 2294 914 Gala-

725 955 876 1015 tiam,
918 959 972 1004 et
1000 953 1254 1007 omnibus
1281 952 1532 1008 similiter
1565 952 1873 1008 hominibus
1902 963 1957 1008 et
2005 953 2294 1023 pecoribus

722 1045 934 1099 atl‘erret
989 1047 1246 1110 exitium,
1306 1047 1418 1115 ipse
1471 1047 1659 1102 tollens
1713 1047 1949 1102 infantes
1983 1046 2290 1118 gentilium,

724 1139 1030 1220 quicunque
1059 1138 1229 1191 relicti
1266 1138 1478 1193 fuerant
1515 1139 1690 1192 orbati
1722 1140 2054 1206 parentibus,
2087 1147 2142 1193 et.
2171 1139 2294 1207 qui-

724 1245 934 1295 ιτιιιιτμιο
987 1246 1173 1283 rursus
1208 1243 1428 1299 propter
1476 1240 1846 1302 paupertatem
1891 1233 1941 1285 itt
1997 1232 2137 1285 viam
2172 1244 2296 1299 pro-

719 1322 846 1386 thfli
879 1321 1114 1385 fuerant,
1146 1333 1196 1376 et
1231 1323 1427 1375 amictu
1474 1339 1582 1393 quo
1608 1339 1802 1394 corpus
1831 1333 2064 1393 tegerent
2105 1332 2159 1376 et
2191 1324 2294 1375 ali-

724 1424 908 1465 mento
937 1430 1045 1481 quo
1080 1417 1316 1482 egebant
1359 1420 1693 1476 necessario.
1743 1415 1918 1470 alebat
1946 1458 1962 1482 ,
1999 1413 2292 1481 vestiebat,

727 1504 1061 1572 instituebat,
1101 1517 1152 1560 et
1179 1508 1320 1576 quod
1355 1508 1439 1561 Itis
1466 1518 1583 1562 erat
1616 1509 1770 1576 longe
1804 1509 1994 1576 majus,
2029 1509 2095 1562 ad
2132 1511 2293 1564 Deum

724 1598 1025 1650 adducebat
1055 1613 1068 1649 :
1096 1613 1154 1651 ea
1187 1598 1423 1664 quidem,
1451 1614 1569 1667 qua:
1601 1601 1667 1652 ad
1705 1615 1902 1669 corpus
1932 1602 2292 1669 pertinebant,

727 1703 789 1739 cx
830 1689 999 1743 fidelis
1034 1689 1245 1758 Sapltim
1291 1691 1536 1757 pecuniis
1575 1689 1727 1743 laetus
1769 1692 2144 1760 suppeditans;
2177 1709 2295 1762 qua:

725 1789 905 1835 rutem
943 1783 1007 1834 ad
1055 1781 1356 1834 doctrinam
1393 1783 1632 1850 pietatis,
1679 1793 1734 1836 et
1759 1797 1965 1836 morum
2000 1798 2294 1838 ornamen-

729 1882 864 1936 tum,
916 1884 967 1926 et
1003 1875 1194 1926 anima:
1229 1874 1535 1936 utilitatem,
1568 1889 1594 1924 a
1651 1873 1810 1929 domo
1850 1875 1966 1942 ipse
2015 1874 2293 1943 proferens

728 1981 790 2017 cx
829 1965 1099 2033 sapientia
1140 1965 1392 2032 Spiritus.
1445 1964 1592 2029 Quos
1646 1963 1861 2034 quidem
1897 1981 2016 2020 cum
2059 1975 2113 2019 et
2157 1966 2295 2035 apud

729 2055 906 2121 ipsum
943 2056 1203 2118 viverent,
1227 2067 1278 2108 et
1306 2056 1372 2108 ab
1403 2055 1519 2123 ipso
1563 2064 1708 2109 recte
1735 2065 2208 2124 componerentur,
2245 2067 2296 2112 et

729 2163 850 2199 cum
887 2163 950 2200 eo
983 2149 1106 2200 tecti
1157 2157 1208 2200 et
1262 2147 1392 2200 salis
1436 2157 1488 2200 et
1543 2147 1742 2200 assidui
1792 2159 1978 2202 essent
2031 2152 2298 2202 sermonis

734 2241 1047 2308 participes.
1085 2248 1142 2294 et
1189 2241 1330 2293 illius
1373 2240 1615 2293 doctrina
1669 2242 1719 2294 in
1757 2241 1870 2295 dies
1919 2242 2296 2312 irrigarentur,

725 2329 990 2397 paulatim
1037 2330 1219 2382 virtuti
1270 2329 1586 2393 assuefecit,
1621 2341 1675 2385 et
1703 2332 2026 2400 procedente
2063 2341 2298 2402 tempore

735 2425 1004 2477 excitatus
1043 2435 1124 2478 est
1155 2439 1340 2478 eorum
1377 2426 1609 2490 animus,
1661 2435 1718 2478 ut
1753 2440 1874 2478 cum
1920 2427 2035 2493 ipso
2063 2427 2296 2479 admira-

733 2515 823 2569 bili
857 2517 1134 2569 Clemente
1160 2517 1516 2570 decertarent.
1546 2516 1808 2582 Quocirca
1844 2532 1947 2571 non
1969 2518 2142 2572 solum
2165 2519 2298 2571 mul-

734 2617 819 2661 tos
845 2609 1074 2661 ltabcbat
1104 2606 1261 2668 filios,
1311 2609 1401 2661 sed
1432 2624 1526 2661 eos
1561 2609 1730 2663 bonos
1761 2618 1811 2664 et
1851 2609 1984 2663 bene
2019 2610 2297 2672 educatos,

737 2698 964 2767 Sophia,
1015 2714 1132 2767 quae
1180 2699 1330 2767 prius
1379 2701 1598 2753 catebat
1628 2699 1772 2764 filiis,
1813 2700 1972 2754 veluti
2015 2701 2300 2770 quamdam

738 2791 1014 2845 civitatem
1072 2805 1136 2844 ex
1189 2792 1270 2843 bis
1305 2801 1626 2846 construens
1674 2791 2134 2857 adolescentibus,
2194 2792 2302 2847 Deo

737 2884 973 2954 undique
1021 2883 1428 2950 circumdatam,
1468 2884 1560 2954 qui
1615 2893 1696 2940 est
1727 2899 1915 2939 murus
1950 2884 2101 2955 longe.
2149 2887 2302 2940 tutis-

734 2993 922 3031 SllllliS.

807 3090 896 3144 XI.
939 3090 1200 3145 Clementi
1236 3100 1420 3145 autem
1451 3106 1571 3145 cum
1607 3092 1726 3145 aliis
1766 3091 1980 3146 virtutis
2007 3091 2302 3155 laboribus,

736 3182 1002 3249 legumina
1052 3196 1264 3251 quoque
1299 3183 1470 3236 solum
1515 3193 1670 3235 erant
1702 3183 2036 3236 alimentum.
2073 3183 2152 3235 Ab
2186 3183 2302 3234 ani-

2397 676 2498 729 της
2527 657 2694 711 αὑτοῦ
2727 655 2889 726 σοφία
2924 652 3288 721 παιδαγωγῶν
3311 653 3402 704 καὶ
3435 651 3515 712 είς
3545 647 3845 716 ἐπίγνωσιν
3877 647 3978 698 αὑ-

2398 751 2522 814 τοὺς
2552 750 2764 818 ὲνὰγων
2791 749 2888 818 τῆς
2919 746 3193 818 ἀληθείας.

2473 865 2525 920 l'.
2557 863 2693 919 Ποτὲ
2726 863 2817 918 οὖν
2837 861 2998 932 λιμοῦ
3032 861 3130 933 τὴν
3169 858 3431 916 Γαλατῶν
3479 854 3846 924 κατασχόντος
3881 851 3975 901 καὶ

2397 957 2796 1028 λυμαινομένου
2834 958 3000 1009 πᾶσιν
3051 952 3254 1023 ὁμοίως
3293 950 3606 1022 ἀνθρώποις
3639 964 3697 1001 τε
3758 945 3854 998 καὶ
3888 943 3975 1012 βου

2397 1052 2699 1121 σχήμασιν,
2749 1048 2909 1112 αὐτὸς
2966 1048 3361 1118 ἀναιρούμενος
3415 1044 3484 1098 τὰ
3528 1041 3639 1094 τῶν
3697 1037 3974 1106 Ἑλλήνων

2401 1144 2595 1216 βρέφη.
2644 1143 2744 1197 ὅσα
2769 1159 2829 1195 τε
2863 1141 3118 1210 πατέρων
3148 1139 3359 1212 ὀρφανὰ
3411 1133 3825 1196 καταλέλειπτο,
3878 1129 3974 1182 καὶ

2397 1239 2496 1291 ὅσα
2529 1235 2616 1290 διὰ
2671 1235 2863 1288 πενίαν
2924 1233 3087 1288 πάλιν
3139 1233 3260 1285 κατ’
3319 1230 3490 1300 αὐτὴν
3553 1226 3668 1281 ὁδὸν
3718 1227 3971 1296 ἑῤῥιπτο,

2401 1328 2696 1398 περιϐολῆς
2725 1344 2782 1379 τε
2806 1327 2906 1395 τῆς
2941 1325 3002 1379 τὸ
3050 1325 3211 1395 σῶμα
3251 1322 3584 1389 σκεπούσης,
3632 1319 3728 1372 καὶ
3768 1317 3976 1386 τροφῆς

2398 1418 2709 1490 ἀποροῦντα
2733 1419 2832 1488 τῆς
2860 1415 3465 1485 ἁναγκαίαςῆζτρεφεν,
3502 1411 3754 1471 ἔσκεπεν,
3788 1404 3976 1458 ἐπαιδ-

2404 1512 2634 1580 αγώγει,
2669 1512 2764 1566 καὶ
2810 1511 2838 1563 ὃ
2871 1527 2936 1577 γε
2972 1507 3154 1579 πολλῷ
3205 1505 3391 1577 μεῖζον
3425 1499 3514 1574 ἦν,
3547 1505 3792 1573 προσῆγε
3819 1499 3941 1566 Θεῷ
3962 1516 3974 1526 ·

2399 1608 2468 1660 τὰ
2497 1606 2596 1674 μὲν
2645 1603 2738 1657 τοῦ
2792 1601 3045 1672 σώματος
3072 1599 3178 1652 ἀπὸ
3210 1598 3320 1651 τῶν
3370 1596 3471 1665 τῆς
3513 1593 3718 1662 πιστῆς
3773 1591 3977 1658 Σοφίας

2401 1697 2698 1768 χρημάτων
2727 1694 2911 1755 αὐτοῖς
2937 1690 3055 1762 μεθ’
3083 1690 3274 1760 ἡδονῆς
3309 1684 3590 1755 ἐπαρκῶν,
3618 1685 3715 1736 ὅσα
3745 1681 3804 1734 δὲ
3843 1678 3978 1747 προς

2404 1789 2636 1859 μάθησιν
2689 1786 2990 1849 εὐσεϐείας,
3043 1782 3138 1835 καὶ
3167 1782 3330 1850 ηθους
3373 1779 3601 1847 κόσμον.
3662 1774 3760 1828 καὶ
3798 1772 3979 1842 ψυχῆς

2399 1881 2690 1950 ὠφέλειαν,
2721 1877 2934 1932 οἴκοθεν
2997 1874 3158 1936 αὐτὸς
3184 1875 3247 1926 ὲκ
3294 1872 3392 1941 τῆς
3414 1868 3507 1922 τοῦ
3545 1867 3684 1921 Ilva-.3
3696 1882 3869 1935 ματος
3895 1881 3981 1915 σο·

2402 1973 2530 2042 φίας
2561 1972 2853 2040 εἰσφέρων.
2889 1970 2955 2021 Ἃ
3007 1967 3070 2035 δὴ
3113 1965 3206 2020 καὶ
3265 1963 3394 2034 παρ’
3423 1959 3574 2030 αὑτῷ
3617 1956 3978 2025 διαιτώμενα.

2402 2067 2497 2120 καὶ
2531 2065 2621 2120 ὑπ’
2645 2062 2812 2118 αὑτοῦ
2841 2060 3021 2123 καλῶς
3050 2057 3442 2130 ρυθμιζόμενα,
3477 2053 3569 2106 καὶ
3602 2051 3798 2119 στέγης
3831 2046 3982 2114 αὗτῷ

2402 2159 2497 2213 καὶ
2520 2158 2662 2211 ἀλῶν
2683 2157 2776 2210 καὶ
2798 2155 3014 2224 ὁμιλίας
3037 2149 3320 2220 διηνεκοῦς
3345 2143 3726 2206 κοινωνοῦντα,
3742 2141 3837 2194 καὶ
3862 2143 3982 2201 ταῖς

2404 2255 2613 2307 ἐκείνου
2645 2251 3012 2312 διδασκαλίαις
3036 2247 3158 2300 καθ’
3182 2245 3421 2315 ἑκάστην
3445 2242 3741 2312 ἀρδόμενα,
3771 2236 3980 2306 συνήθη

2404 2347 2544 2401 κατὰ
2579 2344 2774 2414 μικρὸν
2805 2345 2871 2411 τῇ
2901 2342 3070 2410 ἀρετῇ
3109 2337 3425 2398 καθίστατο,
3469 2335 3562 2386 καὶ
3594 2331 3844 2401 προῖόντι
3905 2327 3983 2395 τῷ

2403 2441 2582 2512 χρόνῳ
2636 2439 2716 2500 είς
2763 2435 2998 2505 ἅμιλλαν
3038 2434 3221 2493 αὐτοῖς
3256 2432 3289 2500 ἡ
3335 2430 3484 2498 ψυχὴ
3512 2426 3606 2480 τοῦ
3659 2419 3984 2492 Θαυμαστοῦ

2406 2532 2720 2602 Κλήμεντος
2750 2529 3075 2582 διανίπατο.
3105 2525 3265 2578 Ὥστε
3290 2518 3358 2591 ἦν
3400 2522 3459 2572 οὐ
3496 2518 3762 2576 πολὺπαις
3793 2516 3982 2583 μόνον,

2405 2625 2542 2679 ἀλλὰ
2568 2624 2662 2677 καὶ
2697 2622 2816 2674 λίαν
2852 2620 3047 2691 εῠπαις
3080 2619 3111 2686 ἡ
3138 2617 3267 2686 πρὶν
3303 2615 3468 2674 ἄπαις
3501 2611 3687 2678 Σοφία,
3724 2607 3987 2674 καθάπερ

2404 2717 2530 2771 τινα
2560 2716 2710 2768 πόλιν
2735 2715 2800 2768 ὲκ
2841 2712 2950 2766 τῶν
3001 2706 3303 2780 μειρακίων
3334 2702 3710 2765 συνοικίζουσα
3748 2695 3984 2755 τούτων,

2405 2809 2541 2862 Θεὸν
2588 2806 2854 2861 πάντοθεν
2907 2804 2966 2856 τὸ
3025 2799 3266 2871 ἀσφαλὲς
3337 2791 3816 2865 περιϐεϐλημένην
3877 2789 3986 2841 τεῖο

2407 2918 2523 2970 κος-

2483 3112 2586 3164 IA’.
2617 3109 2895 3176 Κλήμεντι
2927 3105 2981 3158 δὲ
3017 3102 3154 3172 μετὰ
3178 3101 3284 3154 τῶν
3332 3097 3507 3150 ἄλλων
3532 3094 3628 3158 τῆς
3657 3089 3860 3159 ἀρετῆς
3893 3087 3992 3138 πό-

2411 3219 2537 3262 νων,
2593 3200 2685 3253 καὶ
2714 3199 2916 3265 δσπρια
2942 3195 3100 3262 μόνον
3132 3187 3200 3261 ἦν
3244 3192 3276 3254 ἡ
3310 3187 3486 3256 τροφή
3511 3200 3522 3212 ’
3564 3180 3822 3250 ἐμψύχων
3877 3176 3989 3244 γὰρ

737 3275 899 3327 matis
921 3274 1062 3326 enim
1105 3274 1325 3328 omnino
1361 3273 1683 3338 abstinebat,
1720 3272 1930 3328 illorum
1968 3273 2130 3326 trium
2165 3286 2299 3335 sent-

2408 3292 2469 3345 τδ
2498 3290 2762 3359 παράπαν
2787 3287 3064 3354 ἀπείχετο,
3108 3281 3216 3333 τῶν
3248 3277 3416 3348 τριῶν
3462 3273 3688 3326 ἐκείνων
3741 3270 3830 3322 ἀεὶ
3892 3283 3989 3335 με-

737 3382 832 3435 per
893 3380 1101 3419 ιιιειιιοι·
1171 3380 1497 3436 puerorum,
1572 3379 1800 3434 quorum
1882 3380 2107 3434 corpora
2181 3380 2304 3418 (‘lllll

736 3461 970 3513 acnisset
994 3457 1279 3525 jejunium,
1317 3458 1493 3512 effecit
1529 3466 1586 3510 ut
1616 3458 1909 3525 expugnari
1945 3457 2160 3524 quidem
2195 3471 2302 3509 non

737 3558 952 3621 possent
995 3552 1062 3604 ab
1091 3551 1211 3620 igne
1244 3548 1520 3614 vitiorum,
1555 3563 1727 3618 neque
1774 3548 1918 3601 fttttdi
1951 3548 2164 3600 flamma
2199 3546 2306 3602 for-

739 3646 890 3700 nacis
917 3645 1154 3700 scnsilis.

807 3758 920 3814 ΧΙΙ.
960 3759 1065 3813 Sed
1101 3759 1240 3812 enim
1275 3755 1556 3826 oportebat
1583 3759 1852 3812 lucernam
1880 3759 2079 3828 imponi
2113 3758 2306 3811 cande-

738 3853 917 3919 labro,
963 3861 1017 3906 et
1065 3853 1232 3907 videri
1295 3852 1568 3906 civitatem
1626 3869 1744 3922 qua:
1796 3863 1878 3907 est
1931 3855 2106 3920 posita
2143 3868 2304 3919 supra

739 3954 997 4006 montem,
1058 3953 1113 3997 et
1163 3941 1519 4005 Clementem,
1578 3941 1668 4009 qui
1731 3938 2105 4007 resplendebat
2159 3946 2304 3989 tanta

739 4035 858 4087 luce
895 4033 1132 4096 rirtulis,
1175 4033 1411 4086 nancisci
1459 4031 1838 4097 sacerdotium,
1878 4041 1934 4082 ut
1970 4031 2046 4084 sic
2093 4042 2307 4098 Quoque

740 4129 986 4193 pluribus
1021 4128 1172 4181 ﬁeret
1220 4128 1302 4180 ria
1339 4126 1546 4180 salutis.
1596 4124 1884 4192 Propterea
1914 4132 1967 4178 et
2020 4125 2110 4178 Dei
2153 4138 2184 4178 e
2218 4139 2306 4178 su-

738 4222 880 4286 peris
912 4218 1186 4286 sufl‘ragio,
1219 4227 1272 4271 et
1307 4217 1577 4270 communi
1614 4217 1882 4271 sententia
1917 4217 2181 4280 omnium,
2216 4217 2305 4284 qui

738 4321 893 4364 ιιι-,ιιιι
926 4313 976 4363 in
1013 4309 1244 4371 Galatia,
1278 4310 1509 4377 primum
1539 4309 1753 4375 quidem
1783 4323 1935 4362 sacer
1964 4323 2136 4378 prach
2166 4312 2304 4362 saerl

736 4405 878 4466 atrii,
916 4404 1106 4456 deinde
1138 4403 1300 4456 etiam
1335 4401 1494 4471 paulo
1544 4410 1663 4470 post
1693 4401 1950 4455 diaconus
1983 4410 2221 4464 creatur,
2255 4408 2307 4452 et

734 4497 1039 4568 presbyter.
1091 4495 1223 4550 Cum
1255 4495 1362 4548 duo
1401 4502 1577 4546 autem
1624 4491 1818 4546 deinde
1845 4493 1970 4547 anni
2015 4491 2305 4559 praeteriis-

2413 3383 2684 3455 μνημένος
2717 3379 2939 3442 παίδων,
2981 3369 3055 3428 ὧν
3083 3376 3148 3427 τὰ
3185 3373 3413 3441 σώματα
3439 3365 3664 3436 νηστεία
3696 3360 3990 3428 στομώσα-

2411 3495 2500 3544 σα,
2535 3476 2785 3530 ἀνάλωτα
2813 3473 2910 3542 μὲν
2941 3477 3018 3540 τῷ
3053 3470 3186 3538 πυρὶ
3217 3467 3326 3519 τῶν
3359 3464 3568 3523 παθῶν,
3613 3457 3910 3529 ἁχὼνευτα
3930 3455 3986 3506 δὲ

2408 3573 2472 3640 τῇ
2499 3569 2656 3638 φλογὶ
2701 3567 2799 3636 τῆς
2834 3563 3066 3632 καμίνου
3096 3560 3411 3631 εἰργάσατο.

2481 3768 2578 3820 [θ’.
2611 3765 2775 3818 Ἀλλὰ
2820 3763 2928 3832 γὰρ
2980 3763 3086 3814 ἔδει
3133 3761 3222 3812 τὸν
3275 3758 3468 3827 λύχνον
3495 3757 3586 3808 ἐπὶ
3627 3756 3726 3824 τὴν
3761 3751 3990 3820 λυχνίαν

2407 3860 2649 3930 τεθῆναι,
2686 3858 2779 3911 καί
2810 3856 2906 3926 τὴν
2939 3855 3094 3906 πόλιν
3125 3852 3308 3905 ὲπάνω
3341 3850 3601 3919 κειμένην
3627 3847 3787 3916 ὅρους
3808 3842 3990 3912 ἐερθῆ-

2410 3969 2517 4014 vat,
2555 3955 2648 4004 καὶ
2677 3951 2766 4003 τὸν
2790 3948 3084 4016 Κλήμεντα
3108 3944 3252 3998 οὕτω
3291 3941 3474 4011 πολλῷ
3515 3939 3592 4008 τῷ
3639 3939 3739 4007 τῆς
3778 3938 3990 4004 ἀρετῆς

2411 4041 2552 4111 φωτὶ
2605 4039 2985 4107 διαλάμποντα
3025 4036 3123 4102 τῆς
3177 4032 3478 4103 ἱερωσύνης
3542 4028 3865 4097 ἀξιωθῆναι,
3923 4025 3992 4077 ἶν’

2409 4132 2550 4185 οὕτω
2596 4129 2690 4182 καὶ
2722 4129 2932 4180 πλείοσι
2977 4127 3176 4197 μᾶλλον
3228 4123 3347 4186 ὁδὸς
3401 4121 3626 4192 γένηται
3685 4118 3989 4186 σωτηρίας.

2408 4222 2506 4274 Διὰ
2538 4218 2688 4272 τοῦτο
2708 4219 2876 4287 ψήφῳ
2903 4233 2961 4268 τε
2989 4217 3124 4268 Θεοῦ
3157 4214 3386 4276 ἄνωθεν,
3439 4213 3534 4264 καὶ
3565 4211 3716 4278 κοινῇ
3763 4209 3996 4260 πάντων

2407 4312 2544 4382 ὁμοῦ
2570 4312 2680 4364 τῶν
2709 4313 2766 4364 ὲν
2797 4309 3036 4379 Γαλατία
3062 4305 3277 4378 γνώμῃ,
3317 4304 3508 4376 πρῶτα
3559 4303 3658 4370 μὲν
3690 4299 3993 4369 ίεροκήρυξ

2407 4407 2504 4476 τῆς
2534 4404 2692 4472 ἁγίας
2720 4403 2914 4472 αὐλῆς,
2953 4397 3071 4453 εἶτα
3099 4399 3367 4461 διάκονος,
3404 4397 3504 4449 οὐκ
3544 4395 3710 4462 ὀλίγῳ
3741 4393 3797 4445 δὲ
3829 4391 3994 4444 ὕστε-

2411 4515 2504 4568 ρον
2533 4496 2625 4549 καὶ
2655 4494 3025 4566 πρεσϐύτερος
3054 4492 3454 4547 ἀναδείκνυται.
3479 4489 3582 4541 Δύο
3605 4488 3662 4540 δὲ
3686 4485 3995 4554 παρελοόνο

735 4602 876 4653 sctit,
929 4589 994 4640 ad
1045 4585 1404 4654 episcopalem
1452 4598 1667 4651 quoque
1725 4584 1905 4636 sedem
1964 4582 2299 4652 proreltitur,

2411 4607 2519 4642 των
2550 4587 2675 4658 έξῆς
2693 4585 2978 4649 ἐνιαυτῶν,
3012 4586 3106 4638 καὶ
3136 4584 3217 4647 είς
3243 4583 3336 4635 τὸν
3387 4580 3488 4650 τῆς
3543 4578 3848 4645 ἐπισκοπῆς
3892 4579 3995 4629 ἀν-

736 4683 874 4734 alins
919 4681 1056 4732 inter
1111 4677 1422 4731 sacerdotes
1476 4677 1561 4728 ltic
1593 4689 1808 4744 quoque
1837 4685 2056 4728 exortus
2095 4673 2302 4736 Daniel,

738 4783 794 4827 ιιι
824 4775 910 4840 qui
955 4770 1166 4826 etiamsi
1211 4778 1350 4822 esset
1383 4768 1618 4835 juvenis,
1649 4782 1866 4822 omnem
1901 4777 2076 4820 tamen
2125 4779 2304 4817 sacer-

734 4867 873 4917 dotis
921 4872 1250 4916 senectutem
1300 4859 1494 4912 virtute
1534 4867 1860 4926 superasset,
1899 4868 1951 4910 et
1984 4857 2306 4910 Ostettdissu

737 4963 1071 5009 senectutem
1096 4969 1200 5006 non
1232 4966 1351 5005 esse
1383 4951 1711 5019 ltujttsmodi,
1745 4961 1800 5004 ttt
1833 4965 2009 5004 rerum
2043 4950 2303 5003 bonarum

736 5048 956 5101 omnino
1011 5055 1192 5099 certos
1233 5043 1425 5097 eflici-at
1488 5057 1830 5112 possessores
1867 5059 1878 5095 :
1919 5043 2010 5095 sed
2055 5055 2304 5093 nonnun-

735 5158 896 5209 quam
939 5141 1100 5192 etiam
1135 5145 1278 5191 recte
1315 5137 1614 5190 inStitutatn
1660 5135 1996 5202 iuventutem
2044 5149 2162 5186 esse
2200 5133 2304 5184 tir-

735 5235 865 5286 tntis
911 5246 1015 5283 non
1076 5228 1522 5283 contemnendam
1575 5228 1850 5281 custodem
1889 5244 1901 5278 :
1939 5242 2059 5279 nam
2103 5225 2299 5277 vicesi-

735 5337 881 5375 tnnm
917 5320 1132 5388 quidem
1165 5319 1493 5384 annttmjam
1524 5319 1792 5387 attigerat.

807 5434 945 5486 XIII.
973 5433 1106 5487 Cum
1133 5443 1308 5485 autem
1346 5430 1393 5484 ei
1439 5439 1582 5484 esset
1619 5430 1902 5483 mandatus
1939 5431 2300 5498 magistratus,

734 5525 991 5591 majorem
1032 5539 1216 5576 curatn
1242 5521 1460 5586 gerebat
1485 5521 1848 5588 orpltanorum
1875 5561 1890 5586 ,
1937 5537 2029 5574 cos
2068 5522 2299 5589 primum

735 5631 918 5668 sacras
951 5615 1149 5667 dOI‘CItS
1204 5613 1545 5682 Scriptttras,
1601 5625 1652 5666 et
1688 5613 1878 5666 deinde
1927 5612 2088 5666 etiam
2124 5613 2303 5665 dirimi

733 5726 826 5759 ηις
874 5712 1102 5779 dignans
1157 5710 1442 5776 baptismo,
1501 5719 1549 5760 et
1599 5709 1662 5760 ad
1711 5724 1824 5770 eos,
1873 5722 2004 5773 quos
2034 5722 2129 5772 par
2163 5716 2297 5766 erat,

736 5817 824 5862 ειιι
851 5798 929 5851 !u~f
958 5838 970 5859 ,
1007 5815 1111 5849 non
1155 5813 1366 5860 tttllllt‘S,
1405 5798 1496 5849 sed
1533 5799 1721 5864 dignos
1758 5799 2014 5849 t'el'crcus.
2058 5794 2188 5847 Ilittc
2226 5797 2304 5846 fa-

737 5907 878 5941 ctum
931 5903 1031 5954 est,
1069 5905 1116 5943 ut
1171 5908 1232 5945 εκ
1286 5890 1416 5944 locis
1455 5891 1640 5944 \‘ittttis
1703 5905 1888 5941 Utttttcs
1936 5889 2298 5953 Cutiii'tCt'ettt,

2417 4678 2611 4745 ἀγεται
2666 4676 2876 4745 Θρόνον,
2933 4675 3091 4734 ἄλλος
3139 4675 3195 4725 ὲν
3242 4670 3449 4742 ίερεῦσι
3478 4669 3675 4737 Δανιὴλ
3703 4670 3799 4723 καὶ
3834 4661 3997 4728 οὗτος

2413 4771 2733 4836 ἀνατανεὶς,
2783 4774 2830 4822 εί
2857 4772 2948 4822 καὶ
2978 4768 3115 4829 νέος,
3142 4765 3258 4819 ἀλλ’
3280 4763 3375 4818 οὖν
3404 4765 3550 4817 ἅπαν
3577 4762 3765 4829 ἱερέως
3809 4761 3995 4828 γῆρας

2412 4864 2532 4918 κατ’
2563 4865 2766 4931 ἀρετὴν
2797 4859 3209 4929 ὑπερϐεϐηκὼς,
3240 4860 3328 4910 καὶ
3351 4855 3526 4917 δείξας
3549 4856 3630 4906 ὅτι
3657 4855 3729 4922 μὴ
3755 4851 3998 4904 καθόλου

2411 4955 2471 5006 τί)
2523 4954 2698 5020 γῆρας
2749 4952 2886 5020 πρὸς
2913 4950 3008 5019 τὴν
3043 4948 3150 5002 τῶν
3204 4947 3386 5000 καλῶν
3441 4946 3637 5015 κτῆσιν
3682 4943 3992 5012 ἐχέγγυον·

2412 5046 2526 5098 ἀλλ’
2567 5045 2714 5096 ἔστιν
2745 5045 2832 5095 ὅτε
2867 5042 2958 5094 καὶ
2993 5040 3179 5110 νεότης
3224 5035 3772 5104 εὑπαιδαγωγηθείσα
3818 5034 3999 5096 φυλά-

2413 5139 2499 5203 ξαι
2533 5137 2630 5206 τὴν
2664 5135 2863 5206 ἀρετὴν
2887 5136 2989 5187 οὐκ
3016 5133 3272 5200 ἀδόκιμον
3295 5150 3306 5161 ο
3334 5128 3580 5182 εἰκοστοῦ
3618 5128 3716 5197 μὲν
3743 5128 3853 5197 γὰρ
3884 5126 3998 5197 ἠδη

2413 5230 2507 5297 τῆς
2536 5228 2752 5298 ἡλικίας
2786 5228 2990 5295 ἥπτετο
3018 5224 3190 5284 ἔτους.

2485 5424 2580 5478 ll".
2633 5422 3022 5494 Ἐγχειρισοεὶς
3045 5421 3099 5474 οὲ
3132 5419 3223 5471 καὶ
3248 5418 3344 5489 τὴν
3372 5418 3566 5487 ἀρχὴν,
3598 5416 3818 5468 πλείονα
3853 5420 3998 5485 μᾶλα

2411 5518 2499 5569 λον
2528 5520 2760 5570 ἐποιεῖτο
2795 5517 2921 5584 περὶ
2983 5517 3112 5574 τοὺς
3174 5510 3442 5580 ὀρφανοὺς
3497 5509 3596 5577 τὴν
3631 5507 3996 5575 κηδεμονίαν,

2410 5612 2502 5670 τὰς
2563 5607 2712 5676 ἱερὰς
2772 5607 3035 5676 πρότερον
3093 5605 3284 5664 αὐτοὺς
3343 5601 3562 5669 Γραφας
3619 5600 3992 5660 ἑκπαιδεύων,

2415 5698 2534 5754 εἶτα
2561 5703 2653 5754 καὶ
2684 5700 2773 5752 τοῦ
2817 5700 2960 5751 Θείου
2997 5693 3372 5766 βαπτίσματος
3410 5692 3574 5754 ἀξιῶν
3626 5693 3717 5743 καὶ
3753 5691 3998 5759 βαθμοῖς

3045 5792 3166 5849 τοὺς
3228 5790 3450 5850 ﬁxing.
3517 5790 3623 5845 tsi;
3682 5783 4003 5853 καθήκοντι

3313 5898 3365 5947 “'5
3381 5883 3561 5932 ιῗένων
3617 5879 3818 5941 ’πάντες
3865 5895 3998 5930 συν-

2411 5796 2466 5844 οι)
2532 5795 2734 5854 πάντας
2773 5833 2785 5854 ,
2849 5793 2979 5843 ἀλλα

2425 5888 2758 5955 καταλέγων.
2813 5883 3162 5939 Ἐντήτίεκιιί
3223 5885 3280 5932 iv.
