4154 6490
166 448 267 514 825

163 567 373 634 έρρεον,
437 562 507 615 τὰ
545 563 722 614 οἰκεῖα
781 561 948 614 τέκνα
1000 560 1139 630 πρὸς
1186 560 1349 614 αὐτὸν
1406 560 1512 629 ὅλῳ

164 655 557 723 προσάγοντες.
594 655 658 707 Ἀ
683 652 747 722 δὴ
787 653 880 705 καὶ
918 651 993 715 ὡς
1021 651 1276 720 γνησίους
1324 650 1519 704 ἑαυτοῦ
1553 650 1749 712 παῖδας

166 748 281 815 μεθ’
313 748 509 817 ἡδονῆς
528 745 983 815 προσδεχόμενος,
1015 746 1116 814 τῆς
1139 746 1332 814 ὁμοίας
1362 745 1517 813 ἠξίου
1545 744 1747 813 δήπου-

162 842 249 893 θεν
271 841 500 909 ἀγωγῆς
531 841 624 892 καὶ
650 837 1009 901 παιδεύσεως.
1046 840 1187 892 Ἀλλ’
1215 833 1360 894 οὗτοι
1387 839 1485 909 μὲν
1517 841 1566 893 οἱ
1590 840 1747 910 πρῶ.

160 951 236 986 τοι
260 935 361 1003 τῆς
387 932 594 1002 ἀρετῆς
620 928 714 984 τοῦ
737 930 945 998 ἀγαθοῦ
977 932 1291 1001 Κλήμεντος
1320 931 1489 998 ὅντως
1519 933 1743 1003 καρποὶ,

162 1026 249 1077 καὶ
279 1025 507 1079 τοιαῦτα
532 1025 599 1079 τὰ
628 1024 728 1093 τῆς
768 1024 1071 1095 ἱερωσύνης
1105 1024 1397 1096 προοίμια..

1189 450 1361 509 VITA
1397 452 1459 510 S.
1502 447 1937 510 CLEMENTIS
1978 450 2390 511 ANCYHANI.

1592 559 1748 627 θυμῷ
1777 556 1825 617 Α
1853 572 1978 613 suos
2012 559 2151 615 illius
2178 562 2243 614 ad
2272 561 2448 628 ipsum
2478 576 2542 616 ex
2570 571 2684 617 toto
2714 563 2895 617 animo
2918 565 3269 620 adducentes.
3300 567 3446 633 Quos

3342 455 3449 520 826

1856 652 2075 718 quidem
2125 662 2384 723 tanquam
2423 670 2711 724 germanos
2757 672 2883 711 suos
2918 658 3053 713 ﬁlios
3104 660 3441 729 suscipiens,

1856 744 2105 801 similiter
2144 748 2409 802 educabat
2458 757 2619 817 atque
2672 750 3015 804 instituebat.
3062 751 3168 807 Sed
3213 765 3336 807 sunt
3390 756 3442 809 Ιιί

1856 836 2071 902 quidem
2102 838 2262 907 primi
2303 854 2494 895 revera
2543 840 2749 895 fruetus
2783 843 3003 899 virtutis
3036 843 3160 900 boni
3192 844 3440 902 Clemen-

1857 930 1953 997 tis,
1981 940 2030 987 et
2064 931 2187 1013 talia
2219 934 2439 1004 praemia
2472 935 2789 993 sacerdotii.

1584 1275 1815 1337 CAPUT
1868 1279 1949 1335 III

838 1477 893 1533 S.
928 1474 1209 1532 Clementis
1238 1473 1538 1541 captiritas,
1568 1473 1820 1528 adversus
1853 1472 2138 1528 blanditias
2172 1481 2221 1529 et
2246 1474 2415 1529 minas
2455 1476 2768 1531 constantia.

221 1758 315 1808 Μ’.
355 1755 515 1825 Ἑξῆς
568 1755 624 1809 δὲ
653 1756 826 1825 πέρας
856 1756 1006 1825 αὐτῷ
1046 1754 1346 1825 λαμϐάνειν
1394 1754 1450 1806 αἱ
1496 1752 1596 1823 τῆς
1629 1770 1735 1821 μη-

155 1852 272 1919 τρὸς
303 1851 643 1919 προρρήσεις
704 1850 1006 1918 ἄρχονται,
1062 1850 1213 1903 καῖὸ
1270 1850 1365 1901 τοῦ
1430 1847 1734 1917 μαρτυρίου

154 1940 284 2001 θεῖος
339 1940 735 1993 διαπλέκεσθαι
794 1942 1089 2009 στέφανος’
1133 1940 1327 2009 μικρὸν
1378 1939 1432 1991 δὲ
1477 1936 1735 2005 ἀνωτέρω

1924 1750 2064 1805 XIV.
2104 1750 2365 1819 Deinceps
2392 1761 2573 1805 autem
2610 1752 2657 1805 ei
2698 1751 2859 1806 tinem
2890 1753 3159 1823 incipiunt
3185 1752 3432 1822 accipere

1850 1846 2041 1899 matris
2074 1846 2467 1914 praedictiones,
2504 1854 2554 1898 et
2592 1845 2806 1899 contexi
2838 1846 3018 1899 divina
3050 1861 3248 1899 corona
3288 1861 3433 1900 mar-

1850 1940 1973 2011 tyrii
2012 1960 2023 1993 :
2059 1950 2145 1994 est
2197 1949 2376 1994 autem
2413 1956 2441 1992 a
2477 1940 2633 1995 nobis
2664 1941 2840 1994 oratio
2872 1940 3113 1995 ducenda
3150 1940 3307 2006 paulo
3348 1940 3430 1994 al-

154 2033 233 2085 τὺν
262 2034 424 2101 λόγον
456 2036 731 2103 προσῆκον
764 2036 912 2104 ἡμᾶς
940 2036 1189 2101 ἀγαγεῖν.
1221 2034 1380 2103 "Apri
1414 2031 1725 2098 Διοκλητια-

1847 2033 1974 2086 tius.
2004 2031 2138 2087 Cum
2173 2032 2536 2085 Diocletianus
2569 2030 2871 2086 Romanum
2902 2035 3234 2101 suscepisset
3260 2034 3431 2102 impc—

152 2126 239 2178 νοῦ
282 2127 388 2195 τὴν
440 2127 729 2192 Ῥωμαίων
787 2128 963 2198 ἀρχὴν
1023 2126 1448 2195 ἀναδεξαμένου,
1511 2126 1732 2177 κάκεῖνο

152 2223 361 2290 πρῶτον
386 2221 505 2283 ἔτος
531 2223 616 2273 ἐπ’
646 2223 783 2292 αὐτῇ
811 2221 1062 2287 ἄγοντος,
1099 2220 1262 2274 καινά
1302 2220 1401 2288 μὲν
1426 2219 1566 2271 κατά
1594 2219 1731 2285 Χρι-

153 2310 380 2362 στιανῶν
409 2312 525 2381 είδη
555 2311 807 2379 βασάνων
835 2312 1202 2380 ἐπινενόηντο,
1240 2312 1417 2363 καινοὶ
1446 2310 1502 2362 δὲ
1534 2308 1727 2377 τρόποι

152 2403 394 2457 θανάτων
434 2405 755 2475 ἦπείληντο,
789 2404 883 2456 καὶ
913 2406 1218 2475 γράμματα
1254 2403 1396 2457 κατά
1426 2405 1606 2454 πᾶσαν
1631 2402 1730 2470 τὴν

154 2496 380 2564 ὑποτελῆ
398 2496 692 2565 Ῥωμαίοις
713 2498 1013 2567 ἐπέμπετο,
1036 2497 1263 2565 ἄρχουσί
1286 2514 1342 2548 τε
1366 2500 1457 2549 καὶ
1476 2495 1729 2562 ἡγεμόσι,

154 2587 418 2659 βικαρίοις
477 2590 587 2641 τισί
640 2606 699 2641 τε
740 2572 833 2642 καὶ
866 2589 1231 2650 ἀνθυπάτοις,
1263 2587 1535 2655 τιμωρίας
1590 2587 1731 2638 κατὰ

150 2681 249 2732 τῶν
274 2681 525 2735 εὐσεϐῶν
549 2682 642 2733 καὶ
670 2684 890 2749 σφαγὰς
920 2681 1143 2741 ἀδίκους
1174 2678 1609 2746 άποφαινόμενα.
1638 2678 1729 2729 καὶ

152 2774 450 2841 ἀμελήσασι
486 2774 585 2842 μὲν
614 2774 742 2842 περὶ
778 2772 948 2825 ταῦτα
979 2772 1069 2825 τὸν
1099 2773 1212 2823 ἴσον
1241 2776 1331 2823 καὶ
1359 2772 1541 2832 αὐτοῖς
1568 2769 1727 2822 ἀπει-

152 2866 336 2920 λοῦντα
365 2866 639 2931 κίνδυνον,
685 2866 1022 2919 σπουδάσασι
1069 2865 1123 2917 δὲ
1156 2864 1387 2917 πλοῦτον
1436 2862 1729 2932 ὑπισχνούο

155 2978 297 3025 μενα,
333 2960 566 3028 δωρεὰς,
618 2959 711 3011 καὶ
736 2960 795 3010 τὸ
826 2961 884 3009 ὲν
916 2957 1151 3028 πρώτοις
1182 2957 1289 3010 τῶν
1331 2956 1626 3027 βασιλικῶν
1652 2952 1730 3007 εἴ·

153 3070 228 3102 ναι
260 3054 458 3119 φίλων,
501 3051 595 3103 καὶ
650 3052 726 3111 ὡς
780 3044 938 3111 οὗτός
992 3050 1143 3102 ἐστιν
1192 3052 1217 3101 ὁ
1250 3052 1314 3119 τῇ
1348 3050 1481 3118 τιμῇ
1514 3048 1726 3109 πάντας

155 3146 453 3214 ὀπερέξων,
492 3144 641 3204 ὅστις
690 3144 765 3213 ,δὴ
818 3146 912 3196 καὶ
946 3144 1010 3211 τῇ
1060 3142 1190 3210 περὶ
1246 3141 1419 3194 ταῦτα
1475 3140 1727 3209 ὑπερέξει

154 3238 363 3306 σπουδῆ.
426 3237 491 3290 Ol
542 3236 674 3303 γοῦν
708 3237 850 3289 κατά
895 3236 1079 3297 πόλεις
1131 3238 1225 3288 καὶ
1282 3235 1465 3304 γώρας
1512 3234 1728 3295 ἀσεϐεῖς

153 3332 432 3399 ἡγεμόνες,
463 3330 796 3399 ὑπέκκαυμα
824 3330 997 3397 δήπου
1030 3329 1125 3397 τῆς
1164 3328 1374 3380 ἑαυτῶν
1400 3327 1597 3395 μανίας
1630 3326 1727 3394 τὴν

1840 2128 2002 2192 rium,
2030 2136 2080 2180 et
2118 2127 2169 2179 in
2198 2141 2262 2179 eo
2296 2126 2529 2195 primum
2564 2140 2763 2179 annum
2800 2134 3005 2195 ageret,
3032 2142 3167 2179 nova
3210 2127 3426 2193 quidem

1837 2237 2033 2288 genera
2094 2230 2488 2274 tormentorum
2551 2223 2856 2288 excogitata
2917 2218 3129 2273 fuerant
3171 2219 3427 2271 adversus

1835 2312 2177 2365 Christianos
2210 2328 2223 2363 :
2260 2326 2521 2365 novorum
2552 2324 2730 2365 autem
2761 2312 2949 2364 mortis
2982 2326 3241 2380 generum
3269 2310 3428 2363 mina:

1837 2403 2052 2457 fuerant
2077 2404 2353 2456 intentata:
2380 2420 2392 2455 :
2424 2410 2476 2455 et
2503 2400 3069 2453 uiittebauturlitterae
3094 2417 3186 2467 per
3208 2416 3423 2453 onmem

1834 2506 2055 2560 terram,
2091 2513 2212 2563 qua:
2240 2497 2466 2565 parebat
2513 2495 2794 2555 Romanis,
2855 2510 2975 2561 quae
3012 2493 3426 2561 magistratibus

1832 2600 1883 2643 et
1913 2590 2255 2657 prtPsidibtts,
2285 2589 2609 2656 vicariisque
2634 2599 2685 2641 ct
2720 2588 3137 2655 proconsulibus
3164 2588 3425 2639 adversus

1834 2684 1953 2751 pios
1977 2682 2242 2749 supplicia
2268 2693 2321 2734 et
2348 2682 2522 2735 caules
2557 2681 2785 2746 injustas
2818 2681 3219 2749 signiﬁcabant,
3248 2690 3301 2734 et
3335 2680 3421 2743 iis,

1834 2775 1923 2842 qui
1960 2775 2011 2827 iu
2060 2774 2123 2828 iis
2160 2772 2390 2827 fuissent
2436 2773 2788 2842 negligentes.
2828 2773 3035 2841 aequale
3075 2772 3426 2826 minabantur

1834 2863 2170 2933 periculum;
2202 2865 2267 2917 iis
2311 2874 2511 2929 autem,
2548 2865 2635 2933 qui
2686 2864 2971 2933 diligenter
3011 2864 3234 2918 fuissent
3270 2879 3423 2918 exse-

1835 2960 1968 3020 cuti,
2004 2972 2133 3024 opes
2162 2958 2576 3027 pollicebantur,
2612 2958 2776 3021 dona,
2810 2968 2861 3010 et
2888 2972 3007 3012 esse
3041 2957 3181 3011 inter
3215 2958 3420 3027 primos

1834 3052 2042 3105 amicos
2096 3052 2481 3120 imperatoris;
2535 3060 2590 3104 et
2632 3066 2754 3105 eum
2805 3052 3013 3105 honore
3053 3066 3244 3106 omnes
3303 3067 3423 3107 esse

1832 3154 2229 3209 superaturum.
2259 3144 2347 3211 qui
2375 3144 2427 3195 in
2456 3143 2541 3196 bis
2566 3143 2727 3197 rebus
2757 3142 2918 3196 fuerit
2945 3145 3121 3198 studio
3149 3146 3417 3213 superior.

1833 3236 1933 3301 Qui
1965 3251 2094 3304 ergo
2125 3238 2175 3289 in
2215 3237 2442 3289 urbibus
2475 3246 2528 3289 et
2563 3238 2873 3306 regionibus
2910 3249 3061 3289 erant
3108 3237 3257 3306 impii
3285 3254 3421 3307 prae-

1834 3328 1999 3389 sides,
2030 3342 2094 3381 ex
2123 3326 2382 3395 obsequio
2415 3328 2465 3379 in
2505 3328 2801 3397 principem
2837 3331 3094 3382 ducentes
3124 3344 3234 3382 sua:
3264 3329 3423 3382 fomi-

150 3421 231 3472 τοῦ
266 3420 601 3491 κρατοῦντος
641 3421 959 3488 ποιούμενοι
995 3419 1316 3488 θεραπείαν,
1356 3418 1485 3486 μίαν
1520 3418 1725 3486 ταύτην

1834 3427 1938 3472 tein
1984 3420 2227 3482 insaniae,
2269 3420 2319 3470 in
2358 3420 2457 3471 hoc
2510 3420 2937 3483 consentiebant,
2978 3431 3035 3473 ut
3079 3436 3192 3480 eos.
3238 3422 3328 3487 qui
3367 3422 3419 3474 in

152 3514 360 3583 γνώμην
424 3509 570 3583 εἶχον
604 3513 819 3582 ὁμοίαν,
880 3514 1010 3581 μίαν
1070 3513 1267 3580 ὁρμὴν,
1310 3510 1367 3562 ἓν
1400 3510 1486 3562 διὰ
1529 3511 1729 3571 παντὸς

156 3608 486 3675 οπούδασμα,
528 3606 668 3658 ὥστε
699 3604 1007 3673 κατακόψαι
1041 3605 1168 3665 τοὺς
1202 3604 1261 3655 ὲν
1307 3602 1559 3673 εύσεΰείᾳ
1592 3603 1729 3666 ζῶν-

154 3716 254 3764 τας,
278 3702 370 3752 καὶ
396 3698 575 3761 οὕτως
605 3697 861 3767 ἐκτρῖψαι
900 3696 997 3749 καὶ
1044 3694 1257 3748 ἀνελεῖν
1284 3695 1557 3755 ἅπαντας.
1581 3694 1727 3756 ὅπως

158 3793 326 3860 μηδεὶς
356 3792 563 3852 αὐτοὺς
584 3789 829 3843 διαλάθοι
856 3787 966 3841 τῶν
990 3786 1344 3857 φοϐουμένων
1374 3787 1467 3840 τὸν
1500 3787 1725 3857 Κύριον.

165 3885 365 3953 Ἀμέλει
400 3885 497 3936 καὶ
524 3880 839 3952 Δομετιανῷ
862 3898 975 3933 τινι
1006 3882 1105 3950 τὴν
1134 3879 1230 3933 τοῦ
1271 3879 1520 3950 βικαρίου
1557 3879 1730 3950 ἀρχὴν

156 3976 309 4045 ἔχοντι
338 3975 434 4029 καὶ
477 3976 589 4036 τοῖς
627 3973 819 4043 μέρεσι
852 3974 951 4043 τῆς
990 3970 1263 4035 Γαλατίας
1314 3971 1728 4040 ἑνδιατρίὸοντι,

154 4070 209 4121 τά
238 4070 368 4122 κατά
428 4068 525 4119 τὸν
564 4066 737 4135 μέγαν
776 4064 965 4118 τοῦτον
1020 4066 1115 4119 καὶ
1172 4063 1485 4133 θαυμαστὸν
1528 4064 1730 4131 ἀναφέ-

159 4175 292 4226 ρουσι
323 4159 441 4227 KH;
453 4174 647 4227 μεντα,
684 4155 759 4219 ὡς
782 4156 890 4227 ἄρα
919 4154 1053 4208 πολύ
1079 4172 1135 4208 τι
1157 4156 1378 4226 νηπίων
1400 4155 1729 4215 ἀποσπάσας

157 4250 360 4317 πλῆθος,
395 4252 479 4317 τῷ
518 4248 800 4319 λεγομένῳ
834 4248 1175 4318 προσαγάγοι
1208 4247 1449 4317 Χριστῷ,
1486 4246 1579 4300 καὶ
1630 4247 1729 4318 τὴν

159 4343 242 4410 μὲν
266 4343 571 4415 θρησκείαν
601 4340 709 4393 τῶν
746 4339 1001 4411 μεγάλων
1047 4340 1211 4404 θεῶν,
1258 4341 1333 4403 ὡς
1366 4338 1479 4394 οἷόν
1503 4358 1563 4393 τε
1613 4340 1728 4393 δια-

158 4434 355 4500 κωλύει,
392 4434 595 4503 ἐκείνῳ
642 4434 699 4487 δὲ
741 4433 1101 4503 προσανέχειν
1146 4434 1273 4495 τοὺς
1311 4433 1541 4496 πολλοὺς
1596 4434 1726 4488 ἀνα-

158 4526 331 4590 πείθει,
365 4530 464 4579 καὶ
499 4526 681 4589 ζῶντα
718 4526 880 4594 μόνον
904 4525 1066 4577 αὑτὸν
1090 4525 1351 4595 κηρύττει
1377 4525 1534 4581 Θεόν.

211 4619 303 4673 1Ε¹.
338 4621 534 4674 Ταῦτα
582 4618 719 4686 ὁμοῦ
755 4634 813 4670 τε
850 4620 1182 4687 Δομετιανὸς
1214 4620 1437 4688 ἤκουσε,
1470 4621 1564 4672 καὶ
1588 4618 1724 4689 ὁμοῦ

159 4712 547 4781 κατασχεθῆναι
579 4710 767 4763 τοῦτον
794 4711 889 4763 καὶ
921 4711 1299 4781 προσαχθῆναι
1326 4712 1537 4765 κελεύει
1564 4728 1577 4742 ο
1616 4730 1718 4766 πα·

161 4806 395 4867 οιστάντι
425 4806 483 4857 δὲ
530 4803 651 4871 μετ’
680 4804 739 4855 οὐ
768 4803 904 4856 πολὺ
942 4804 1221 4873 προσχὼν,
1265 4803 1516 4868 ὑπούλως
1559 4806 1720 4859 αὑτὸν

158 4892 274 4954 άγαν
314 4898 403 4945 καὶ
432 4890 850 4960 θεραπευτικῶς
913 4892 1277 4947 ὑποκλέπτειν
1333 4898 1675 4967 ἀπεπειρᾶτο
1700 4938 1715 4961 ,

166 4983 498 5051 Ἀσύμᾳωνα,
522 4984 724 5051 λέγων,
754 4986 873 5046 ταῖς
902 4986 1261 5055 κατηγορίαις
1292 4989 1382 5039 ἐπὶ
1418 4987 1510 5041 σοῦ
1537 4990 1629 5041 καὶ
1658 4992 1716 5043 οὐ

160 5076 343 5141 συνῳδὰ
374 5076 444 5127 τά
484 5074 745 5145 ὁρώμενα
775 5092 789 5106 ⁸
819 5076 879 5128 τό
910 5093 971 5127 τε
1018 5077 1129 5144 γὰρ
1176 5079 1274 5146 τῆς
1309 5078 1506 5146 ὅψεως,
1544 5082 1635 5133 καί
1660 5079 1720 5132 τὸ

158 5163 235 5217 τοῦ
257 5169 685 5237 παραστήματος
736 5167 990 5236 εὐγενὲς,
1041 5168 1179 5223 άλλά
1211 5172 1305 5223 καὶ
1336 5173 1397 5223 τὸ
1421 5174 1517 5225 τοῦ
1553 5173 1716 5242 ἡθους

159 5260 367 5322 ιπιεικές
395 5275 454 5312 τε
516 5262 612 5312 καὶ
645 5261 865 5331 μέτριον
912 5262 1139 5333 συνετῆς
1174 5279 1263 5332 μοι
1289 5262 1508 5317 δοκοῦσι
1537 5265 1714 5336 ψυχῆς

161 5351 308 5405 πάντα
344 5354 437 5407 καὶ
479 5352 797 5423 ἐλευθέρας.
846 5356 913 5407 Ἀ
969 5355 1025 5407 δὲ
1066 5356 1169 5409 ὑπό
1230 5375 1394 5411 τινων
1420 5360 1559 5413 κατά
1618 5359 1711 5413 σοῦ

161 5440 398 5509 λέλεκται,
431 5446 795 5509 ἀπαιδευσίας
820 5446 1019 5517 μᾶλλον
1045 5448 1439 5520 μειρακιώδους
1457 5453 1551 5506 καὶ
1574 5455 1713 5521 γνώ-

164 5551 248 5604 ut};
278 5538 639 5609 ἀνελευθέρου
668 5543 759 5591 καὶ
798 5539 1060 5608 ἀγεννοῦς
1088 5556 1099 5569 ·
1142 5542 1281 5596 αὐτά
1318 5543 1375 5597 δὲ
1424 5545 1573 5614 ὅμως
1602 5546 1712 5599 δεί-

164 5624 226 5685 ξει
252 5628 312 5679 τά
334 5631 659 5701 πράγματα·
695 5633 956 5703 είσόμεθα
987 5636 1095 5706 γάρ
1132 5637 1199 5690 ἂν
1224 5637 1333 5691 ἀπὸ
1368 5638 1462 5691 σοῠ
1496 5640 1627 5709 ῥᾷον
1657 5640 1716 5693 τὸ

166 5715 350 5788 ἀληθὲς,
380 5726 496 5791 εἴγε
528 5726 706 5794 μικρά
733 5743 853 5781 τινα
902 5727 1101 5799 χαρίσῃ
1155 5730 1253 5798 τῆς
1294 5731 1561 5795 συνέσεως
1618 5734 1714 5802 τῆς

167 5808 244 5875 οῆς
270 5814 389 5880 ἡμῖν
422 5816 667 5885 ῥήματα.
704 5816 810 5869 Καὶ
859 5816 886 5867 ὁ
923 5817 1173 5886 μάρτυς·
1216 5818 1276 5873 Ἠ
1316 5820 1597 5889 φρόνησις,
1637 5818 1714 5873 εἴ-

170 5918 265 5966 τεν,
322 5909 471 5976 ἡμῶν
508 5910 603 5961 καὶ
644 5910 672 5977 η
741 5909 950 5971 σᾶγεσις
1006 5910 1241 5980 Χρστός
1284 5912 1491 5985 ἐστινὴ
1548 5915 1713 5977 ὄντως

1834 3513 2031 3579 pietate
2070 3510 2345 3574 vivebant,
2381 3512 2820 3576 eonscinderent,
2858 3522 2911 3565 et
2944 3514 3013 3563 ita
3048 3527 3239 3566 omnes
3275 3515 3422 3567 deie—

1834 3610 1954 3655 rent
1987 3610 2041 3655 et
2072 3601 2138 3653 de
2170 3600 2347 3654 medio
2384 3601 2652 3667 tollerent,
2703 3612 2759 3655 ut
2788 3618 2999 3667 eorum,
3035 3604 3125 3673 qui
3159 3606 3423 3660 timebant

1834 3698 2120 3753 Dominum
2143 3740 2156 3763 ,
2191 3700 2373 3755 nullus
2398 3700 2676 3755 evaderet.
2720 3701 2908 3771 Itaque
2949 3704 3017 3763 ad
3049 3703 3420 3765 Nummium

1833 3808 2081 3862 quoque,
2130 3794 2219 3862 qui
2258 3793 2446 3846 vicarii
2488 3790 2711 3862 gerebat
2755 3787 3140 3865 magistratum
3166 3837 3178 3855 .
3208 3800 3264 3851 et
3294 3806 3419 3851 vor-

1834 3887 2057 3938 sabatur
2089 3886 2139 3938 in
2170 3886 2412 3953 partibus
2444 3884 2690 3948 Galatiae,
2722 3885 2965 3941 referunt
2999 3886 3066 3941 de
3095 3888 3197 3941 hoc
3224 3903 3420 3956 magno

1832 3984 1885 4029 ct.
1930 3977 2234 4030 admirabili
2264 3976 2575 4043 Clemente,
2618 3980 2761 4046 quod
2804 3994 2925 4033 cum
2974 3978 3265 4032 infantium
3300 3996 3417 4033 ina-

1831 4085 1991 4140 gnatn
2026 4070 2381 4125 abstraxisset
2420 4071 2843 4136 multitudinem,
2894 4072 2960 4125 ad
2995 4071 3273 4126 Christum
3321 4076 3414 4141 qui

1832 4150 2063 4227 dicitur,
2106 4163 2395 4216 adduceret
2420 4201 2432 4224 ,
2463 4172 2518 4215 et
2547 4177 2868 4231 magnorum
2899 4163 3124 4217 deorum
3173 4166 3377 4217 cultum
3400 4204 3415 4226 .

1831 4260 2091 4321 quantum
2133 4262 2347 4321 posset,
2400 4253 2767 4319 prohiberet,
2822 4256 3175 4319 persuaderet
3233 4264 3413 4307 autem

1832 4342 2015 4397 tnultis
2045 4343 2120 4396 illi
2164 4343 2404 4396 animum
2444 4343 2704 4398 adbibere
2725 4382 2740 4408 ,
2772 4353 2827 4397 et
2868 4343 3048 4397 vivunt
3079 4343 3258 4397 solum
3290 4360 3414 4399 eum

1832 4434 1997 4489 Deum
2041 4434 2358 4503 praedicare.

1900 4620 2017 4675 XV.
2071 4618 2196 4676 Haec
2232 4620 2391 4674 simul
2446 4634 2510 4674 ac
2564 4619 2832 4673 audiisset
2883 4618 3252 4681 Domitianus,
3291 4633 3412 4672 eum

1824 4713 1975 4780 jubet
2019 4713 2232 4767 adduci.
2268 4712 2369 4778 Qui
2413 4727 2536 4767 eum
2568 4714 2729 4779 paulo
2769 4722 2890 4777 post
2944 4722 3068 4764 ante
3114 4727 3235 4765 eum
3280 4728 3414 4765 etm-

1830 4806 2093 4865 stitisset,
2142 4818 2264 4857 eum
2323 4802 2536 4856 blandis
2590 4814 2646 4854 et
2708 4802 2983 4855 insidiosis
3024 4801 3207 4855 verbis
3240 4802 3307 4855 ad
3354 4816 3414 4853 se

1829 4898 2108 4952 attrahere
2140 4894 2484 4949 conabatur:
2526 4894 2655 4959 Qua:
2706 4895 2988 4957 videntur,
3036 4893 3263 4956 dicens,
3316 4908 3415 4947 ne-

1828 5004 2103 5060 quaquam
2140 4989 2470 5041 conveniunt
2519 4996 2571 5039 et
2604 4995 2913 5051 congruunt
2958 4985 3054 5049 iis,
3100 4998 3219 5053 qua:
3249 4984 3315 5037 de
3360 4994 3413 5037 te

1829 5083 2003 5137 allata:
2030 5091 2178 5143 sunt,
2224 5079 2685 5135 accusationibus.
2721 5078 2911 5132 Vultus
2945 5077 3089 5131 enim
3117 5088 3175 5131 et
3204 5079 3412 5142 species

1819 5173 2097 5236 liberalis,
2158 5185 2482 5239 morumque
2536 5171 2891 5225 mansuetudo
2947 5178 3001 5222 et
3064 5169 3407 5231 moderatio,

1817 5267 1948 5321 nubi
1993 5266 2215 5320 omnino
2263 5265 2516 5319 videntur
2548 5262 2837 5331 prudentis
2868 5273 2920 5316 et
2965 5262 3180 5330 ingenui
3216 5260 3406 5314 animi.

1817 5361 1947 5427 Quae
1979 5368 2159 5414 autem
2193 5358 2257 5413 de
2282 5366 2333 5411 te
2367 5358 2510 5410 dicta
2532 5366 2659 5411 sunt
2690 5356 2761 5410 ab
2788 5355 3085 5423 aliquibus,
3118 5366 3243 5409 sunt
3276 5369 3405 5420 plte-

1815 5452 1929 5508 rilis
1962 5452 2139 5521 potius
2170 5449 2399 5505 inscitia:
2424 5490 2438 5513 ,
2474 5449 2766 5519 pusillique
2801 5448 2968 5501 animi
3002 5457 3057 5501 et
3102 5448 3262 5516 plane
3298 5446 3399 5500 illi-

1814 5546 2029 5601 beralis.
2061 5544 2169 5600 Res
2197 5558 2323 5597 vero
2351 5544 2465 5613 ipsa
2506 5543 2555 5597 id
2590 5542 2871 5597 indicabit.
2905 5540 2977 5593 Ex
3019 5549 3070 5593 te
3098 5540 3242 5594 enim
3271 5555 3397 5593 vera

1814 5640 2086 5695 discemus
2119 5636 2369 5701 facilius,
2414 5638 2458 5691 si
2492 5650 2659 5701 pauca
2694 5635 2939 5705 quantam
2986 5632 3199 5688 dederis
3236 5635 3396 5686 verba

1817 5741 1918 5784 tua:
1946 5729 2265 5799 prudeutim.
2303 5727 2504 5793 Martyr
2537 5735 2753 5780 autem:
2788 5725 3000 5790 Nostra,
3034 5726 3226 5791 inquit,
3268 5738 3397 5789 pru-

1814 5824 1991 5875 dcutia
2042 5835 2093 5875 ct
2138 5820 2487 5887 intelligentia
2533 5829 2612 5871 cst
2651 5818 2937 5881 Christus,
2996 5817 3083 5885 qui
3139 5828 3215 5868 est
3273 5830 3398 5866 \‘t-re

1814 5920 2114 5985 sapit-nm,
2168 5914 2253 5981 qui
2313 5914 2404 5967 Dci
2464 5922 2541 5965 cst
2602 5908 2771 5963 Ptivis
2826 5906 2987 5961 Finis
3033 5919 3082 5959 et
3123 5904 3391 5967 Verbum,
