4154 6490
721 434 824 497 827

1924 421 2209 484 MENSIS
2248 420 2708 481 JANUARIUS.

3889 416 3995 478 828

725 555 883 622 cnjns
911 551 1073 602 verbo
1099 547 1358 616 producta
1392 551 1516 599 sunt
1537 542 1742 607 omnia,
1777 556 1805 596 a
1830 556 1939 611 quo
1968 542 2142 608 ipsutn
2167 552 2304 606 quo-

2445 537 2594 602 οφία,
2635 538 2662 588 ὁ
2687 534 2781 588 τοῦ
2812 535 2947 588 Θεοῦ
3003 533 3091 586 καὶ
3133 531 3342 602 Πατρὶς
3381 529 3507 592 Υἱὸς
3557 531 3653 583 καὶ
3705 532 3903 599 Λόγος.
3933 529 3994 587 οὗ

727 662 834 715 que
865 646 1044 699 dicere
1074 652 1128 695 et
1162 654 1354 709 sapere
1388 651 1488 692 nos
1531 636 1812 690 habemus.

801 825 940 881 XVI.
997 822 1353 893 Respondeus
1402 827 1582 874 autem
1615 816 1896 870 vicarius:
1950 815 2056 878 Me,
2092 815 2303 884 inquit,

728 940 826 994 per
855 923 1004 980 deus.
1041 917 1265 971 effecisti
1294 915 1560 978 molestia,
1591 928 1712 966 cum
1739 913 1835 966 bas
1859 921 2057 980 praeter
2088 925 2303 962 onmem

733 1035 882 1086 spem
921 1015 1101 1068 statim
1135 1015 1200 1064 ab
1234 1012 1386 1064 initio
1417 1023 1584 1077 nugas
1621 1005 1803 1060 dicere
1830 1005 2083 1072 coeperis.
2125 1002 2228 1055 Sed
2263 1002 2306 1055 si

736 1111 865 1163 mihi
901 1107 1129 1170 credas,
1170 1106 1268 1158 bas
1309 1104 1496 1169 longas
1526 1115 1696 1168 nugas
1741 1098 1965 1151 multum
2003 1097 2178 1149 valere
2217 1095 2310 1164 ju-

735 1201 905 1263 chns,
959 1199 1080 1253 veni
1113 1208 1166 1250 ct
1211 1198 1312 1249 diis
1364 1196 1612 1248 sacrilica
1650 1191 1930 1260 propitiis,
1964 1203 2151 1242 eorum
2192 1188 2311 1256 qui-

735 1295 880 1356 dem,
920 1291 1010 1362 qui
1041 1304 1134 1344 eos
1168 1295 1522 1342 contemnunt
1557 1292 1609 1337 et
1645 1284 1978 1344 inliciantur,
2011 1280 2269 1350 supplicia
2293 1320 2308 1342 ,

736 1403 922 1440 eorum
954 1395 1132 1437 autem
1171 1397 1380 1444 rursus,
1405 1381 1496 1448 qui
1530 1387 1858 1432 venerantur
1891 1384 1945 1430 et
1971 1376 2175 1438 colunt,
2215 1375 2311 1426 bo-

738 1496 898 1534 lmt'cs
956 1488 1229 1546 reputans.
1286 1476 1485 1529 Eorum
1537 1487 1690 1536 vero,
1721 1485 1839 1540 qua:
1882 1470 2170 1530 dicuntur,
2217 1481 2314 1519 nos

739 1573 832 1626 tibi
863 1587 1048 1623 sumus
1079 1569 1404 1638 exetnplum,
1443 1568 1532 1635 qui
1576 1579 1671 1632 ιιι-ι’
1723 1565 1868 1632 ipsos
1910 1563 1975 1614 ad
2005 1561 2147 1613 hunc
2189 1575 2312 1628 pcr-

740 1666 989 1718 venimus
1029 1663 1434 1728 magistratum,
1469 1665 1520 1710 et
1549 1656 1797 1709 beneﬁcii
1835 1655 2038 1723 gratias
2069 1652 2146 1706 cis
2176 1651 2316 1706 refe-

739 1759 934 1814 rimus,
972 1751 1292 1806 honorando
1321 1765 1435 1815 eos,
1476 1749 1566 1816 qui
1602 1747 1748 1816 ipsos
1775 1745 1979 1811 colunt,
2013 1755 2070 1799 et
2114 1742 2318 1812 suppli-

740 1848 840 1902 ciis
873 1846 1151 1898 alliciendo
1184 1859 1278 1897 eos
1319 1843 1410 1911 qui
1456 1842 1644 1895 nolunt
1686 1853 1896 1909 parere.
1941 1837 2072 1891 Cum
2105 1837 2169 1890 ad
2203 1837 2316 1888 haec

741 1941 831 1995 ille
884 1939 1131 2001 risisset,
1191 1945 1246 1990 ut
1286 1945 1368 1988 est
1425 1942 1882 1995 consentaneum,
1942 1931 2082 1999 quod
2140 1928 2314 1981 dono-

744 2045 902 2090 rum,
962 2029 1156 2098 quibus
1201 2026 1533 2090 aﬂiceretur,
1587 2034 1642 2078 ct
1696 2024 1933 2092 turpium
1986 2022 2321 2074 meminisset

745 2125 1043 2187 bonorum,
1085 2130 1138 2174 et
1171 2129 1480 2188 proruptum
1531 2117 1648 2186 ejus
1687 2118 1850 2170 animi
1894 2116 2132 2170 studium
2171 2113 2322 2165 vide-

745 2226 896 2269 retur
947 2215 1031 2268 bis
1083 2213 1422 2267 dissolvere:
1473 2211 1578 2265 Sed
1613 2226 1711 2264 nos
1738 2210 1990 2280 quidem,
2028 2207 2235 2275 inquit,
2290 2221 2322 2259 ο

748 2322 968 2376 ιιι-αδδεδ,
990 2306 1253 2359 sentimus
1287 2304 1371 2358 bis
1404 2303 1698 2365 contraria,
1732 2312 1786 2354 et
1819 2302 2070 2354 danmmn
2103 2300 2321 2369 quidem

748 2407 928 2450 vestra
959 2398 1134 2459 dona;
1168 2395 1427 2448 honorem
1455 2402 1632 2446 autem
1655 2433 1668 2454 ,
1703 2392 2054 2460 ignominiam
2080 2408 2096 2457 ;
2128 2399 2182 2444 et
2213 2406 2326 2442 rna-

751 2488 1036 2558 gistratum
1083 2501 1206 2541 esse
1263 2497 1512 2556 putanms
1560 2484 1918 2548 servitutem;
1968 2483 2326 2538 contumelias

753 2597 883 2634 vero
914 2596 1137 2646 rursus,
1173 2579 1434 2648 supplicia
1476 2587 1528 2631 et
1565 2578 1764 2642 minas,
1793 2576 2120 2644 voluptatem
2153 2585 2206 2629 et
2235 2576 2330 2628 dv-

755 2672 931 2736 licias,
967 2680 1019 2725 et
1051 2670 1194 2740 quod
1229 2680 1312 2724 est
1342 2669 1425 2722 bis
1463 2668 1656 2735 majus,
1691 2682 1814 2721 cum
1851 2666 1960 2720 Deo
1991 2665 2330 2734 conjunctio-

757 2782 903 2820 ncm.
940 2763 1063 2819 llaec
1089 2779 1209 2817 cum
1255 2772 1310 2816 tu
1351 2762 1529 2826 scias,
1564 2773 1664 2813 nec
1701 2757 1985 2826 promissis
2011 2765 2065 2809 et
2105 2756 2330 2809 honori-

758 2857 880 2918 bus,
915 2868 1089 2923 neque
1123 2865 1309 2906 rursus
1344 2849 1502 2902 minis
1529 2859 1583 2902 et
1618 2845 1924 2916 suppliciis,
1956 2844 2237 2900 existimes
2279 2851 2332 2898 te

759 2962 919 3016 posse
947 2961 1045 2999 nos
1079 2947 1349 2999 abducere
1383 2958 1409 2994 a
1444 2943 1664 3009 pietate.

828 3039 992 3094 XVII.
1037 3037 1160 3092 Hmc
1211 3035 1469 3105 paulatim
1511 3031 1801 3088 movebant
1849 3031 2088 3084 animum
2151 3029 2333 3084 Domi-

761 3134 942 3194 tiano,
974 3141 1027 3184 et
1058 3140 1305 3184 sanctum
1349 3128 1530 3181 acrius
1558 3127 1773 3179 intuens
1813 3141 1826 3177 ι
1855 3125 1969 3195 Ego
2001 3134 2089 3189 te,
2125 3123 2332 3191 inquit,

2407 627 2549 697 λόγῳ
2582 627 2839 697 παρήχθη
2882 626 2942 678 τὸ
2974 626 3103 688 πᾶν,
3166 623 3296 695 παρ’
3326 616 3388 676 οὗ
3425 623 3517 676 καὶ
3552 623 3682 676 αὐτὸ
3710 623 3772 676 τὸ
3803 623 3995 692 λέγειν

2407 739 2466 774 τε
2501 720 2594 774 καὶ
2629 724 2846 789 φρονεῖν
2878 720 3038 790 ἡμεῖς
3073 718 3293 788 ἔχομεν.

2477 813 2595 881 ΙΕΓ.
2638 812 2956 867 ’Υπολαϐὼν
2991 811 3044 864 δὲ
3087 812 3114 862 ὁ
3145 807 3739 880 βικάριος,Ἑλύττησᾶς
3776 826 3868 878 με,
3918 809 3999 878 μὰ

2409 907 2534 969 τοὺς
2554 906 2729 969 θεοὺς,
2773 905 2902 974 ἔφη,
2943 901 3168 955 τοιαῦτα
3203 903 3356 971 παρὰ
3387 903 3568 953 πᾶσαν
3599 902 3790 955 ἐλπίδα
3823 901 3998 969 φλυα-

2415 1001 2528 1069 ρεῖν
2561 1000 2624 1050 ἐκ
2654 997 2957 1067 προοιμίων
2992 994 3154 1058 εὐθὺς
3210 993 3519 1064 ἀρξάμενος
3543 1008 3558 1023 ⁶
3593 994 3709 1047 ἀλλ’
3733 995 3789 1045 εἴ
3818 1011 3870 1044 τι
3905 1010 3999 1062 μοι

2413 1091 2599 1160 πείθῃ.
2631 1090 2817 1160 μακρὰ
2843 1089 2956 1150 τοῖς
3016 1089 3246 1156 μακροῖς
3277 1084 3487 1146 τούτοις
3533 1085 3722 1154 λήροις
3779 1085 4000 1154 χαίρειν

2414 1181 2604 1246 εἰπὼν,
2646 1180 2809 1234 θῦσον
2859 1177 3174 1248 προσελθὼν
3203 1178 3317 1238 τοῖς
3344 1175 3600 1247 εὐμενέσι
3647 1177 3790 1236 θεοῖς
3817 1218 3833 1241 ,
3886 1175 4000 1228 τῶν

2419 1276 2514 1345 μὲν
2540 1272 2875 1328 ἀθετούντων
2927 1271 3125 1333 αὐτοὺς
3161 1269 3254 1321 καὶ
3290 1269 3646 1339 ἀρνουμένων
3682 1268 3784 1331 τὰς
3816 1285 3997 1336 τιμω-

2418 1369 2561 1438 ρίας,
2608 1366 2716 1418 τῶν
2761 1366 2816 1418 δὲ
2861 1362 3278 1434 θεραπευόντων
3319 1361 3483 1415 πάλιν
3541 1362 3637 1413 καὶ
3687 1360 4004 1429 σεϐομένων

2415 1460 2514 1523 τὰς
2546 1456 2711 1528 τιμὰς
2733 1455 3220 1524 ἀναλογισάμενος.
3254 1453 3364 1507 Καί
3402 1470 3484 1506 σοι
3511 1452 3866 1523 παράδειγμα
3894 1450 4004 1502 τῶν

2418 1548 2725 1617 λεγομένων
2749 1549 2933 1616 ἡμεῖς,
2961 1546 3008 1598 οἱ
3035 1544 3102 1596 δι’
3127 1543 3308 1598 αὐτῶν
3341 1547 3424 1608 εἰς
3447 1543 3654 1612 ταύτην
3699 1542 3800 1610 τὴν
3827 1539 4006 1610 ἀρχὴν

2421 1642 2796 1707 προελθόντες,
2850 1640 2946 1692 καὶ
2985 1639 3216 1708 χάριτας
3265 1639 3452 1699 αὐτοῖς
3509 1637 3606 1707 τῆς
3655 1635 4003 1704 εὐεργεσίας,

2420 1733 2517 1797 τάς
2549 1751 2608 1786 τε
2661 1732 2796 1803 πρὸς
2841 1732 2970 1794 τοὺς
3001 1731 3327 1800 σεϐομένους
3360 1729 3550 1799 τιμάς,
3601 1731 3696 1780 καὶ
3733 1728 3832 1788 τας
3864 1725 4004 1795 πρὸς

2421 1827 2542 1888 τοὺς
2578 1826 2652 1895 μὴ
2681 1823 3034 1894 πειθομένους
3071 1823 3253 1885 αὐτοῖς
3278 1822 3428 1876 θύειν
3455 1820 3702 1883 κολάσεις
3733 1818 4008 1888 παρέχον⁶

2421 1936 2532 1981 τες.
2575 1918 2717 1988 Πρὸς
2746 1917 2919 1971 ταῦτα
2945 1917 3180 1985 γελάσας
3221 1917 3427 1978 ἐκεῖνος
3453 1915 3526 1977 ὼς
3581 1912 3748 1974 εἰκὸς,
3797 1911 3880 1962 ὅτι
3914 1912 4008 1962 καὶ

2419 2014 2627 2084 δωρεᾶς
2661 2014 2798 2083 πρὸς
2843 2012 3006 2066 αὑτὸν
3033 2015 3060 2066 ὁ
3095 2012 3280 2082 ἄρχων
3305 2011 3399 2064 καὶ
3425 2009 3604 2079 τιμῶν
3651 2007 3763 2061 τῶν
3797 2006 4010 2075 ἀτίμων

2422 2107 2721 2176 ἐμέμνητο,
2750 2106 2846 2160 καὶ
2863 2105 3091 2168 τούτους
3117 2105 3334 2158 ἐκλύειν
3361 2104 3524 2158 αὑτὸν
3546 2103 3724 2155 ἐδόκει
3749 2101 3850 2168 τῆς
3881 2110 4012 2169 προ-

2423 2200 2645 2269 θυμίας,
2680 2199 2819 2253 Ἀλλ’
2846 2201 3029 2268 ἡμεῖς,
3055 2192 3098 2252 ὦ
3154 2198 3361 2269 ἄρχων,
3393 2196 3518 2266 ἔφη,
3539 2195 3605 2248 τὰ
3632 2193 3852 2246 ἐναντία
3879 2190 4012 2260 μᾶ).-

2423 2294 2513 2346 λον
2564 2293 2887 2362 φρονοῦντες
2944 2296 3134 2364 ἐσμεν,
3185 2293 3280 2345 καὶ
3318 2292 3522 2360 ζημίαν
3567 2290 3667 2358 μὲν
3727 2289 3827 2351 τὰς
3881 2284 4012 2355 παρ’

2425 2388 2580 2456 ὑμῶν
2606 2387 2836 2456 δωρεὰς,
2876 2387 3102 2456 ἀτιμίαν
3127 2386 3183 2438 δὲ
3216 2387 3315 2456 τὴν
3340 2384 3527 2454 τιμὴν,
3580 2383 3677 2435 καὶ
3709 2381 3810 2450 τὴν
3840 2379 4012 2449 ἀρχὴν

2425 2477 2668 2532 δουλείαν
2695 2477 3000 2547 ἡγούμεθα,
3032 2477 3190 2548 ὓϐριν
3220 2477 3275 2530 δὲ
3294 2476 3458 2529 πάλιν
3489 2476 3584 2528 καὶ
3615 2473 3892 2541 τιμωρίας
3924 2471 4015 2522 καὶ

2429 2571 2675 2634 ἀπειλὰς,
2704 2570 2898 2641 ἡδονὴν
2918 2567 3090 2621 ταῦτα
3121 2571 3217 2622 καὶ
3243 2569 3478 2638 τρυφὴν,
3508 2567 3604 2619 καὶ
3633 2565 3696 2617 τό
3726 2581 3787 2632 γε
3823 2565 4014 2631 μεῖξον

2431 2665 2568 2735 πρὸς
2607 2663 2738 2716 Θεὸν
2767 2662 3060 2716 οίκείωσιν.
3086 2661 3258 2714 Τοῦτο
3296 2659 3475 2713 τοίνυν
3504 2657 3685 2720 εἰδὼς,
3719 2656 3854 2725 μήθ’
3883 2656 4015 2708 ὐπο-

2433 2759 2648 2828 σχὲσεσι
2679 2757 2771 2809 καὶ
2801 2759 3008 2826 τιμαῖς,
3061 2755 3186 2826 μήτ’
3239 2754 3490 2818 ἀπειλαῖς
3530 2752 3693 2805 πάλιν
3720 2749 3819 2803 καὶ
3850 2766 4021 2814 τιμω-

2436 2853 2576 2923 ρίαις
2602 2850 2715 2902 οῐου
2739 2849 2868 2902 ποτὲ
2893 2846 3024 2917 γοῦν
3049 2845 3366 2915 ἀποστῆσαι
3404 2846 3502 2915 τῆς
3535 2842 3817 2904 εὐσεϐείας
3854 2843 4020 2910 ἠμῖς.

2507 3029 2604 3081 IZ'.
2629 3025 2817 3080 Ταῦτα
2846 3024 2988 3078 κατᾶ
3022 3023 3217 3093 μικρὸν
3247 3022 3419 3074 ἐκίνει
3460 3021 3551 3073 τὸν
3579 3019 4031 3089 θυμὺνΔομετια-

2439 3120 2556 3186 νοῦ,
2597 3119 2866 3190 καὶπρὸς
2924 3118 3017 3171 τὸν
3073 3119 3228 3186 ἅγιον
3285 3118 3614 3187 δριμύτερον
3672 3114 4026 3182 ὑποϐλέψας,

761 3223 983 3278 onmino
1021 3220 1119 3273 feci
1153 3217 1602 3286 arrogantiorem,
1633 3231 1757 3268 cum
1793 3230 1876 3267 me
1915 3215 1966 3267 iu
1997 3223 2046 3268 te
2068 3225 2175 3267 tam
2200 3213 2335 3268 leui-

2451 3214 2596 3282 Ἐγώ
2628 3231 2710 3276 σε,
2763 3213 2891 3282 ἔφη,
2947 3213 3163 3274 πάντως
3193 3210 3588 3277 αὐθαδέστερον
3649 3209 4026 3276 εἰργααάμην.

765 3327 845 3368 ter
869 3312 1150 3381 gesserim.
1180 3309 1291 3362 Non
1320 3317 1404 3362 est
1434 3317 1612 3360 autem
1654 3306 1870 3369 mirum,
1903 3304 1949 3359 si
1983 3311 2185 3357 cuqu
2221 3317 2343 3374 per-

767 3420 928 3476 petuo
971 3409 1136 3461 vitam
1183 3421 1312 3475 agas
1359 3419 1482 3457 cum
1520 3403 1734 3472 pueris,
1769 3415 1873 3455 non
1923 3397 2223 3453 absimilem
2261 3397 2340 3452 eis

770 3518 984 3558 sensum
1019 3502 1237 3554 habeas.
1280 3498 1550 3551 Caeterum
1584 3494 1689 3548 nisi
1720 3502 1775 3547 et
1813 3493 1943 3546 deos
1980 3491 2211 3560 placaris
2255 3505 2342 3543 sa-

771 3596 1027 3660 criﬁciis,
1075 3602 1130 3646 et
1177 3593 1298 3645 blnc
1345 3599 1585 3644 nostram
1637 3583 1972 3639 Iucrileceris
2014 3582 2341 3636 benevolen-

775 3693 940 3752 tiam,
980 3687 1122 3739 scias
1178 3697 1392 3754 pmuant
1425 3682 1616 3734 mortis
1661 3693 1779 3734 esse
1825 3677 1918 3730 tibi
1969 3675 2342 3739 subeundam,

776 3792 1033 3844 eamque,
1068 3793 1170 3827 nun
1211 3788 1331 3842 qua:
1384 3771 1621 3825 breviter
1652 3778 1707 3822 et
1743 3769 1854 3822 cito
1880 3767 2157 3830 all‘eratur,
2200 3777 2256 3819 ιιι
2291 3774 2345 3819 ιιι

779 3871 1006 3919 lortasse
1043 3862 1482 3926 existimaveris,
1533 3861 1625 3913 sed
1667 3858 1851 3912 multis
1896 3857 2046 3926 prius
2091 3871 2144 3909 et
2186 3856 2350 3910 variis

775 3959 970 4013 :tll‘ecto
1013 3957 1325 4026 suppliciis,
1367 3952 1560 4007 deinde
1597 3954 1758 4006 etiam
1814 3965 1936 4005 esse
1973 3948 2348 4020 gravissimum

779 4052 1152 4107 sustinendum
1187 4050 1401 4101 modum
1441 4047 1662 4107 mortis,
1693 4055 1753 4100 ut
1785 4054 1840 4098 et
1870 4043 1983 4110 ipse
2012 4041 2182 4095 malus
2215 4041 2352 4094 male

781 4145 1070 4205 abolearis,
1105 4153 1159 4196 et.
1207 4153 1297 4194 tuo
1332 4139 1578 4208 exemplo
1619 4139 1850 4205 castiges
1880 4136 2168 4188 nmltormn
2200 4147 2352 4186 arto-

780 4237 1036 4301 gantiam.

849 4329 1033 4383 XVIII.
1063 4325 1413 4380 Admirabilis
1443 4338 1571 4378 vero
1587 4322 1872 4376 Clemens:
1905 4317 2169 4384 Quoniam
2202 4317 2353 4382 mibi,

786 4423 993 4491 inquit,
1029 4434 1224 4489 pueros
1254 4418 1481 4482 objicis,
1514 4430 1611 4482 ego
1639 4456 1652 4478 ,
1701 4415 1908 4481 inquit,
1949 4411 2126 4466 studui
2177 4410 2359 4478 pueris

785 4529 902 4566 eam
945 4514 1127 4564 indere
1169 4510 1536 4576 prudentiam,
1581 4523 1742 4576 quam
1789 4507 2038 4573 ignorant
2089 4505 2180 4571 qui
2236 4512 2360 4556 sunt

2445 3306 2619 3370 οὓτως
2649 3305 2907 3369 ἐπιεικῶς
2940 3322 3022 3357 σοι
3051 3303 3434 3373 προσενεχθείς
3453 3317 3468 3332 ·
3499 3299 3815 3369 θαυμαστὸν
3845 3299 3906 3351 δέ
3939 3298 4031 3350 οὐ·

2447 3403 2554 3466 δὲν,
2580 3402 2628 3454 εἰ
2662 3399 2896 3460 παιδίοις
2919 3399 3012 3450 τὸν
3038 3397 3124 3450 ἀεὶ
3156 3399 3348 3466 χρονον
3379 3389 3830 3459 συνδιαιτώμενος
3851 3405 4032 3457 ταρα-

2450 3499 2678 3568 πλήσιον
2701 3495 2924 3554 ἐκείνοις
2955 3492 3109 3560 ἔσχες
3136 3491 3196 3543 τὸ
3229 3489 3512 3560 φρόνημα.
3553 3485 3700 3553 Πλὴν
3734 3483 3852 3536 ἀλλ’
3875 3483 3927 3535 εἰ
3960 3482 4034 3550 μὴ

2451 3590 2546 3643 καὶ
2587 3589 2712 3650 τοῦς
2745 3585 2900 3647 θεοὺς
2934 3584 3146 3644 θυσίαις
3174 3579 3458 3649 ἐξιλεώσῃ,
3509 3578 3601 3630 καὶ
3632 3577 3730 3643 τὴν
3757 3573 4041 3643 ἡμετέραν

2453 3682 2702 3734 ἐντεῦθεν
2732 3677 3019 3747 κερδήσεις
3067 3673 3378 3740 εὐμένειαν,
3415 3669 3524 3722 ἴσθι
3553 3671 3636 3722 ὅτι
3685 3667 3923 3726 θάνατός
3959 3679 4041 3715 σοι

2457 3777 2608 3828 ἔσται
2640 3774 2700 3826 τὸ
2730 3771 3026 3837 ἐπιτίμιον,
3064 3768 3160 3819 καὶ
3186 3759 3342 3826 οὗτος
3371 3763 3471 3815 οῦκ
3522 3764 3580 3812 ἐν
3614 3759 3827 3827 βραχεῖ,
3863 3756 4040 3808 καθα-

2460 3883 2565 3936 περ
2596 3866 2661 3918 ἂν
2688 3863 2848 3924 αὐτος
2878 3860 3089 3929 οἰηθῇς,
3146 3858 3243 3909 καὶ
3286 3857 3456 3924 ταχὺς
3490 3852 3861 3918 ἐπαγόμενος,
3906 3849 4044 3902 ἄλλα

2460 3958 2682 4020 πολλαῖς
2745 3954 3010 4023 πρότερον
3059 3949 3302 4011 ἐκδοθεὶς
3348 3946 3446 3999 καὶ
3497 3944 3769 4003 ποικίλαις
3805 3943 3930 4003 ταῖς
3969 3958 4049 3992 τις

2465 4051 2720 4120 μωρίαις.
2753 4043 2869 4100 εἶτα
2900 4047 2995 4096 καὶ
3025 4043 3229 4112 τρόπον
3266 4038 3520 4106 τελευτῆς
3554 4035 3838 4102 ὑποστήσῃ
3869 4031 4045 4100 βαρῦ-

2459 4157 2643 4202 τατον,
2677 4141 2753 4201 ὡς
2805 4138 2868 4190 ἂν
2900 4136 3068 4196 κακός
3101 4151 3159 4183 τε
3190 4131 3353 4190 αὐτὸς
3387 4127 3575 4189 κακῶς
3621 4123 3907 4193 ἐκτριϐῇς,
3955 4127 4051 4174 καὶ

2465 4233 2824 4302 σωφρονήσῃς
2855 4228 2966 4282 τῶν
2999 4225 3210 4278 πολλῶν
3242 4222 3342 4292 τὴν
3374 4221 3656 4273 ἀπόνοιαν.

2536 4322 2642 4378 ιη’.
2674 4323 2785 4375 Καὶ
2814 4324 2841 4374 ὁ
2871 4317 3186 4386 θαυμαστὸς
3214 4316 3445 4382 Κλήμης
3474 4327 3487 4341 ο
3529 4309 3680 4361 Ἐπεί
3718 4324 3808 4375 μοι
3837 4307 3910 4358 τὰ
3942 4305 4052 4357 τῶν

2467 4419 2670 4471 παίδων
2693 4416 2771 4467 ἔτι
2794 4410 3147 4482 προσφέρεις,
3181 4406 3294 4473 ἐγὼ
3331 4406 3432 4474 μὲν
3463 4401 3700 4454 ἐνθεῖναι
3753 4401 3928 4468 φρένα
3959 4400 4054 4449 καὶ

2469 4503 2681 4580 νηπίοις
2718 4503 3050 4566 ἐσπούδασα,
3119 4499 3186 4567 ἣν
3225 4501 3272 4550 οἱ
3303 4495 3435 4566 παρ’
3468 4495 3599 4562 ὑμῖν
3629 4491 3924 4559 ἀγνοοῦσιν
3956 4491 4053 4542 ἀν-

789 4605 926 4672 apud
970 4619 1063 4656 vos
1099 4603 1236 4665 viri,
1267 4611 1318 4654 et
1346 4615 1408 4654 ex
1455 4601 1541 4653 bis
1573 4600 1704 4669 ipsis
1735 4597 1826 4666 qui
1863 4607 1990 4650 sunt
2034 4596 2279 4650 seniores
2307 4612 2336 4648 e

2466 4604 2612 4673 δρες,
2648 4600 2743 4652 καὶ
2788 4596 2997 4650 τούτων
3031 4593 3211 4647 αὐτῶν
3243 4591 3293 4641 οί
3327 4586 3692 4656 πρεσϐύτεροι
3743 4583 3841 4635 καὶ
3879 4582 4052 4646 σοφώ.

790 4701 1166 4769 sapicutiores.
1202 4697 1335 4749 Nam
1370 4712 1491 4766 qua:
1527 4706 1611 4749 cst
1639 4710 1766 4750 vere
1807 4694 1900 4747 Dei
1938 4693 2226 4758 sapientia,
2256 4689 2362 4744 sei-

790 4809 942 4863 psam
996 4791 1281 4845 abscondit
1325 4805 1352 4842 a
1405 4788 1738 4856 sapientibus
1780 4794 1835 4839 et
1874 4785 2264 4854 prudentibus,
2309 4792 2363 4836 et

795 4884 1056 4937 revelavit
1082 4882 1328 4935 videlicet
1359 4882 1680 4935 infantibus.
1711 4879 1926 4934 Glorior
1948 4888 2126 4933 autem
2149 4887 2202 4932 et
2229 4893 2365 4948 pra:-

793 4979 914 5030 rlieo
945 4990 1031 5030 me
1072 4975 1268 5030 oﬂ‘erre
1311 4974 1575 5028 sacriﬁcia
1597 5013 1610 5037 ,
1639 4973 1733 5028 sed
1778 4971 1886 5026 Deo
1918 4986 2037 5025 meo
2072 4969 2365 5024 rationabi-

797 5071 864 5122 lia
901 5088 913 5122 :
960 5083 1085 5132 non,
1115 5075 1172 5121 ut
1202 5068 1325 5137 ipsi,
1358 5077 1625 5122 torrentes
1658 5065 1956 5136 sanguinis,
1999 5063 2284 5133 fumosque
2314 5074 2368 5116 et

800 5164 1036 5222 nidores.
1080 5162 1275 5229 quibus
1309 5177 1423 5225 eos,
1463 5161 1556 5229 qui
1604 5169 1731 5215 sunt
1779 5161 1920 5228 apud
1951 5175 2070 5221 vos,
2106 5159 2235 5214 deos
2273 5173 2370 5211 co-

800 5256 928 5316 litis.
963 5254 1044 5308 vel
1075 5254 1310 5308 maxime
1341 5265 1536 5322 praeter
1587 5255 1870 5308 rationem.
1904 5253 2057 5320 Quod
2103 5253 2144 5306 si
2189 5268 2364 5306 meum

803 5347 1118 5416 sanguinem
1157 5361 1253 5414 pro
1280 5347 1396 5414 ipso
1425 5346 1840 5410 sacriﬁcavero,
1885 5346 1956 5399 ita
1989 5345 2117 5398 mihi
2157 5359 2370 5413 quoque

808 5439 1019 5501 aderit,
1059 5440 1104 5491 si
1139 5451 1242 5490 non
1272 5451 1336 5490 ex
1373 5452 1545 5504 aequo,
1579 5446 1636 5490 at
1659 5436 1836 5506 aliqua
1863 5451 1927 5490 ex
1964 5444 2115 5503 parte
2149 5434 2372 5488 Domino

810 5546 930 5586 meo
983 5531 1153 5584 vicem
1207 5531 1523 5600 rependere.
1557 5529 1768 5584 Etenim
1801 5544 1920 5591 me,
1963 5527 2179 5584 Christe
2219 5528 2328 5583 Rex
2360 5570 2372 5593 ,

810 5629 926 5693 ipse
957 5633 1048 5677 tuo
1079 5623 1318 5690 pretioso
1356 5621 1627 5680 redemisti
1664 5620 1938 5690 sanguine.

2463 4709 2635 4762 τεροι.
2679 4691 2742 4742 'll
2770 4687 2878 4757 γὰρ
2903 4685 3070 4746 ὅντως
3093 4681 3251 4749 σοφία
3281 4677 3376 4731 τοῦ
3405 4675 3541 4730 Θεοῦ
3567 4673 3890 4742 ἀπέκρυψεν
3922 4674 4024 4724 sua

2465 4784 2564 4853 τὴν
2603 4781 2710 4834 ἀπὸ
2738 4777 2921 4845 σοφῶν
2944 4775 3039 4827 κιιὶ
3070 4770 3332 4830 συνετῶν,
3363 4767 3459 4820 καὶ
3496 4763 3819 4828 ἀπεκάλυψε
3846 4762 4056 4831 δηλαδὴ

2467 4873 2702 4945 νηπίοις.
2733 4869 2976 4939 Εῦχομαι
3010 4867 3066 4918 δὲ
3096 4864 3193 4916 καὶ
3243 4861 3437 4922 θυσίας
3463 4858 3881 4928 προσενεγκεῖν,
3917 4855 4058 4908 ἀλλὰ

2466 4966 2545 5036 τῷ
2573 4963 2690 5032 Θεῷ
2730 4978 2830 5030 μου
2853 4961 2949 5021 τας
2983 4953 3208 5023 λογικάς
3233 4968 3246 4981 ⁸
3277 4952 3378 5020 οὐχ
3409 4948 3597 5017 ὥσπερ
3635 4946 3792 4999 αὐτοὶ
3817 4946 4048 5013 χειμάῥ·

2478 5061 2603 5130 ρους
2657 5053 2928 5123 αἱμάτων,
2962 5049 3056 5102 καὶ
3106 5044 3370 5107 καπνοὺς,
3409 5041 3504 5094 καὶ
3534 5040 3782 5101 κνίσσας,
3816 5029 3902 5097 οἷς
3936 5037 4060 5095 τοὺς

2479 5150 2608 5223 παρ’
2643 5151 2772 5219 ὑμῖν
2819 5144 2974 5206 θεοὺς
3013 5138 3336 5208 ἀλογώτατα
3383 5132 3742 5204 θεραπεύετε.
3779 5130 3844 5182 Εἰ
3875 5129 3938 5182 δὲ
3973 5129 4062 5180 καῖ

2469 5248 2530 5301 τὸ
2559 5245 2758 5300 οἰκεῖον
2788 5240 2928 5308 ὑπὲρ
2957 5233 3123 5290 αὐτοῦ
3151 5230 3442 5287 καταθύσω
3465 5221 3940 5297 αἷμα,γενήσεταί
3979 5238 4063 5287 μου

2474 5337 2786 5398 καὶοῦτως,
2838 5333 2886 5384 εί
2937 5330 3030 5382 καὶ
3084 5328 3156 5397 μὴ
3185 5328 3294 5387 τοῖς
3345 5325 3503 5386 ἴσοις,
3550 5319 3688 5373 ἀλλὰ
3736 5318 3831 5370 καὶ
3878 5313 4066 5371 ποσῶς

2477 5431 2609 5501 γοῦν
2639 5429 2729 5481 τὸν
2759 5426 2891 5494 ἐμὸν
2918 5422 3192 5487 Δεσπότην
3220 5414 3580 5484 ἀμείψασθαι.
3620 5411 3729 5464 Καὶ
3763 5409 3931 5469 αὐτὸς
3962 5423 4066 5472 γαρ

2485 5540 2571 5592 με,
2603 5520 2802 5590 Χριστέ
2839 5513 3078 5585 βασιλεῦ,
3143 5513 3219 5578 τῷ
3254 5510 3329 5577 σῷ
3367 5507 3532 5574 τιμίῳ
3568 5505 3918 5571 ἐξηγόρασας
3984 5501 4066 5550 αἶ-

2491 5633 2639 5685 ματι.
