4154 6490
157 423 263 489 829

1189 421 1356 480 νιτΑ
1398 421 1456 482 S.
1494 420 1925 481 CLEMENTIS
1961 422 2368 487 ANCYRANI.

1601 686 1827 743 CAPUT
1871 686 1981 753 IV,

1253 853 1462 907 Atracia
1506 851 1728 921 Ancyrw
1768 849 1988 904 tolereta
2033 858 2313 904 tormenta.

231 1057 334 1111 ιε’.
373 1051 559 1108 Ταῦτα
590 1052 685 1106 τοῦ
719 1052 995 1122 μάρτυρος
1033 1047 1172 1118 μετᾶ
1220 1048 1461 1111 πλείονος
1503 1047 1749 1108 εἰπόντος

1928 1044 2065 1099 XIX.
2100 1044 2226 1098 "(DC
2258 1060 2378 1097 cum
2418 1054 2623 1113 martyr
2660 1060 2779 1098 cum
2812 1060 3003 1114 magna
3044 1047 3269 1101 dixisset
3299 1050 3433 1102 littu-

159 1150 261 1218 τῆς
294 1145 639 1219 παρρησίας,
672 1144 833 1214 ῥίψας
868 1145 928 1196 τὸ
978 1142 1321 1211 προσωπεῖον
1364 1144 1391 1193 ὁ
1436 1140 1641 1210 ἄρχων,
1680 1140 1748 1209 ἢν

163 1242 320 1295 ὧδινε
366 1241 491 1293 κατ’
534 1237 699 1291 αὑτοῦ
756 1237 924 1289 πάλαι
959 1234 1175 1304 μανίαν,
1210 1234 1412 1303 ταύτην
1466 1246 1541 1295 εις
1586 1233 1748 1301 μέσον

168 1336 412 1406 ἐξήγαγε
436 1351 451 1363 ·
482 1333 576 1386 καὶ
622 1328 1055 1400 μετεωρίσαντες
1079 1328 1127 1379 οἱ
1169 1326 1518 1396 παρεστῶτες
1548 1325 1747 1387 εὐθέως

160 1430 253 1483 ἐπὶ
278 1429 439 1493 ξύλου
467 1428 557 1479 τὸν
590 1424 849 1494 ἀθλητὴν,
889 1422 1059 1484 οὕτως
1088 1421 1179 1474 ὑπ’
1203 1420 1364 1472 αὐτοῦ
1389 1419 1746 1489 προσταχθὲν,

162 1519 431 1583 διέξαινόν
459 1533 517 1568 τε
545 1514 711 1568 αὐτοῦ
752 1515 851 1576 τὰς
882 1511 1143 1583 πλευρὰς,
1176 1510 1267 1563 καὶ
1314 1509 1423 1561 τῶν
1457 1507 1750 1578 βασιλικῶν

160 1592 607 1681 προσταγμάτων
643 1608 718 1678 μὴ
760 1606 1168 1675 καταφλυαρεῖν
1209 1602 1431 1656 τοιαῦτα
1463 1602 1747 1669 ἐπέλεγον.

162 1704 392 1755 Βαοεῖαι
428 1703 529 1769 μὲν
561 1695 653 1753 οὖν
688 1700 829 1753 κατά
851 1697 957 1749 τῶν
981 1697 1189 1750 ἐκείνου
1218 1695 1438 1765 σαρκῶν
1464 1694 1750 1763 ἐτέμνοντο

159 1792 427 1855 αὖλακες,
471 1792 565 1843 καὶ
611 1791 681 1843 τὰ
724 1790 953 1841 πλεῖστα
999 1788 1205 1840 τούτων
1258 1788 1541 1859 ἀφῃρεῖτο.
1578 1787 1669 1839 καὶ

165 1886 318 1938 ἔνεον
378 1882 796 1951 παρεγυμνοῦτο
847 1881 1155 1944 διάπλασις,
1202 1881 1275 1943 ὡς
1338 1881 1472 1951 μηξὲ
1526 1882 1751 1932 ἀνεκτὸν

160 1977 472 2049 ἀνθρώπων
506 1976 805 2045 ὀφθαλμοῖς
836 1970 975 2027 εἶναι
1008 1974 1210 2044 θέαμα.
1266 1972 1325 2026 Ὀ
1360 1974 1405 2027 δ’
1436 1975 1535 2027 οὐκ
1578 1973 1746 2025 ἔπαθε

162 2071 262 2140 τὴν
299 2070 501 2139 ψυχὴν,
534 2069 633 2121 οὐκ
676 2068 937 2135 ἡλλοίωσε
979 2066 1077 2135 τὴν
1121 2066 1357 2137 μορφὴν,
1388 2066 1449 2118 οὐ
1488 2065 1751 2135 μετέΰαλε

160 2163 259 2231 τὴν
310 2160 518 2229 φωνὴν,
566 2160 624 2211 οὑ
676 2158 827 2228 ῥῆμα
881 2155 1108 2209 ἐλεεινὸν
1140 2158 1311 2221 οὐδὲν,
1356 2156 1417 2209 οὐ
1453 2155 1752 2223 στεναγμὸν

161 2255 380 2321 ἀφῆκεν
419 2251 778 2320 ὀδυνωμένου.
816 2248 956 2300 Ἀλλ’
997 2248 1076 2300 ῶσ
1092 2263 1188 2316 περ
1234 2246 1297 2316 δὴ
1331 2247 1438 2299 τῶν
1470 2261 1749 2316 παρεστη-

162 2345 339 2395 κότων
391 2344 485 2394 καὶ
540 2341 830 2409 Θεωμένων
879 2338 1123 2397 πλείονος
1177 2338 1375 2407 μᾶλλον
1411 2338 1571 2398 αὐτὸς
1615 2338 1748 2389 ἀπο-

1852 1139 1962 1203 cia,
1995 1138 2207 1207 abjecta
2264 1152 2493 1207 persona
2528 1152 2727 1207 praeses
2750 1177 2763 1198 ,
2798 1153 2959 1206 quam
2991 1138 3119 1192 olim
3172 1142 3221 1194 in
3256 1144 3430 1212 ipsum

1853 1234 2191 1302 parturiebat
2224 1232 2522 1295 insaniam,
2555 1245 2676 1283 eam
2708 1232 2959 1300 produxit
2984 1234 3035 1286 in
3075 1235 3305 1288 medium
3343 1257 3353 1290 :
3382 1250 3437 1292 et

1851 1342 1971 1379 cum
2005 1327 2291 1380 sublimem
2349 1342 2510 1395 super
2549 1327 2751 1395 lignum
2800 1328 2981 1380 statim
3034 1328 3291 1383 athletam
3337 1347 3433 1386 su—

1852 1420 2130 1475 stulissent
2180 1420 2269 1488 qui
2306 1420 2565 1482 aderant,
2613 1420 2753 1489 quod
2809 1422 2853 1475 is
2886 1423 2957 1474 ita
3005 1420 3432 1491 jussisset,ejus

1853 1510 2020 1565 latera
2074 1511 2368 1578 laniabant,
2431 1524 2483 1567 et
2533 1513 2928 1583 acelamabant,
2988 1530 3057 1572 ne
3092 1516 3243 1586 jussu
3304 1532 3434 1573 con-

1854 1614 2120 1658 temneret
2170 1605 2532 1671 imperatoris.
2573 1605 2833 1659 Profundi
2877 1607 3059 1676 itaque
3095 1590 3227 1662 sulci
3274 1620 3432 1662 seca-

1854 1696 2051 1749 bantur
2084 1695 2134 1748 in
2171 1695 2313 1749 illius
2342 1696 2618 1759 carnibus,
2653 1706 2705 1749 et
2739 1712 2924 1751 earum
2959 1713 3151 1766 magna
3187 1714 3310 1767 pars
3335 1715 3432 1752 au-

1856 1786 2145 1851 ferebatur,
2192 1796 2244 1840 et
2290 1786 2461 1843 forma
2508 1788 2840 1843 internorum
2887 1791 3233 1859 aperiebatur
3264 1794 3433 1846 ViSCCr

1856 1898 1993 1943 rum,
2017 1891 2159 1934 utne
2188 1880 2463 1933 hominum
2486 1880 2699 1948 quidem
2731 1880 2899 1933 oculis
2924 1893 3066 1934 esset
3089 1881 3430 1935 tolerandum

1854 1973 2243 2043 spectaculmu.
2282 1973 2370 2026 Ille
2406 1982 2585 2025 autem
2630 1988 2734 2025 non
2765 1981 2847 2027 est
2880 1973 3061 2026 animo
3092 1986 3397 2029 commotus
3419 2019 3432 2041 ,

1854 2079 1960 2117 non
2022 2062 2248 2116 mutavit
2287 2061 2554 2125 formam,
2610 2078 2714 2115 nou
2777 2076 3005 2126 vocem,
3060 2080 3164 2116 non
3207 2066 3432 2119 verbum

1853 2156 2031 2212 emisit
2084 2155 2429 2219 miserabile,
2488 2171 2589 2207 non
2641 2156 2897 2223 gemitum
2956 2154 3074 2222 ejus
3108 2156 3197 2224 qui
3249 2156 3438 2211 dolore

1853 2250 2127 2302 cruciatur
2162 2266 2175 2301 :
2216 2249 2307 2302 sed
2336 2249 2560 2317 perinde
2588 2264 2648 2301 ac
2678 2249 2722 2300 si
2760 2259 2904 2301 esset
2940 2249 3185 2302 securior
3215 2251 3300 2313 iis,
3341 2234 3431 2320 qui

1855 2338 2079 2392 aderant
2103 2349 2155 2392 et
2180 2340 2709 2409 contemplabantur,
2737 2350 2790 2393 et
2816 2340 2992 2392 minus
3020 2341 3244 2393 sentiret
3268 2355 3431 2410 quam

159 2434 349 2487 λαὺων
373 2434 577 2497 ἀδείας,
599 2434 695 2485 καὶ
725 2430 834 2482 τῶν
860 2429 1148 2493 ξαινόντων
1176 2429 1359 2481 αὑτῶν
1380 2428 1750 2496 ἁπαθέστερον

1856 2430 1952 2497 ipsi
1986 2432 2074 2500 qui
2106 2431 2402 2495 caedebant,
2432 2446 2628 2502 magno
2654 2432 2837 2486 animo
2870 2433 3061 2502 agebat
3091 2409 3295 2502 gratias
3328 2434 3435 2489 Deo

159 2525 535 2594 διακείμενος,
573 2521 809 2591 εὐγενῶς
846 2521 1082 2591 μάλιστα
1114 2522 1207 2572 καὶ
1242 2518 1632 2589 μεγαλοψύχως
1670 2518 1749 2588 τῷ

163 2615 488 2688 ἁγωνοθέτῃ
522 2614 641 2682 Θεῷ
673 2613 1019 2683 ηὐχαρίστει.

238 2711 330 2762 K'.
373 2708 461 2769 Ὠς
496 2707 550 2759 δὲ
581 2707 769 2777 χρόνος
802 2704 1048 2773 ἐτρίϐετο
1077 2706 1143 2773 τῇ
1173 2702 1414 2772 τιμωρίᾳ
1438 2704 1623 2765 πολὺς,
1658 2702 1751 2754 καὶ

165 2802 433 2869 παρεῖντο
486 2798 584 2866 μὲν
633 2798 743 2856 τοῖς
790 2794 1006 2865 δημίοις
1044 2794 1100 2844 αί
1125 2795 1327 2861 χεῖρες,
1368 2793 1396 2844 ὀ
1445 2793 1651 2861 μάρτυς
1694 2790 1751 2842 δὲ

163 2893 263 2963 τὴν
295 2892 472 2959 αὐτὴν
514 2888 862 2939 ἐπεδείκνυτο
890 2884 1266 2952 γενναιότητα,
1292 2882 1633 2951 ὑποχαλάσαι
1661 2882 1750 2934 τὸν

162 2984 321 3035 τόνον
353 2980 519 3034 αὐτοῦ
565 2980 663 3048 τῆς
703 2978 953 3047 ἀνδρείας
998 2975 1320 3045 βουλόμενος
1353 2976 1380 3026 ὁ
1426 2975 1625 3044 ἄρχων,
1659 2975 1748 3045 Μὴ

165 3073 384 3143 νόμιζε,
422 3066 599 3133 εἶπεν,
634 3064 679 3121 ὧ
708 3065 885 3131 οὗτος,
912 3069 1007 3120 καὶ
1056 3067 1219 3119 αὑτὸν
1250 3067 1349 3136 ἐμὲ
1385 3069 1450 3134 τῇ
1484 3066 1751 3135 καρτερία

168 3164 505 3235 ὑπερϐαλεῖν
530 3181 542 3193 ·
571 3161 687 3215 ἀλλ’
717 3164 765 3213 εί
792 3162 886 3213 καὶ
913 3161 972 3212 τὸ
1006 3161 1141 3212 πολὺ
1167 3159 1266 3226 τῆς
1298 3158 1447 3226 ὧρας
1481 3160 1675 3227 μικρὸν
1698 3176 1750 3209 τι

169 3259 268 3320 τὰς
290 3257 475 3321 δεξιὰς
498 3257 696 3324 καμεῖν
718 3255 842 3316 τοὺς
866 3254 1148 3319 ξαίνοντας
1174 3250 1611 3321 παρεσκεύασεν,
1638 3252 1757 3303 ἀλλ’

168 3351 282 3415 ἐγὼ
326 3350 491 3402 πάλιν
541 3348 763 3417 ἐτέρους
800 3348 1250 3414 ἁντικαταστήσω
1299 3365 1381 3400 σοι
1424 3346 1672 3415 νεαροὺς,
1702 3344 1753 3397 οἶ

168 3445 227 3494 οὗ
259 3442 531 3510 πρότερον
565 3440 823 3507 ἀνήσουσι
859 3438 1151 3503 ξαίνοντες,
1186 3440 1314 3507 πρὶν
1343 3439 1406 3491 ἂν
1454 3439 1637 3509 γυμνὰ
1672 3455 1752 3490 σοι

172 3533 402 3605 σαρκῶν
450 3535 519 3586 τὰ
574 3534 709 3585 ὀστᾶ
757 3530 1119 3585 καταλίπωσι.
1150 3530 1257 3582 Καὶ
1313 3530 1511 3582 αὐτίκα
1566 3530 1751 3598 δήμιοι

170 3629 341 3679 πάλιν
373 3629 440 3680 ἐκ
492 3625 741 3694 διαδοχῆς
788 3625 879 3676 τὸν
928 3623 1183 3694 μάρτυρα
1235 3624 1626 3693 περιστάντες,
1685 3621 1751 3673 τὰ

169 3722 337 3789 ὃμοια
360 3717 551 3771 τοῦτον
584 3718 676 3768 καὶ
704 3716 886 3777 αὐτοῖς
919 3718 1028 3777 τοῖς
1060 3715 1345 3784 προτέροις
1372 3714 1603 3777 ἐποίουν,
1648 3713 1750 3775 ἕως

170 3815 267 3865 καὶ
294 3812 481 3872 αὐτοῖς
516 3809 715 3879 ὁμοίως
746 3807 926 3860 ἄτονοί
954 3823 1011 3858 τε
1054 3807 1147 3858 καὶ
1186 3807 1431 3868 ἀσθενεῖς
1468 3807 1522 3858 αἱ
1574 3809 1756 3875 χεῖρες

170 3910 545 3974 κατέστησαν.
583 3902 641 3956 '0
672 3904 850 3956 τοίνυν
872 3902 1099 3971 ἀνόητος
1141 3903 1324 3971 ἄρχων
1349 3903 1579 3967 ἐκεῖνος,
1601 3901 1757 3953 τοῦτο

175 4000 275 4067 μὲν
300 3998 399 4050 τοῦ
437 3998 711 4067 μάρτυρος
737 3994 834 4065 τὴν
862 3995 1157 4064 καρτερίαν
1190 3995 1582 4062 καταπλαγεὶς,
1602 3994 1758 4047 τοῦτο

169 4091 223 4142 δέ
258 4092 329 4157 τῇ
351 4088 538 4156 ἀτονία
562 4086 670 4138 τῶν
697 4086 904 4154 δημίων
933 4085 1336 4152 ἐπαισχυνυεὶς,
1369 4086 1757 4155 κατενεχθῆναι

174 4182 340 4232 αὑτὸν
369 4178 584 4231 κελεύει
631 4177 723 4230 τοῦ
771 4177 953 4242 ξύλου.
1006 4176 1064 4228 ’0
1105 4175 1160 4228 δέ
1207 4172 1273 4245 ἦν
1318 4178 1426 4246 ἄρα
1476 4171 1585 4229 οἷον
1636 4176 1756 4229 οὔτε

174 4272 390 4342 δημίων
438 4269 563 4321 ίδεῑν
590 4268 878 4338 ὀφθαλμοὶ,
917 4267 1039 4320 οὔτε
1084 4271 1263 4338 χεῖρες
1307 4269 1578 4338 ὑπέμενον
1619 4268 1758 4338 διψα-

181 4364 340 4417 σθιιιο
374 4362 705 4430 γεγύμνωτο
759 4361 855 4430 μὲν
901 4361 1009 4429 γὰρ
1055 4361 1162 4414 τῶν
1211 4362 1429 4428 σαρκῶν
1467 4362 1619 4425 ὅλος,
1666 4361 1758 4414 καὶ

177 4456 386 4518 ταύτας
419 4454 675 4525 καθάπερ
712 4455 925 4522 ἱμάτιον
952 4454 1261 4516 ἀπώἐδυτο,
1298 4455 1441 4523 μῦνῳ
1470 4454 1525 4506 δὲ
1552 4454 1759 4524 ἄνθρω-

180 4566 275 4610 πος
305 4548 451 4599 εἶναι
483 4546 561 4615 τῷ
588 4546 837 4615 πήγματι
868 4546 974 4598 τῶν
1006 4546 1179 4598 ὀστῶν
1216 4545 1399 4614 ἐῴκει,
1427 4546 1757 4609 καὶτούτοις

179 4642 375 4708 αἵματι
419 4639 824 4708 κεχρωσμένοις
869 4637 1180 4708 παράλογόν
1213 4657 1264 4690 τι
1300 4639 1499 4707 Θέαμα,
1536 4640 1627 4693 καὶ
1662 4640 1758 4709 τὴν

178 4728 297 4795 ὄψιν
321 4727 553 4779 αὐτόθεν
578 4726 784 4794 ἰλίγγου
812 4726 1053 4796 πληροῦν
1077 4728 1391 4796 δυνάμενον.

246 5006 383 5063 κδ’,
428 5007 546 5074 Ἐφ’
585 5000 662 5068 οἷς
710 5007 771 5058 τὸ
802 5006 1079 5076 βιάζεσθαι
1120 5006 1215 5060 καὶ
1261 5008 1510 5073 κολάζειν
1542 5012 1753 5076 ἐκεῖνος

1852 2524 2190 2591 agouothetze

1919 2708 2210 2763 XX.‘Cum
2242 2724 2369 2763 vero
2406 2709 2457 2762 in
2499 2709 2618 2778 ejus
2657 2708 2925 2778 supplicio
2955 2710 3182 2764 multum
3222 2722 3430 2782 tempo-

1852 2800 1928 2853 ris
1954 2805 2394 2858 consumeretur.
2420 2807 2473 2851 et
2505 2800 2747 2853 remissa:
2778 2799 2994 2868 quidem
3030 2812 3212 2855 essent
3245 2818 3434 2858 manus

1853 2891 2134 2946 lictoribus
2161 2931 2175 2954 ,
2212 2899 2422 2961 martyr
2456 2902 2637 2944 autem
2676 2892 2921 2946 eumdem
2958 2892 3152 2947 fortem
3186 2904 3239 2947 et
3268 2910 3435 2965 gene-

1852 2999 2035 3038 rusum
2082 2983 2390 3036 ostenderet
2430 2984 2668 3037 animum
2696 3026 2711 3048 ,
2763 2983 2949 3037 volens
2990 3001 3189 3053 pra-ses
3240 2986 3433 3041 dissol-

1853 3090 1978 3128 vare
2019 3076 2172 3129 fortis
2207 3076 2324 3143 ejus
2360 3075 2524 3127 animi
2572 3076 2736 3129 robur
2762 3117 2775 3139 ,
2814 3074 2964 3138 Noli,
3008 3079 3200 3145 inquit,
3257 3095 3290 3133 o
3339 3090 3431 3137 tu.

1852 3166 2165 3219 existimare
2200 3164 2337 3230 fore,
2376 3178 2432 3218 ut
2469 3174 2519 3217 tu
2558 3182 2640 3219 me
2672 3182 2895 3234 superes
2938 3168 3254 3223 fortitudine
3290 3190 3302 3224 :
3340 3174 3434 3225 sed

1852 3261 1950 3313 etsi
1979 3260 2194 3326 longum
2225 3270 2438 3326 tempus
2458 3258 2721 3321 eﬂ‘eccrit,
2748 3272 2803 3312 Ill
2831 3276 3040 3327 eorum,
3075 3263 3167 3336 qui
3199 3263 3435 3329 Caedunt,

1854 3349 2090 3403 dextene
2119 3350 2227 3404 sint
2265 3364 2455 3419 parum
2502 3348 2749 3417 dolente,
2798 3356 2853 3405 at
2896 3363 2995 3425 ego
3026 3367 3217 3409 rursus
3246 3369 3436 3411 eorum

1857 3439 1979 3493 loco
2008 3436 2147 3493 alios
2180 3450 2375 3507 ponam
2420 3446 2685 3503 recentes.
2726 3438 2816 3508 qui
2852 3455 2959 3495 non
2998 3443 3147 3510 prius
3181 3450 3233 3499 to
3259 3457 3438 3503 resne

1858 3532 1991 3585 bunt
2017 3530 2245 3592 czedere,
2281 3546 2436 3597 quam
2465 3532 2605 3583 nuda
2637 3531 2895 3586 carnibus
2922 3549 3047 3587 ossa
3084 3544 3169 3587 tua
3205 3536 3439 3605 relique-

1860 3624 1986 3675 rint.
2051 3622 2355 3691 Statimque
2410 3624 2625 3678 lictores
2692 3641 2754 3678 ex
2835 3628 3182 3681 successione
3246 3646 3435 3683 rursus

1860 3723 2151 3784 martyrem
2186 3714 2666 3778 circumsistentes,
2705 3717 2751 3771 ei
2788 3732 3001 3786 quoque
3037 3720 3234 3773 similia
3279 3721 3437 3775 facie-

1861 3804 1991 3858 bant
2026 3804 2332 3871 prioribus,
2375 3806 2544 3860 donee
2590 3810 2670 3860 eis
2710 3823 2922 3877 quoque
2956 3810 3207 3865 similiter
3243 3828 3437 3865 manus

1859 3897 2143 3950 imbecilla:
2202 3896 2417 3951 fuerunt
2478 3908 2531 3952 et
2592 3899 2835 3955 defessae.
2890 3902 2982 3956 ille
3050 3918 3179 3973 ergo
3241 3905 3437 3959 stultus

1859 4005 2084 4060 prmses,
2114 3991 2307 4059 partim
2337 3990 2552 4060 quidem
2584 3992 2882 4046 admiratur
2906 3996 3158 4062 martyris
3186 4005 3436 4050 constan-

1861 4083 1989 4135 tium
2017 4121 2031 4147 ,
2068 4082 2262 4135 nartim
2294 4091 2472 4137 autem
2518 4083 2723 4151 pudore
2758 4081 2983 4138 affectus
3030 4098 3248 4154 propter
3283 4087 3437 4142 licto-

1862 4188 1977 4226 rum
2033 4172 2495 4237 imbecillitatem,
2545 4173 2708 4241 jussit
2757 4190 2880 4228 cum
2911 4176 3105 4243 deponi
3162 4180 3226 4231 de
3270 4178 3415 4247 ligno

1860 4264 1952 4319 Ille
1988 4279 2115 4317 vero
2146 4264 2267 4318 talis
2298 4260 2441 4329 erat,
2468 4266 2678 4331 qualem
2709 4270 2813 4320 nec'
2838 4267 2978 4321 oculi
3006 4267 3253 4322 lictorum
3289 4272 3436 4339 aspi-

1860 4369 2018 4421 cere,
2056 4370 2233 4423 neque
2267 4369 2461 4409 manus
2489 4357 2827 4411 sustinebant
2857 4368 3076 4428 tangere
3096 4401 3109 4422 ,
3144 4370 3259 4414 erat
3290 4362 3436 4415 enim

1860 4448 2079 4505 omnino
2130 4448 2363 4501 nudatus
2414 4448 2709 4513 carnibus,
2761 4450 2943 4517 eisque
2997 4462 3252 4519 tanquam
3290 4464 3433 4507 veste

1858 4552 1977 4601 erat
2016 4553 2213 4597 exutus
2246 4560 2256 4593 :
2298 4542 2469 4595 solum
2518 4551 2697 4595 autem
2727 4552 3035 4610 propterea,
3068 4544 3208 4612 quod
3249 4556 3433 4599 essent

1858 4652 1979 4691 ossa
2016 4636 2139 4699 fixa,
2183 4635 2343 4688 homo
2383 4647 2505 4687 esse
2537 4632 2861 4700 videbatur;
2907 4650 3028 4703 quas
3071 4636 3184 4703 ipsa
3223 4653 3436 4705 quoque

1860 4740 2013 4785 erant
2046 4729 2176 4783 illita
2219 4727 2500 4795 sanguine,
2546 4727 2814 4795 quoddam
2861 4743 3057 4780 novum
3106 4738 3160 4783 et
3194 4730 3431 4784 alienum

1860 4820 2264 4890 spectaculum,
2305 4829 2359 4873 et
2396 4818 2539 4889 quod
2588 4819 2673 4872 vel
2713 4834 2778 4872 ex
2832 4833 2889 4872 se
2917 4820 3087 4888 possit
3124 4820 3336 4875 edicere
3382 4834 3436 4875 ut

1860 4915 2093 4981 caligent
2125 4912 2281 4966 oculi.

1932 5005 2075 5062 XXI.
2109 5006 2374 5071 Quocirca
2433 5018 2553 5058 cum
2598 5004 2685 5058 ille
2719 5004 3064 5071 desperasset
3107 5021 3165 5060 se
3196 5023 3353 5076 posse
3386 5011 3432 5061 ci

177 5099 589 5171 ἀπαγορεύσας,
621 5096 694 5162 ὡς
719 5100 871 5152 οὐδὲν
892 5098 1039 5171 αὑτῷ
1064 5102 1232 5169 φανὲν
1266 5104 1555 5173 χρήσιμον,
1582 5105 1752 5159 πειοοί

1861 5100 1967 5152 vim
1997 5097 2191 5151 allerre
2217 5107 2272 5150 et
2300 5097 2588 5164 castigare,
2621 5105 2805 5165 utpote
2837 5096 2982 5166 quod
3010 5099 3057 5153 ei
3094 5100 3265 5154 visum
3290 5114 3435 5156 esset

180 5194 315 5261 πρὸς
358 5193 522 5246 αὐτὸν
566 5187 718 5255 αὖθις
752 5194 951 5263 ἐχρῆτο
991 5194 1081 5246 καὶ
1121 5197 1456 5266 προσηνεία·
1504 5197 1625 5261 καὶ,
1659 5199 1762 5250 Δύο

182 5304 283 5351 σοι,
318 5286 528 5353 ἔλεγεν,
554 5279 598 5338 ῶ
620 5286 840 5356 Κλήμη,
864 5285 973 5338 τῶν
1000 5288 1318 5358 ἀνηκέστων
1346 5288 1549 5343 τούτων
1576 5291 1760 5345 κακῶν

183 5379 479 5445 γεγόνασιν
513 5380 682 5442 αἴτια,
714 5378 906 5447 φθόνος
932 5380 1024 5432 καὶ
1053 5379 1196 5449 ἔρις·
1228 5381 1340 5434 ἀλλ’
1373 5385 1401 5435 ὁ
1436 5382 1536 5452 μὲν
1565 5384 1758 5450 φθόνος

182 5488 263 5523 σοι
297 5471 450 5541 παρὰ
492 5472 592 5538 τῆς
626 5471 795 5540 τύχης
836 5471 1172 5543 ἀπήντησεν,
1207 5473 1327 5542 ἧτις
1372 5476 1463 5526 καὶ
1523 5472 1751 5542 βασκαί-

179 5560 350 5614 νονσά
388 5576 471 5612 σοι
508 5561 723 5623 πάντως
752 5561 849 5613 οὐκ
884 5562 946 5631 ἐᾷ
987 5562 1127 5615 κατὰ
1167 5561 1290 5613 νοῦν
1325 5564 1521 5631 χωρεῖν
1571 5580 1651 5614 σοι
1684 5563 1749 5616 τὰ

180 5653 509 5720 πράγματα.
551 5653 647 5704 Ἐκ
689 5652 745 5704 δὲ
787 5653 1000 5721 φύσεως
1025 5653 1084 5705 τὸ
1114 5654 1446 5722 φιλόνεικονο
1478 5653 1614 5723 αὓτη
1646 5656 1749 5723 γὰρ

184 5748 258 5803 εἰς
293 5746 525 5814 ἄκαιρόν
582 5761 640 5798 σε
695 5744 854 5799 πάλιν
898 5744 1247 5815 ὑποθήγουσα
1286 5746 1431 5812 ἔριν,
1469 5748 1752 5815 πεισθῆναι

184 5840 311 5903 ἡμῖν
348 5839 626 5903 ἀπέρξει.
668 5838 757 5889 καὶ
787 5838 871 5891 διὰ
920 5837 1074 5891 τοῦτο
1119 5840 1306 5901 κακοῖς
1341 5837 1436 5906 μέν
1491 5855 1549 5891 σε
1592 5856 1746 5905 περι-

1863 5192 2067 5257 inntile,
2111 5192 2458 5259 persuasione
2507 5203 2696 5243 rursus
2743 5189 2881 5257 apud
2920 5204 3044 5243 eum
3095 5191 3348 5245 utebatur
3383 5204 3433 5245 ct

1860 5288 2098 5350 lenitate,
2147 5294 2245 5338 et:
2292 5282 2418 5335 Duae
2455 5280 2581 5343 tibi,
2632 5282 2843 5345 aiebat,
2874 5298 2906 5337 ο
2943 5281 3229 5348 Clemens,
3284 5286 3434 5341 fuere

1860 5392 2035 5435 causae
2074 5386 2346 5431 tantorum
2399 5375 2696 5440 malorum,
2733 5376 2935 5433 invidia
2983 5384 3041 5435 et
3087 5380 3366 5435 contentio
3415 5391 3433 5439 :

1864 5471 1954 5527 sed
1988 5472 2052 5525 ad
2096 5478 2148 5524 te
2193 5468 2408 5538 quidem
2442 5480 2470 5519 a
2514 5466 2727 5521 feruma
2771 5469 3013 5535 pervenit
3046 5468 3246 5524 invidia
3269 5514 3282 5537 ,
3316 5486 3434 5539 qua:

1866 5564 1958 5618 tibi
1997 5561 2219 5616 omnino
2262 5558 2538 5623 invidens,
2573 5574 2675 5613 non
2722 5559 2851 5615 sinit
2887 5575 2971 5614 res
3001 5561 3095 5615 tibi
3142 5566 3433 5619 succedere

1862 5674 1923 5712 ex
1954 5653 2242 5710 sententia.
2280 5652 2323 5704 Α
2358 5661 2548 5706 natura
2580 5661 2757 5706 autem
2791 5662 2869 5705 est
2896 5653 2988 5705 tibi
3017 5655 3292 5708 contentio
3326 5674 3337 5708 :
3370 5671 3429 5708 ea

1859 5750 2001 5804 enim
2043 5758 2094 5802 te
2147 5748 2209 5800 ad
2245 5744 2673 5811 intempestivam
2725 5757 2907 5798 rursus
2961 5743 3106 5798 litem
3161 5748 3426 5811 incitans,

1856 5838 2101 5907 prohibet
2146 5836 2436 5905 quominus
2474 5832 2629 5892 nobis
2679 5848 2902 5903 pareas;
2932 5846 2982 5890 ct
3030 5836 3150 5893 ideo
3202 5835 3251 5891 in
3293 5838 3435 5891 mala
