4154 6490
707 397 807 462 831

1953 403 2232 465 MENSIS
2271 401 2744 466 JANUARIUS..

3882 401 3992 465 832

709 526 762 566 te
793 511 1023 580 eonjccit
1053 521 1335 579 extrema;
1379 517 1592 586 magnis
1620 527 1800 574 autem
1835 520 2066 588 privavit
2106 534 2292 573 mune-

2399 516 2632 586 ϐέϐληκε
2663 519 2777 580 τοῖς
2801 517 3053 586 ἐσχάτοις
3077 534 3090 548 ο
3127 517 3384 586 μεγάλων
3411 516 3468 570 ὁὶ
3496 515 3846 584 ἀπεστέρησε
3887 515 3993 566 δω-

710 605 881 667 ribus,
915 618 1035 672 quae
1084 619 1206 658 eras
1236 618 1653 675 consecuturus,
1688 611 1731 663 si
1781 609 2052 665 voluisses
2100 611 2294 666 cedere

698 700 873 768 jttssni
927 701 1295 771 imperatoris.
1329 701 1427 758 Vel
1458 704 1637 772 potius
1681 705 1778 759 tibi
1813 721 2032 776 quoque
2073 705 2290 761 Iortuna

704 796 892 865 injecit
947 797 1395 863 contentionem,
1448 798 1634 853 volens
1687 799 1780 854 tibi
1831 801 1976 856 omni
2023 816 2088 855 ex
2139 811 2294 871 parte

707 893 1003 954 adversari,
1037 900 1088 945 et
1122 902 1211 945 tua
1242 907 1458 959 semper
1487 891 1839 950 labefactare.
1877 893 1981 949 Sed
2019 895 2100 948 vel
2131 897 2292 950 breve

709 983 922 1051 aliquod
959 995 1294 1038 momentum
1332 987 1593 1056 temporis
1624 1002 1786 1056 parce
1817 991 2017 1046 misero
2047 991 2289 1060 corpori.

708 1088 755 1130 et
814 1077 957 1141 noli,
998 1076 1124 1130 dum
1177 1079 1231 1130 in
1284 1092 1342 1130 re
1385 1094 1523 1134 vana
1566 1081 1646 1135 vis
1687 1085 1976 1136 ostendere
2015 1083 2291 1151 egregiam

706 1149 872 1220 animi
911 1167 1300 1235 caustantiatn,
1338 1169 1686 1226 immaturam
1729 1184 1964 1227 mortem
2000 1186 2051 1227 et
2086 1173 2292 1228 violen-

708 1271 815 1314 tam
848 1263 1052 1316 subire.

779 1354 940 1411 XXII.
1001 1359 1080 1411 Ad
1120 1358 1234 1412 haec
1264 1358 1518 1413 Clemens
1549 1357 1928 1424 admirabilis,
1965 1360 2100 1415 alias
2151 1360 2294 1414 illius

708 1464 880 1513 nugas
929 1464 993 1502 ne
1029 1449 1310 1501 minimum
1357 1449 1576 1518 quidem
1606 1465 1843 1513 curans,
1874 1450 1975 1504 hoc
2029 1452 2076 1502 ei
2116 1451 2291 1504 solum

709 1539 985 1608 respondit
1040 1558 1052 1593 :
1091 1539 1226 1605 Qua:
1257 1540 1386 1593 mihi
1441 1556 1468 1592 a
1506 1552 1557 1594 te
1591 1556 1737 1595 mors
1770 1549 1852 1594 est
1902 1538 2172 1595 all’erenda
2200 1581 2214 1606 ,
2260 1556 2293 1596 0

702 1631 902 1697 judex,
958 1640 1011 1684 et
1061 1632 1274 1699 c0rpori
1325 1631 1576 1685 interitus
1614 1633 1960 1697 vacuitatem,
2005 1645 2059 1688 et
2098 1634 2294 1688 anima:

705 1723 871 1776 eliicit
913 1723 1411 1788 ,ἱιιιιιιοιῑςιὶίίειῑοιιι
1469 1725 1535 1779 Et
1604 1727 1737 1790 hoc,
1792 1728 1964 1795 inquit
2012 1728 2287 1792 vicarius,

705 1816 928 1868 omnino
976 1824 1059 1867 est
1112 1825 1306 1871 vestrae
1353 1818 1629 1882 stultitiae,
1667 1820 1716 1871 id
1757 1821 1902 1888 quod
1941 1831 2021 1873 est
2057 1822 2287 1883 bonum,

2400 609 2580 680 ρεῶν,
2628 603 2703 662 ῶν
2758 609 3054 662 ἀπολαύειν
3108 609 3336 680 ἔμελλες
3383 607 3472 673 ἂν,
3521 609 3569 661 εί
3618 606 3694 676 τῷ
3727 604 3999 676 βασιλικῷ

2397 703 2648 756 ὑπείκειν
2685 703 2907 756 ἐϐούλου
2941 702 3330 772 προστάγματι
3356 718 3370 732 ο
3426 701 3626 771 μᾶλλον
3659 699 3716 752 δέ
3765 715 3850 750 σοι
3899 697 4000 751 καὶ

2395 796 2495 866 τὴν
2522 796 2639 868 ἔριν
2663 799 2696 867 ἡ
2727 795 2866 867 τύχη
2891 796 3147 851 ἐνέϐαλεν
3175 793 3553 848 ἐναντιοῦσθαί
3590 811 3669 847 σοι
3709 790 3995 861 πανταχοῦ

2397 890 2492 943 καὶ
2540 891 2798 959 σφάλλειν
2851 890 2938 943 ἀεὶ
2978 891 3045 944 τά
3086 891 3154 943 δά
3207 889 3529 959 βουλομένη.
3597 887 3759 940 Ἀλλὰ
3805 888 3996 954 φεῖσαι

2397 982 2500 1036 κᾶν
2535 983 2798 1054 βραχεῖαν
2847 982 3044 1054 καιροῦ
3090 983 3264 1054 ῥοπὴν
3296 981 3390 1034 τοῦ
3433 981 3619 1034 άθλιου
3663 997 3756 1032 σου
3793 978 3993 1030 τούτου

2399 1076 2668 1147 σώματος,
2695 1078 2791 1131 καὶ
2832 1076 2908 1148 μὴ
2946 1075 3024 1147 τῷ
3057 1075 3343 1146 βούλεσθαι
3395 1073 3595 1144 δῆθεν,
3635 1073 3728 1126 ἐπὶ
3773 1071 3994 1139 ματαίῳ

2400 1170 2742 1241 παράστημα
2791 1173 3042 1239 γενναῖον
3090 1166 3359 1232 ἐπιδεῖξαι
3394 1167 3594 1238 ψυχῆς,
3627 1167 3808 1234 ἄωρον
3853 1164 3996 1214 ὑπο-

2399 1266 2529 1333 στῇς
2557 1261 2699 1315 οὓτω
2727 1262 2824 1315 καὶ
2861 1262 3170 1332 βιαιότατον
3203 1262 3451 1315 θάνατον.

2468 1354 2598 1409 KB'.
2635 1356 2779 1426 Πρὸς
2804 1353 2979 1410 ταῦτα
3001 1354 3366 1424 ὁ,θαυμαστὸς
3385 1353 3642 1423 Κλήμης,
3671 1351 3782 1402 τῶν
3813 1351 3995 1404 ἄλλων

2396 1448 2605 1502 ἐκείνου
2639 1450 2827 1521 λήρων
2875 1449 3008 1519 μηδὲ
3059 1450 3218 1516 ὀλίγα
3264 1446 3581 1515 φροντίσας,
3641 1444 3799 1498 τοῦτο
3853 1445 3994 1512 πρὶς

2395 1540 2562 1594 αὑτὸν
2594 1542 2932 1611 ἀπεκρίνατο
2959 1542 3140 1612 μόνον,
3175 1539 3249 1602 ὡς
3284 1540 3347 1592 Ὀ
3386 1537 3536 1608 παρὰ
3571 1537 3665 1590 σοῦ
3705 1555 3795 1606 μοι
3827 1536 3994 1590 θάνα-

2395 1652 2508 1698 τος,
2552 1629 2598 1688 ὦ
2643 1633 2903 1700 δικαστά,
2943 1636 3036 1687 καὶ
3084 1635 3162 1704 τῷ
3222 1633 3437 1702 σώματι
3496 1631 3837 1701 ἀφθαρσίαν,
3897 1633 3996 1682 καὶ

2395 1727 2696 1780 ἀθανασίαν
2743 1727 2843 1797 τῆς
2888 1727 3067 1798 ψυχῆς
3116 1725 3540 1797 κατεργάζεται.
3603 1725 3714 1778 Καὶ
3758 1729 3786 1776 ὁ
3830 1723 3996 1792 βικά-

2401 1836 2535 1888 ριος,
2573 1821 2686 1873 Καὶ
2715 1819 2897 1882 τοῦτο,
2956 1820 3111 1888 φησι,
3152 1820 3250 1886 τῆς
3289 1817 3560 1887 ὑμετέρας
3599 1817 3815 1878 πάντως
3871 1835 3992 1882 μω-

707 1919 879 1970 u~que
906 1905 1040 1957 adeo
1064 1906 1316 1975 ignorare
1339 1917 1391 1962 et
1423 1909 1719 1978 negligere,
1750 1921 1807 1963 ut
1831 1920 1882 1965 et
1912 1912 2122 1965 dulcem
2152 1914 2292 1967 hanc

2401 1913 2541 1980 ρίας,
2571 1914 2633 1964 τὸ
2670 1912 3012 1982 καὶάμαθῶς
3043 1912 3187 1981 ἔχειν
3222 1913 3314 1964 καὶ
3357 1911 3638 1978 ὀλιγώρως
3669 1911 3994 1964 παντάπασι

708 1998 906 2058 Ιιιινιοιιι,
937 1999 1336 2068 heniguttmqne
1361 2012 1414 2054 ct
1452 2003 1628 2055 Itelum
1667 2004 1793 2057 illttd
1830 2015 2062 2067 astrum,
2101 2024 2294 2076 nempe

708 2090 898 2151 Solem,
935 2107 1052 2158 qttte
1086 2093 1151 2143 ad
1178 2092 1278 2144 frui
1303 2092 1466 2146 ttdtlnt
1493 2105 1545 2145 t-l
1579 2110 1677 2148 nos
1703 2097 2052 2150 oblectandos
2081 2099 2153 2150 dii
2199 2115 2296 2150 tto-

706 2182 789 2233 liis
823 2196 1236 2247 ronccsscrnut,
1267 2203 1362 2255 spe
1407 2186 1640 2255 alicujus
1670 2189 1892 2244 alterius
1923 2190 2142 2243 ittccrttn
2176 2191 2296 2243 vita:

708 2273 992 2328 amittatis.
1042 2273 1255 2330 Etenim
1313 2279 1354 2329 si
1409 2294 1595 2331 rursus
1639 2280 1690 2331 in
1732 2282 1921 2332 eadem
1973 2298 2294 2350 permaneas

709 2367 1104 2429 inoltcdictttia,
1163 2373 1442 2438 acci'peris
1485 2373 1702 2440 quidem
1736 2375 1970 2442 aliquant
2013 2377 2231 2430 brevem
2264 2392 2292 2429 ιι

707 2462 993 2514 tormentis
1023 2462 1364 2528 dilationem,
1397 2480 1464 2517 ne
1497 2475 1603 2518 tam
1644 2467 2056 2520 vehementibus
2083 2469 2292 2537 suppli-

708 2553 807 2603 riis
851 2554 942 2605 tibi
987 2569 1187 2621 corpus
1225 2557 1589 2622 defatigetur;
1627 2559 1721 2611 sed
1756 2559 1868 2612 haec
1901 2561 2150 2613 remissio
2190 2561 2295 2615 erit

708 2641 803 2692 tibi
836 2643 993 2709 paulo
1026 2656 1142 2711 post
1167 2661 1334 2700 causa
1370 2648 1632 2716 majorum
1668 2650 1970 2716 malorum;
1999 2661 2052 2705 et
2083 2667 2202 2705 cum
2241 2663 2293 2705 te

709 2749 878 2800 parvo
918 2747 1160 2804 tempere
1195 2739 1507 2806 collegeris,
1551 2742 1758 2810 magnis
1803 2759 1990 2798 rursus
2023 2755 2076 2798 et
2128 2746 2292 2799 variis

712 2828 942 2880 traderis
1002 2831 1284 2894 suppliciis
1345 2850 1358 2884 :
1413 2848 1682 2900 quorum,
1743 2845 1800 2888 ut
1865 2837 1994 2888 mihi
2057 2838 2289 2903 videtur,

709 2919 888 2970 anima
919 2935 1133 2988 quoque
1159 2938 1187 2975 e
1232 2938 1459 2990 corpore
1493 2927 1786 2989 excedens,
1817 2943 2037 2983 sensum
2077 2929 2296 2985 habebit

708 3012 1058 3065 acerrimum.
1101 3013 1305 3084 Martyr
1363 3026 1542 3070 autem
1607 3036 1620 3072 :
1663 3020 1830 3082 Solis,
1869 3021 2066 3089 inquit,
2109 3023 2292 3087 minis,

710 3112 767 3154 ut
801 3103 1036 3166 videtur,
1068 3115 1121 3160 et
1150 3108 1310 3162 nudis
1349 3110 1526 3162 verbis
1558 3111 1828 3180 polliceris
1859 3116 1990 3166 mihi
2025 3125 2073 3168 te
2108 3115 2295 3184 imple-

2401 2005 2492 2056 τοῦ
2524 2005 2712 2070 καλοῦ,
2743 2005 2818 2068 ὼς
2853 2006 2944 2058 καὶ
2971 2007 3030 2058 τὸ
3057 2005 3228 2072 γλυκὺ
3254 2003 3412 2057 τοῦτο
3444 2005 3558 2071 φῶς
3592 2003 3683 2056 καὶ
3716 2003 3993 2070 προσηνὲς

2399 2100 2492 2148 καὶ
2526 2099 2750 2168 φαιδρὸν
2790 2097 2991 2168 ἄστρον
3025 2100 3202 2150 ἐκεῖνο
3233 2097 3324 2150 τὸν
3359 2096 3531 2165 ἣλιον,
3566 2096 3709 2165 ἅπερ
3745 2097 3824 2157 εἰς
3854 2096 3992 2146 ἀπό-

2400 2186 2592 2237 λαυσιν
2627 2188 2722 2239 καὶ
2757 2187 2951 2257 τέρψιν
2998 2187 3327 2256 ἐχαρίσαντο
3371 2188 3504 2256 ἡμῖν
3545 2187 3592 2237 οἱ
3651 2185 3785 2246 θεοὶ,
3816 2184 3993 2236 ἐλπίδι

2398 2277 2542 2339 τινὸς
2585 2279 2776 2348 ἑτέρας
2817 2279 3014 2348 ἀδήλου
3062 2278 3206 2347 ζωῆς
3246 2278 3482 2346 ἑτοίμως
3539 2275 3850 2347 προΐεσθαι,
3879 2277 3992 2328 Καὶ

2401 2371 2504 2441 γάρ
2535 2373 2582 2423 εί
2611 2374 2676 2442 τῇ
2711 2373 2848 2440 αὐτῇ
2896 2374 2990 2424 καὶ
3025 2372 3188 2425 πάλιν
3233 2372 3514 2441 ὲπιμὲνοις
3543 2372 3818 2441 ἀπειθείᾳ,
3858 2369 3992 2439 βραο

2399 2467 2553 2532 χεῖαν
2604 2465 2706 2534 μέν
2740 2483 2862 2516 τινα
2901 2461 3087 2527 λάϐοις
3125 2465 3192 2518 ἂν
3225 2464 3333 2518 τῶν
3386 2463 3633 2534 βασάνων
3674 2464 3988 2530 ἀνακωχὴ-ι,

2402 2555 2550 2617 ὅπως
2589 2554 2665 2624 μὴ
2701 2555 3060 2626 ἀπαγορεύσῃ
3099 2572 3191 2607 σου
3228 2555 3289 2606 τὸ
3342 2556 3502 2625 σῶμα
3552 2557 3669 2617 ταῖς
3716 2554 3992 2612 συντόνοις

2399 2647 2706 2706 κολάσεσιν,
2745 2648 2861 2700 ἀλλ’
2911 2647 3190 2718 ἡτοιαύτη
3233 2647 3386 2701 ἄδεια
3422 2648 3690 2717 μειζόνων
3722 2663 3805 2697 σοι
3847 2647 3996 2697 αἰτία

2402 2740 2588 2794 κακῶν
2621 2741 2744 2794 ὅσον
2786 2739 2941 2792 οὕπω
2983 2743 3297 2810 γενήσεται,
3335 2743 3428 2794 καὶ
3467 2742 3664 2810 μικρόν
3703 2757 3827 2790 τινα
3869 2739 3994 2806 χρό-

2401 2852 2488 2886 νον
2519 2833 2806 2886 ἀναλαϐὼν
2849 2835 3063 2898 ἑαυτὸν,
3101 2835 3364 2904 μεγάλαις
3397 2829 3553 2895 αὖθις
3595 2834 3691 2884 καὶ
3725 2831 3993 2899 πολυτρό-

2399 2945 2520 2990 ποις
2553 2927 2820 2996 ἐκδοθήσῃ
2867 2931 2985 2991 ταῖς
3033 2929 3354 2998 τιμωρίαις.
3391 2923 3488 2989 ῶν,
3541 2926 3665 2991 ἐμοὶ
3715 2925 3924 2987 δοκεῖν,
3960 2927 3992 2992 ἡ

2398 3021 2546 3090 ψυχὴ
2581 3023 2674 3075 καὶ
2714 3021 2810 3073 τοῦ
2841 3023 3094 3090 σώματος
3130 3021 3470 3090 ἐκδημοῦσα,
3507 3019 3706 3088 πολλὴν
3748 3019 3864 3082 ’ἐξει
3898 3021 3994 3087 τὴν

2397 3111 2672 3181 αἴσθησιν.
2719 3115 2878 3167 Καὶὸ
2915 3115 3144 3184 μάρτυς⁸
3187 3114 3436 3183 Ἀπειλῇ,
3472 3116 3656 3182 φησὶν,
3701 3113 3778 3174 ὡς
3826 3113 3989 3190 ἔοικε.

714 3204 892 3248 turum
931 3214 1014 3262 ea,
1051 3215 1172 3267 quae
1201 3201 1472 3256 desidero.
1509 3203 1776 3258 Caeterum
1822 3221 1942 3259 cum
1975 3208 2116 3260 scias
2146 3223 2290 3276 quze-

2401 3205 2540 3277 μόνῃ
2574 3204 2669 3259 καὶ
2698 3205 2840 3275 ψιλῷ
2895 3207 3106 3275 ῥήματι
3145 3205 3389 3274 πληροῦν
3418 3206 3730 3275 ἐπαγγέλλῃ
3781 3222 3873 3274 μοι
3930 3207 3992 3256 τὰ

708 3298 832 3337 nam
866 3286 936 3339 sit
977 3290 1109 3342 mihi
1163 3294 1424 3344 sententia
1452 3331 1467 3355 ,
1522 3293 1631 3346 noli
1679 3310 1850 3363 usque
1901 3297 1966 3349 ad
2007 3299 2167 3351 verba
2208 3315 2296 3352 so-

707 3377 818 3431 lum
866 3380 1095 3444 sistere,
1136 3385 1230 3436 sed
1275 3385 1370 3438 tibi
1418 3387 1483 3440 ad
1514 3403 1646 3454 opus
1679 3389 2044 3454 perducantur
2074 3393 2291 3456 Omnia,

713 3481 768 3524 et
804 3487 830 3522 a
863 3473 1006 3524 nulla
1041 3487 1098 3527 re
1127 3475 1405 3531 abstineas
1429 3518 1444 3543 ,
1476 3494 1597 3547 quae
1627 3480 1701 3534 sit
1731 3495 1926 3550 aspera
1960 3496 2012 3536 et
2043 3482 2292 3538 diIIicilis.

780 3653 969 3708 XXIII.
1013 3655 1166 3710 Tunc
1196 3657 1341 3712 ferus
1369 3660 1460 3714 ille
1489 3669 1542 3714 et
1570 3661 1794 3716 immitis
1826 3665 1893 3716 ab
1925 3665 2001 3716 ira
2036 3677 2294 3721 consueta

709 3747 995 3816 abripitur,
1044 3758 1097 3802 et
1153 3767 1273 3803 cum
1331 3753 1607 3807 dixisset:
1665 3754 1828 3809 Plane
1895 3758 2293 3813 contentiosnm

710 3837 908 3890 animal
940 3850 1019 3893 est
1064 3842 1224 3895 homo
1261 3843 1383 3905 iste,
1437 3859 1600 3912 genas
1649 3856 1702 3899 et
1737 3860 1798 3901 os
1827 3844 1979 3911 jubet
2013 3848 2062 3900 ei
2102 3852 2296 3904 verbe-

710 3932 840 3982 rari.
879 3930 1010 3984 Nam
1035 3934 1314 4000 quoniam,
1354 3936 1549 4004 inquit,
1579 3938 1692 3993 h.ec
1729 3939 1845 3992 sola
1899 3955 2025 4007 pars
2048 3944 2296 4009 corporis

711 4024 972 4076 remansit
995 4025 1217 4079 minime
1247 4026 1436 4082 alfccta
1468 4030 1753 4098 supplicio,
1787 4031 1996 4086 dicendi
2029 4035 2196 4088 utitur
2228 4036 2295 4088 Ii-

710 4113 941 4170 bertate.
990 4118 1230 4173 Patiatur
1272 4136 1400 4191 ergo
1452 4124 1566 4177 haec
1603 4139 1820 4193 quoque
1853 4126 2103 4182 similiter
2133 4139 2297 4200 atque

710 4207 829 4261 alia:
869 4221 1052 4276 partes
1099 4214 1366 4278 corporis.
1409 4214 1714 4284 Statimque
1754 4235 1816 4273 ex
1869 4221 2168 4286 lictoribus,
2204 4225 2295 4294 qui

711 4312 868 4354 erant
899 4303 1111 4369 quidem
1159 4304 1318 4372 paulo
1356 4305 1730 4373 humaniores,
1781 4311 1870 4365 alii
1920 4313 2135 4382 quidem
2169 4329 2293 4370 eum

713 4391 841 4444 solis
870 4394 1118 4446 manibus
1154 4398 1542 4464 verberabant,
1579 4401 1669 4452 alii
1721 4413 1899 4456 autem
1935 4407 2097 4459 etiam
2129 4409 2294 4461 susti-

713 4484 934 4548 nebant,
966 4495 1021 4537 ttt
1054 4487 1142 4553 qui
1181 4488 1598 4546 laceratiouibus
1635 4493 1747 4561 jam
1795 4505 1940 4550 esset
1978 4498 2290 4565 dissolutus,

2401 3297 2734 3368 ποθούμενα.
2781 3299 2928 3368 Πλὴν
2973 3299 3111 3352 ἀλλὰ
3152 3300 3316 3354 ὁποῖά
3365 3317 3454 3368 μοι
3507 3301 3572 3351 τά
3621 3299 3722 3367 τῆς
3764 3298 3994 3366 γνώμης

2398 3389 2576 3453 εἰδὼς,
2631 3390 2706 3460 μὴ
2765 3391 2930 3461 μέχρι
2992 3393 3257 3461 ῥημάτων
3323 3391 3677 3460 ίσασόμενον,
3742 3390 3861 3442 ἀλλ’
3917 3394 3994 3451 εἰς

2397 3481 2560 3552 ἔργον
2607 3485 2936 3552 προαγέσθω
2987 3503 3070 3539 σοι
3121 3485 3320 3549 πάντα,
3363 3486 3458 3538 καὶ
3497 3483 3727 3554 μηδενὸς
3781 3483 3989 3552 ἀπέχου

2397 3574 2507 3627 τῶν
2539 3576 2815 3645 χαλεπῶν.

2473 3669 2599 3726 Kl".
2651 3670 2918 3725 Ἑνταῦοα
2971 3672 3065 3725 τοῦ
3123 3672 3388 3739 συνήθους
3447 3670 3609 3723 πάλιν
3657 3674 3683 3724 ὁ
3715 3671 3992 3740 θηριώδης

2398 3765 2605 3826 ἐκεῖνος
2624 3764 2716 3816 καί
2741 3763 2954 3832 ἀπηνὴς
2981 3761 3154 3831 θυμοῦ
3178 3764 3384 3830 γίνεται
3409 3764 3521 3823 καὶ,
3543 3763 3633 3815 Mi
3656 3763 3785 3824 τους
3809 3761 3991 3823 θεοὺς,

2403 3857 2707 3924 φιλόνεικον
2754 3855 2893 3919 ζῶον
2932 3855 2960 3907 ὁ
2991 3855 3278 3924 ἄνθρωπος
3321 3848 3499 3918 οὗτος,
3549 3853 3742 3919 εἰπὼν,
3788 3855 3995 3906 τύπτε-

2401 3949 2528 4002 σθαι
2559 3948 2720 4000 αὑτὸν
2762 3946 2974 3999 κελεύει
3005 3947 3148 3999 κατά
3181 3947 3288 3998 τῶν
3323 3946 3566 4016 παρειῶν
3606 3946 3700 3998 καὶ
3740 3945 3834 3998 τοῦ
3869 3947 3995 3997 στό·

2403 4057 2593 4109 ματος.
2625 4038 2748 4089 Ὅτι
2784 4037 2913 4106 γάρ,
2965 4036 3153 4106 φησὶν,
3188 4036 3539 4105 ἀτιμώρητον
3579 4034 3726 4103 αύτῷ
3757 4034 3850 4088 τοῦ
3883 4034 3995 4086 σώ-

2403 4147 2572 4201 ματος
2619 4129 2780 4182 τοῦτο
2851 4127 3182 4196 κατελείφθη
3241 4127 3427 4197 μόνον,
3499 4127 3991 4196 παρρησιάζεται·

2401 4222 2664 4291 πασχέτω
2715 4219 2808 4276 οὖν
2859 4223 2954 4274 καὶ
2997 4221 3129 4274 αὐτὸ
3175 4220 3252 4291 τῷ
3302 4218 3474 4289 λοιπῷ
3536 4219 3752 4288 σώματι
3808 4236 3997 4288 παρα-

2399 4316 2627 4382 πλήσια.
2663 4317 2774 4368 Καὶ
2796 4315 2995 4366 αὐτίκα
3025 4313 3136 4366 τῶν
3168 4313 3381 4382 δημίων
3425 4313 3550 4364 ὅσον
3583 4311 3645 4380 δὴ
3673 4311 3767 4362 καὶ
3798 4310 3997 4377 φιλαν-

2401 4407 2750 4479 θρωπότερον
2781 4401 2870 4476 ἦν,
2894 4408 2942 4457 οἱ
2981 4406 3081 4474 μὲν
3111 4407 3233 4467 ταῖς
3277 4405 3466 4473 χερσὶν
3507 4404 3738 4455 ἔτυπτον
3774 4405 3994 4472 μόναις,

2401 4502 2450 4552 οἱ
2476 4500 2533 4552 δὲ
2568 4499 2662 4551 καὶ
2691 4499 2906 4567 ἀνεῖχον
2941 4495 3307 4565 ἐκλελυμένον
3350 4494 3455 4547 ὑπὸ
3489 4495 3598 4547 τῶν
3639 4493 3856 4562 ξεσμῶν
3890 4495 3993 4562 ἥδη

712 4585 764 4625 et
797 4577 861 4626 ad
896 4585 1091 4628 terram
1125 4579 1392 4635 dillltteret
1435 4600 1448 4634 :
1488 4594 1752 4654 quotquot
1799 4603 1928 4641 vero
1976 4591 2292 4645 audaciores

2399 4591 2656 4658 καὶπρὸς
2688 4590 2792 4658 γῆν
2837 4588 3210 4658 καταρρέοντα
3233 4604 3246 4617 ο
3283 4589 3397 4639 ὅσοι
3440 4586 3495 4638 δὲ
3527 4585 3855 4654 θρασύτεροι
3903 4590 3999 4637 καὶ

711 4677 866 4716 erant
911 4673 963 4717 ct
989 4669 1350 4733 crudeliores,
1384 4670 1652 4741 lapidibus
1685 4691 1898 4746 quoque
1929 4679 1979 4730 in
2015 4695 2136 4732 eum
2180 4694 2296 4736 ute-

711 4756 931 4824 btntttr,
959 4769 1010 4812 et
1034 4761 1098 4812 iis
1126 4761 1253 4814 illud
1285 4765 1577 4819 veridicum
1608 4770 1862 4838 martyris
1891 4786 1952 4825 os
1985 4765 2290 4840 pulsabant.

711 4848 916 4919 Martyr
963 4865 1164 4917 autem,
1212 4855 1420 4927 Magno,
1455 4859 1650 4928 inquit,
1683 4878 1768 4916 me
1802 4865 2003 4918 honore
2036 4866 2288 4932 all'ecisti,

711 4957 744 4994 ο
795 4952 1054 5012 tyranne,
1120 4962 1338 5015 magno,
1377 4949 1618 5018 inquam,
1652 4953 1877 5008 all‘ecisti
1924 4957 2147 5021 honore,
2183 4977 2288 5012 tton

712 5037 996 5103 Supplicio.
1048 5037 1330 5102 Quomodo
1359 5041 1501 5095 enim
1550 5059 1655 5097 non
1688 5055 1772 5100 est
1800 5045 1973 5100 honor
2000 5063 2180 5114 servo,
2210 5051 2290 5105 di-

709 5142 873 5194 gnum
909 5129 1115 5194 haberi,
1147 5131 1238 5199 qui
1269 5133 1456 5186 eadem
1488 5139 1823 5206 perpetiatur
1851 5155 1969 5206 qua:
2007 5139 2288 5206 Dominus,

709 5231 760 5271 et
795 5220 952 5287 pritni
1007 5221 1081 5274 illi
1117 5224 1392 5290 passionis
1434 5228 1566 5280 socii
1602 5239 1654 5282 et
1696 5231 2003 5300 martyres?
2040 5233 2292 5302 Colapbis

708 5326 923 5382 quoque
953 5327 1125 5369 caasus
1175 5327 1258 5372 est
1297 5319 1478 5374 vultus
1527 5322 1627 5373 mei
1665 5323 1897 5388 Domini,
1933 5335 1986 5378 et
2025 5326 2293 5392 lapidibus

710 5401 810 5455 fuit
844 5405 1200 5473 interemptus
1231 5407 1560 5479 Stephanus.
1587 5415 1709 5470 Ilaec
1739 5432 1952 5486 quoque
1986 5419 2116 5471 mihi
2148 5435 2290 5472 nune

712 5511 964 5565 magnum
991 5499 1158 5556 decus
1188 5512 1240 5556 et
1271 5515 1646 5560 ornamentum
1678 5507 1929 5561 alferunt.
1966 5509 2130 5563 Levat
2162 5511 2292 5563 mihi

711 5588 952 5643 laborem
999 5595 1261 5660 passionis
1307 5598 1568 5666 imitatio;
1599 5603 1753 5656 sedat
1779 5602 1906 5655 inihi
1933 5603 2193 5667 dolorem,
2225 5604 2290 5657 iis

715 5682 803 5747 qui
826 5693 952 5736 sunt
976 5701 1058 5738 me
1081 5690 1506 5755 prtestantiores,
1530 5693 1578 5745 itt
1607 5693 1810 5748 honore
1837 5696 2134 5763 aequalitas.
2168 5694 2292 5750 IItec

715 5771 948 5836 dicebat,
977 5790 1028 5829 ct
1060 5778 1125 5832 ad
1153 5796 1307 5834 suum
1335 5783 1724 5851 Agonothetam
1756 5786 2066 5854 frequenter
2099 5788 2290 5843 tollens

712 5866 919 5931 oi.ulo~,
954 5871 1252 5928 \eltcmcuti
1286 5877 1460 5930 studio
1498 5879 1682 5948 agebat
1709 5880 1926 5951 gratias.

2403 4683 2701 4751 ὠμότεροι,
2735 4683 2835 4734 καὶ
2871 4680 3039 4742 λίθοις
3071 4679 3315 4749 ἐχρῶντο
3352 4678 3472 4730 κατ’
3511 4677 3698 4740 αὐτοῦ,
3741 4677 3836 4727 καὶ
3868 4677 3998 4728 τού·

2402 4790 2517 4834 τοις
2579 4772 2639 4823 τὸ
2692 4771 3029 4840 μαρτυρικδν
3085 4771 3263 4820 ἐκεῖνο
3321 4769 3496 4838 στόμα
3542 4768 3636 4819 καὶ
3694 4767 3998 4835 φιλάληθες

2403 4863 2615 4916 ἔπαιον.
2659 4863 2716 4915 Ὀ
2737 4862 2791 4914 δὲ
2830 4862 3041 4931 μάρτυς
3063 4901 3076 4924 ,
3115 4860 3414 4928 Ἐτίμησάς
3439 4874 3527 4928 με,
3561 4858 3812 4927 τύραννε,
3859 4861 3999 4926 μᾶλ-

2397 4956 2506 5018 λον,
2539 4955 2743 5021 ἔλεγεν,
2797 4954 3090 5024 ἐτίμησας,
3135 4953 3238 5006 οὐκ
3279 4952 3566 5013 ὲκύλασας.
3608 4950 3734 5013 Πῶς
3772 4952 3886 5020 γὰρ
3933 4952 3996 5005 ού

2397 5047 2568 5117 δούλῳ
2597 5046 2734 5117 τιμὴ
2756 5045 2866 5099 τῶν
2889 5045 3070 5100 αὐτῶν
3101 5044 3177 5112 τῷ
3198 5045 3443 5114 Δεσπότῃ
3476 5044 3569 5095 καὶ
3601 5044 3712 5104 τοῖς
3751 5046 4000 5112 πρώτοις

2398 5140 2593 5208 ἐκείνῳ
2629 5140 2906 5201 κοινωνοῖς
2937 5136 3030 5190 τοῦ
3064 5136 3272 5198 πάθους
3316 5133 3603 5198 ἀξιοῦσθαι
3648 5135 3744 5187 καὶ
3781 5136 4001 5206 μάρτυς

2401 5248 2522 5295 σιν;
2571 5230 2912 5302 Ἐρῤαπίσθη
2947 5246 3046 5299 μου
3075 5227 3217 5281 καὶὸ
3258 5228 3535 5295 Δεσπότης
3580 5227 3637 5279 τὺ
3672 5229 3996 5296 πρόσωπον,

2399 5325 2567 5386 λίθοις
2615 5323 2857 5395 ἀνῃρέθη
2910 5323 3003 5376 καὶ
3046 5321 3355 5390 Στέφανος,
3400 5320 3615 5382 τούτοις
3671 5320 3828 5388 κάγὼ
3901 5320 3997 5373 νῦν

2401 5417 2658 5478 ἐπιεικῶς
2712 5416 3146 5485 καλλωπίζομαι.
3189 5414 3452 5482 Κουφίζει
3485 5431 3587 5484 μου
3631 5414 3724 5465 τὸν
3761 5415 3933 5467 πόνον
3963 5418 3995 5481 ἡ

2403 5510 2634 5580 μίμησις
2665 5508 2757 5561 τοῦ
2798 5509 3022 5571 πάθους,
3064 5506 3305 5575 κοιμίζει
3345 5524 3434 5575 μοι
3468 5505 3566 5576 τὴν
3595 5506 3790 5575 ὀδύνην
3818 5510 3852 5576 ἡ
3885 5508 3996 5560 τῶι

2403 5603 2728 5672 κρειττόνων
2777 5601 3065 5670 ἐπιθυμία.
3108 5598 3295 5652 Ταῦτα
3347 5598 3522 5667 ἔλεγε,
3561 5601 3654 5652 καὶ
3711 5603 3850 5668 πρὸς
3906 5603 3994 5651 τοι.

2400 5699 2596 5750 οἰκεῖον
2613 5697 2979 5767 ’Λγωνοθέτην
3004 5694 3153 5765 θαμά
3179 5694 3302 5757 τοῦς
3326 5693 3638 5762 ὀρθαὶμοὶις
3665 5695 3942 5748 iunium

2408 5791 2813 5860 συντομώτερον
2852 5790 3024 5860 εἴχετο
3057 5790 3150 5859 τῆς
3185 5787 3558 5858 air/aptatia;
