4154 6490
185 415 292 477 833

1220 420 1393 481 VITA
1431 418 1488 479 S.
1532 418 1967 480 CLEMENTIS
2011 419 2416 481 ANCYRANI.

3346 435 3451 500 834

251 536 383 588 KA'.
439 538 764 606 Δομετιανὸς
809 538 865 590 δὲ
908 542 1014 600 τοῖς
1053 540 1196 602 ὅλοις
1236 542 1650 610 ἀπαγορεύσας,
1697 556 1724 593 τ

1826 568 1839 599 ,
1896 598 1903 605 ,
1944 537 2134 592 XXIV.
2181 537 2518 593 Domitianus
2558 551 2736 596 autem
2780 556 2901 597 cum
2952 546 3172 599 omnino
3213 551 3450 607 animmn

177 627 397 696 ιρυλακῇ
433 628 571 690 τέως
622 629 786 680 αὑτὸν
825 629 1228 699 παραπέμπει,
1266 632 1512 699 οἰόμενος
1551 631 1605 683 δὲ
1651 632 1756 703 ἄρα

171 717 247 780 ὡς
284 718 388 769 οὐκ
421 717 487 770 ἂν
531 718 748 772 δύναιτο
802 722 914 782 τοῖς
945 737 1007 788 γε
1038 722 1165 773 ποσὶ
1210 721 1443 792 χρῆσθαι
1489 721 1623 791 πρὸς
1660 722 1759 793 τὴν

176 812 432 880 πορείαν,
461 807 548 863 οἷα
578 812 673 863 τοῦ
727 812 982 882 σώματος
1012 813 1161 883 αὐτῷ
1191 817 1314 877 ταῖς
1354 813 1757 884 προλαὸούσαις

171 905 471 973 τιμωρίαις
512 907 922 975 πεπονηκότος,
960 907 1301 976 ἑκατέρωθεν
1344 908 1506 961 αὐτὸν
1544 906 1754 961 κελεύει

168 996 677 1062 διαϐαστάςεσθαιο
725 999 839 1053 ἀλλ’
877 1002 904 1053 ὁ
954 1000 1337 1071 ὑποστηρίζων
1394 1000 1598 1065 πάντας
1661 1000 1754 1054 καὶ

169 1093 417 1161 ἀνορθῶν
468 1094 590 1153 τοὺς
649 1093 1139 1163 κατερραγμένους
1171 1132 1183 1153 ,
1216 1093 1316 1145 οὐκ
1364 1094 1513 1148 εἴασε
1570 1094 1751 1163 χειρὸς

168 1184 331 1237 αὑτὸν
387 1185 646 1255 δεηθῆναι
706 1184 1115 1255 θεραπευούσης
1168 1186 1227 1237 τὸ
1293 1186 1559 1255 βάδισμα,
1613 1187 1748 1239 ἀλλὰ

166 1275 291 1335 τοῦς
338 1275 667 1342 προσιόντας
711 1275 1105 1344 ἀπωθούμενος
1142 1276 1248 1327 τῶν
1314 1277 1583 1346 Ἐλλήνων
1621 1280 1747 1347 ἡρέ-

168 1384 243 1433 μα
292 1365 350 1418 δὲ
404 1369 628 1419 κάκεῖνο
660 1368 964 1437 ὑποψωνῶν
995 1386 1007 1398 ·
1042 1397 1113 1409 --
1154 1369 1369 1420 Ἔλαιον
1402 1371 1745 1440 ἁμαρτωλῶν

167 1456 240 1527 μὴ
287 1457 573 1511 λιπανάτω
602 1460 699 1529 τὴν
747 1460 988 1531 κεφαλήν
1030 1480 1154 1531 μου,
1186 1493 1254 1501 -
1276 1465 1456 1526 αὐτοῖς
1493 1467 1615 1517 ποσὶ
1644 1467 1741 1536 τὴν

162 1548 280 1600 ὁδὸν
314 1552 535 1619 ἐκείνην
584 1552 745 1615 αὐτὸς
797 1554 977 1624 ῆνυεν.
1014 1548 1082 1624 ᾯ
1133 1555 1197 1626 δὴ
1251 1558 1341 1609 καὶ
1390 1555 1561 1621 οὕτως
1608 1560 1737 1610 άπι-

161 1642 289 1693 όντα
354 1642 613 1713 προσχὼν
652 1646 679 1697 6
737 1643 984 1717 βικάριος
1036 1648 1392 1719 ὑπερηγάσθη
1444 1650 1541 1719 τῆς
1604 1668 1738 1721 καρ-

157 1732 388 1801 τερίας,
437 1736 533 1789 καὶ
588 1737 725 1806 πρὸς
776 1740 901 1802 τοὺς
956 1742 1315 1810 παρεστῶτας
1344 1745 1732 1814 ἐπιστραφεὶς,

158 1824 331 1880 Βαϐαὶ
368 1828 467 1898 τῆς
493 1830 794 1902 ὑπομονῆς,
830 1832 931 1902 ἔφη
958 1850 971 1865 ⁸
1008 1836 1266 1890 τοιούτων
1320 1839 1427 1908 ἄρα
1475 1857 1738 1910 στρατιω-

158 1919 261 1970 τῶν
293 1918 405 1973 ἔδει
451 1925 564 1985 τοῖς
606 1925 1059 1996 αὐτοκράτορσιν,
1094 1929 1169 1991 ὼς
1223 1924 1362 1984 εἶναι
1403 1933 1645 1986 κινδύνου
1678 1952 1733 1987 τε

156 2012 359 2075 παντὸς
402 2016 740 2087 ἀνωτέρους,
783 2020 877 2071 καὶ
917 2019 1237 2089 τηλικοῦτον
1281 2025 1341 2076 ἐν
1386 2027 1498 2088 τοῖς
1541 2027 1735 2088 δεινοῖς

156 2105 321 2174 φροντι,
332 2124 415 2175 μα
443 2107 831 2174 διασώζοντας.
854 2112 1001 2184 Πλὴν
1026 2114 1160 2166 ἀλλὰ
1189 2117 1309 2186 οὐχὶ
1345 2120 1438 2171 καὶ
1463 2120 1522 2172 τὸ
1548 2120 1733 2174 λοιπὸν

153 2193 300 2261 οὗτος
337 2200 421 2269 τῷ
460 2200 579 2272 ἐμῷ
627 2205 1041 2275 παραστήσεται
1068 2208 1297 2279 βήματι·
1341 2212 1478 2279 πρὸς
1507 2212 1729 2281 βασιλέα

152 2291 202 2343 δὲ
242 2292 414 2344 αὐτὸν
469 2294 753 2349 ἀποστελῶ
806 2298 1208 2369 Διοκλητιανὸν,
1263 2303 1469 2369 ἐκεῖνος
1510 2307 1617 2379 γάρ
1664 2309 1730 2363 ἂν

152 2381 310 2435 αὑτοῦ
345 2386 692 2455 περιγένοιτο
722 2388 902 2457 μόνος.

211 2474 343 2531 κε’.
388 2474 522 2530 Εἷπε
570 2480 664 2532 καὶ
712 2484 1036 2553 γράμμασιν
1074 2488 1274 2553 εὐθέως
1301 2508 1358 2543 τε
1400 2491 1519 2546 κατ’
1562 2494 1724 2547 αὑτὸν

150 2570 287 2632 ὅπως
320 2566 441 2639 εἶχε
480 2573 843 2643 διασημάνας,
877 2578 1107 2647 ἄγεσθαι
1139 2584 1238 2651 τὴν
1278 2585 1368 2636 ἐπὶ
1400 2584 1616 2656 Ῥώμην
1649 2587 1723 2649 ὼς

148 2661 299 2731 τάχος
329 2664 578 2720 ἐκέλευε.
618 2667 911 2738 Γενόμενος
951 2674 1129 2727 τοίνυν
1170 2674 1276 2740 ἔξω
1304 2677 1403 2747 τῆς
1450 2680 1654 2742 πόλεως
1696 2685 1730 2733 6

154 2758 383 2827 μάρτυς,
421 2761 518 2822 τὰς
550 2764 737 2831 χεῖρας
772 2766 907 2832 μετὰ
940 2769 1039 2836 τῆς
1085 2770 1311 2839 καρδίας
1348 2773 1428 2835 εἰς
1457 2774 1721 2842 οὐρανοὺς

149 2851 417 2921 ἀνασχὼν,
463 2854 632 2925 Κύριε
660 2861 686 2908 6
717 2858 870 2923 Θεὸς,
914 2860 1114 2926 ἔλεγεν,
1152 2866 1179 2914 6
1220 2865 1386 2917 ποιῶν
1422 2868 1594 2919 πάντα
1629 2868 1720 2920 καὶ

150 2949 671 3019 πραγματευόμενος
714 2953 853 3021 ὑπὲρ
904 2958 1103 3019 παντὸς
1150 2958 1245 3009 τοῦ
1283 2958 1391 3011 τῶν
1419 2961 1718 3031 ἀνθρώπων

146 3041 347 3105 γένους,
376 3045 472 3096 καὶ
499 3045 696 3107 πολλὰς
730 3048 857 3115 ἡμῖν
882 3049 1092 3117 τέμνων
1118 3051 1215 3120 τῆς
1246 3056 1517 3124 σωτηρίας
1544 3058 1714 3121 ὀδοὺς,

148 3134 295 3195 αὐτὸς
343 3139 442 3187 καὶ
489 3137 587 3205 τὴν
640 3140 791 3191 πόλιν
838 3154 930 3193 σου
966 3144 1187 3214 ταύτην,
1236 3149 1328 3200 καὶ
1379 3150 1473 3211 τὰς
1506 3150 1611 3202 τῶν
1657 3153 1715 3202 ἐν

1861 630 2254 697 despondisset,
2289 646 2411 684 eum
2451 647 2637 687 rursus
2666 635 2828 688 mittit
2861 634 2914 687 iu
2948 640 3269 695 custodiam.
3309 641 3447 699 Cum

1866 736 1990 775 vero
2016 733 2227 790 putaret
2257 740 2378 778 euut
2424 739 2530 778 non
2562 740 2717 793 posse
2754 729 2983 798 amplius
3022 734 3097 786 uti
3125 738 3347 803 pedibus
3379 744 3445 794 ad

1860 816 2292 885 ingrediendum,
2326 817 2467 886 quod
2517 819 2791 888 prioribus
2824 826 3102 893 suppliciis
3146 841 3290 885 esset
3325 850 3447 887 cor—

1857 923 1956 977 pus
2004 906 2346 973 confeCtum,
2387 910 2538 979 jubet
2579 928 2701 965 eum
2761 915 3013 985 utrinque
3059 924 3269 986 portari
3350 931 3440 979 Sed

1856 1001 1948 1069 qui
1991 1015 2179 1055 omnes
2221 1000 2311 1069 qui
2353 1003 2645 1059 concidunt
2674 1005 2982 1074 conﬁrmat,
3018 1010 3356 1082 alllictosque
3388 1030 3441 1071 et

1856 1097 2141 1163 depressos
2172 1094 2351 1164 erigit.
2386 1110 2490 1149 non
2522 1097 2653 1149 sinit
2679 1113 2799 1151 eum
2832 1116 2966 1169 opus
3015 1106 3210 1159 habere
3255 1124 3437 1174 ntatm,

1854 1197 1972 1252 qu.e
2003 1186 2117 1251 ejus
2163 1201 2406 1254 gressum
2457 1187 2691 1249 l'nlciret,
2742 1194 2833 1243 scd
2868 1208 2962 1245 eos
3012 1196 3297 1262 repellens,
3346 1204 3435 1268 qui

1854 1279 2179 1333 accedebant
2199 1294 2261 1331 ex
2294 1280 2605 1345 geutilibus,
2629 1290 2680 1332 et
2704 1281 2830 1334 illud
2857 1286 3053 1338 sensim
3090 1289 3431 1343 acclamans:

1850 1369 2109 1424 -—Oleum
2141 1383 2485 1440 peccatorum
2509 1388 2611 1426 non
2647 1376 2937 1445 itupinguet
2972 1391 3126 1446 eaput
3158 1397 3437 1443 meum,—

1852 1464 1982 1533 ipsis
2020 1465 2243 1532 pedibus
2284 1465 2394 1533 ipse
2442 1466 2584 1518 illam
2630 1468 2770 1521 viam
2804 1470 3030 1538 peregit.
3085 1474 3253 1537 Quem
3307 1491 3429 1529 cum

1846 1558 1923 1610 sic
1945 1556 2235 1609 abeuntem
2271 1558 2743 1612 animadvertisset
2776 1562 3029 1627 vicarius,
3058 1565 3428 1627 fortitudinem

1845 1653 1997 1705 νυιιιυ
2030 1662 2109 1706 est
2141 1654 2466 1717 admiratus,
2517 1666 2571 1707 et
2618 1669 2915 1711 conversus
2947 1660 3013 1711 ad
3046 1674 3159 1728 eos,
3193 1665 3282 1732 qui
3321 1666 3427 1719 cir-

1844 1750 2226 1803 cumstabant:
2266 1749 2443 1819 Papte,
2502 1753 2695 1821 inquit,
2740 1770 2987 1825 magnam
3046 1760 3419 1819 tolerantiam!

1847 1836 2067 1893 Talibus
2108 1841 2292 1908 utique
2331 1841 2591 1896 militibus
2620 1859 2754 1911 Opus
2788 1858 2927 1900 esset
2961 1850 3381 1919 imperatoribus
3406 1896 3421 1923 ,

1845 1939 1900 1981 ut
1928 1938 2113 1984 essent
2162 1945 2352 1998 quovis
2396 1932 2633 1998 periculo
2683 1937 3013 2004 superiores.
3048 1950 3104 1995 et
3148 1952 3254 1997 tam
3287 1960 3421 2001 eon-

1838 2030 2071 2077 stantem
2104 2025 2344 2077 animum
2384 2034 2437 2079 et
2471 2036 2576 2078 tam
2613 2043 2839 2097 magnos
2869 2032 3092 2099 spiritus
3125 2050 3420 2095 conserva-

1837 2122 1956 2167 reut
1999 2114 2050 2166 in
2105 2117 2265 2169 rebus
2302 2122 2528 2185 asperis.
2579 2118 2846 2174 (laterum
2902 2124 2987 2178 hic
3032 2142 3135 2180 non
3192 2132 3419 2189 sistetur

1834 2205 2064 2273 amplius
2094 2206 2159 2260 ad
2192 2222 2367 2261 meum
2415 2210 2652 2265 tribunal
2684 2229 2696 2265 :
2734 2215 2906 2281 ipsum
2942 2224 3119 2272 autem
3146 2222 3210 2273 ad
3240 2224 3414 2293 impe-

1836 2307 2069 2351 ratorem
2106 2299 2314 2353 mittam
2352 2301 2762 2359 Diocletianum.
2810 2305 2903 2361 Ille
2934 2310 3079 2361 enim
3107 2311 3255 2367 solus
3289 2330 3412 2371 eum

1830 2390 2191 2456 superaverit.
3351 2404 3365 2411 “

1900 2502 2062 2555 XXV.
2106 2503 2268 2569 Dixit,
2302 2516 2355 2559 et
2393 2522 2512 2560 cum
2543 2510 2725 2563 statim
2776 2511 3137 2581 signiﬁcasset
3180 2515 3409 2588 litteris,

1827 2597 2097 2661 quomodo
2128 2611 2184 2649 se
2213 2612 2299 2650 res
2333 2599 2613 2666 haberent,
2652 2602 2812 2669 jussit
2846 2620 2967 2658 eum
3004 2612 3403 2679 quamprimum

1827 2685 1948 2738 duci
1978 2686 2224 2740 Romam.
2274 2687 2407 2743 Cum
2446 2691 2633 2746 fuisset
2672 2710 2797 2765 ergo
2836 2710 3040 2766 martyr
3081 2710 3234 2754 extra
3272 2706 3406 2757 civi‘

1828 2787 2013 2841 tatem,
2049 2794 2152 2832 una
2190 2796 2309 2833 cum
2350 2784 2513 2835 corde
2543 2786 2793 2840 manibus
2828 2788 2878 2840 iu
2906 2793 3102 2844 ccelum
3136 2793 3360 2850 sublatis
3383 2810 3403 2850 ε

1824 2867 2048 2924 Domine
2101 2872 2257 2938 Deus,
2312 2874 2501 2942 inquit,
2534 2880 2621 2946 qui
2658 2882 2835 2931 omnia
2872 2881 3004 2935 facis
3056 2894 3107 2937 et
3141 2901 3403 2954 procuras

1822 2978 1917 3031 pro
1940 2964 2188 3017 universo
2217 2980 2412 3033 genere
2434 2968 2731 3035 immittunt,
2753 2982 2804 3025 et
2825 2974 3020 3025 multas
3038 2978 3190 3029 nobis
3226 2980 3403 3032 mimis

1822 3055 1935 3107 vias
1962 3056 2174 3121 salutis,
2217 3058 2355 3111 hanc
2390 3070 2528 3110 luant
2568 3060 2862 3124 cititatem,
2884 3075 2936 3116 et
2957 3064 3165 3119 animas
3192 3083 3397 3132 eorum,

1820 3146 1909 3213 qui
1947 3148 1997 3197 in
2042 3149 2152 3213 ipsa
2194 3149 2560 3214 crediderunt,
2617 3167 2900 3216 conserva,
2950 3170 3015 3207 ne
3061 3157 3401 3223 implicentur

148 3227 269 3296 αὐτῇ
310 3232 728 3283 πιστευσάντων
777 3233 953 3302 ψυχὰς
995 3238 1326 3308 άχειρῶτους
1369 3246 1433 3310 τῇ
1481 3242 1572 3294 τοῦ
1605 3244 1715 3296 δια-

1826 3235 2011 3305 Iaqueo
2057 3240 2275 3303 diaboli,
2327 3248 2381 3294 et.
2414 3254 2765 3311 tyrannorum
2820 3248 3105 3315 Capiuntur
3165 3250 3394 3306 insidiis.

148 3319 289 3372 δόλου
347 3322 541 3387 παγξδι
594 3324 685 3375 καὶ
735 3328 854 3386 ταῖς
909 3326 1018 3378 τῶν
1066 3332 1340 3397 τυράννων
1404 3332 1716 3398 ὲπιῦουλαίς

146 3410 506 3482 διατήρησον·
555 3419 649 3468 καὶ
715 3420 860 3487 ἡμᾶς
916 3419 968 3471 δὲ
1026 3422 1100 3490 μὴ
1163 3422 1324 3492 μέχρι
1388 3424 1574 3488 τέλους
1618 3426 1714 3495 τῆς

147 3503 514 3574 ἐνεγκαμένης
544 3505 934 3581 άλλοτριώσῃς,
955 3510 1069 3561 ἀλλ’
1094 3511 1123 3563 6
1153 3515 1486 3584 ἐπιστρέψας
1519 3516 1711 3569 Ἰακὼό

147 3594 214 3656 εἰς
243 3590 392 3647 οἷκον
445 3597 653 3667 πατρὸς
705 3600 891 3665 αὐτοῦ,
946 3603 1039 3655 καὶ
1093 3605 1398 3675 ῥυσάμενος
1441 3609 1603 3661 αὑτὸν
1648 3611 1711 3663 ἐκ

148 3689 309 3757 χειρὸς
354 3684 555 3753 Ἡσαῦ,
605 3692 633 3742 6
677 3694 769 3743 καὶ
802 3695 869 3746 τά
919 3695 1051 3747 ὀστᾶ
1094 3697 1288 3767 Ἰωσὴφ
1341 3699 1399 3763 ἐξ
1434 3700 1708 3767 Αἰγύπτου

150 3782 580 3849 συνανακομεσας
621 3782 697 3852 τῷ
732 3783 807 3854 σῷ
840 3785 952 3855 λαῴ
1000 3789 1093 3840 καὶ
1126 3792 1233 3853 τοῖς
1266 3792 1535 3863 πατρῴοις
1581 3796 1709 3849 ἀνα-

150 3875 453 3943 σωσάμενος
485 3876 698 3942 τάφοις,
736 3878 1053 3946 ὲπανάγαγε
1086 3881 1228 3951 κάμὲ
1267 3886 1333 3954 τῇ
1373 3888 1436 3955 σῇ
1467 3885 1706 3957 εὐδοκία,

150 3967 231 4018 καὶ
283 3970 348 4037 τῇ
401 3970 787 4039 γεννησαμένη
826 3972 917 4023 καὶ
963 3971 1281 4047 Θρεψαμένῃ
1339 3977 1430 4029 καὶ
1475 3981 1552 4041 εἰς
1588 3980 1707 4032 τόδε

147 4060 345 4126 ἡλικίας
384 4062 781 4133 προαγαγούση
827 4067 1089 4133 πατρίδι,
1138 4069 1387 4139 καθάπερ
1433 4088 1484 4121 τι
1546 4070 1705 4124 πάλιν

146 4150 323 4214 ἀπόδος
370 4151 621 4223 ὄφλημα.
650 4153 834 4208 Ταῦτα
870 4157 1306 4230 προσευξάμενος
1357 4162 1431 4232 τῷ
1464 4163 1582 4232 Θεῷ
1608 4164 1704 4233 τὴν

144 4244 243 4295 ὁδδν
273 4244 529 4315 εὐψύχως
560 4245 798 4315 διήνυεν.

1820 3329 1987 3384 Porro
2021 3343 2199 3385 autem
2236 3348 2301 3388 ne
2352 3351 2448 3389 nos
2500 3352 2715 3405 quoque
2767 3353 3023 3407 perpetuo
3072 3357 3193 3397 the
3246 3345 3399 3402 sinas

1819 3423 2024 3478 alienos
2055 3425 2121 3477 ab
2150 3441 2233 3488 ea,
2259 3443 2375 3493 qua:
2408 3444 2505 3483 nos
2541 3431 2658 3482 tulit
2689 3449 2701 3485 :
2734 3432 2825 3486 sed
2854 3438 2941 3502 qui
2966 3432 3135 3490 Jacob
3168 3450 3397 3494 comer-

1818 3515 1929 3569 tisti
1961 3516 2013 3568 in
2061 3517 2276 3571 domum
2310 3521 2477 3586 patris
2511 3522 2615 3583 Sui,
2659 3533 2713 3577 et
2742 3538 2863 3578 eum
2901 3543 2928 3577 ιι
2964 3542 3119 3580 manu
3154 3525 3294 3581 Esau
3330 3527 3396 3582 li-

1815 3610 2015 3665 berasti
2046 3630 2056 3664 :
2088 3613 2177 3681 qui
2215 3612 2372 3665 etiam
2420 3629 2541 3667 ossa
2583 3614 2777 3685 Joseplt
2811 3634 2911 3670 una
2945 3634 3064 3671 cum
3105 3619 3298 3688 popqu
3323 3635 3389 3674 ex

1814 3703 2048 3774 Egypto
2080 3706 2337 3771 extulisn,
2372 3716 2422 3759 et
2450 3725 2509 3759 ea
2546 3711 2732 3775 patriis
2780 3713 3057 3765 restituisti
3085 3713 3389 3780 sepulcris;

1817 3807 1918 3851 tua:
1952 3813 2164 3867 quoque
2201 3800 2405 3867 placeat
2441 3802 2697 3854 voluntati
2747 3818 2829 3856 me
2878 3806 3153 3868 reducere,
3186 3815 3239 3858 et
3268 3822 3386 3873 qua:

1815 3906 1897 3945 me
1928 3895 2110 3961 genuit
2158 3904 2209 3947 et
2240 3893 2396 3958 aluit,
2425 3904 2480 3947 et
2523 3894 2586 3948 ad
2619 3896 2758 3947 hanc
2803 3910 2972 3963 usque
3015 3908 3226 3949 aetatem
3260 3913 3386 3965 pro-

1814 3983 1965 4036 duxit
1996 3983 2201 4052 ριιιιίιιι,
2226 3994 2480 4053 tauquam
2511 3986 2723 4054 aliquod
2757 4002 2944 4039 rursus
2978 3989 3198 4041 reddere
3232 3990 3385 4041 debi-

1816 4084 1946 4127 tum.
1989 4074 2112 4127 llaec
2153 4090 2271 4128 cum
2307 4089 2334 4126 a
2371 4074 2477 4130 Deo
2518 4076 2764 4145 precibus
2810 4078 3193 4145 contendisset,
3243 4078 3383 4133 viam

1810 4167 2043 4221 confecit
2071 4166 2340 4223 alacriter.

1549 4510 1783 4569 CAPUT
1821 4511 1861 4567 γ

1314 4691 1502 4762 Spreta
1548 4693 1861 4748 Diocletiani
1894 4696 2171 4764 promissa.

200 4878 313 4931 ZK’.
362 4876 523 4930 Ἐπεὶ
558 4876 615 4930 δὲ
639 4880 728 4929 καὶ¹
768 4879 837 4948 τῇ
870 4876 1059 4949 Ῥώμῃ
1084 4878 1419 4949 προσέϐαλον
1449 4879 1574 4932 ἔνθα
1606 4878 1699 4932 καὶ

1878 4877 2067 4933 XXVI.
2128 4878 2419 4949 Postquam
2476 4888 2654 4935 autem
2718 4881 2942 4937 Romam
3005 4896 3369 4953 pervenerunt

145 4971 504 5041 Διοκλητιανὸς
529 4971 587 5022 τὸ
607 4969 907 5040 τηνικαῦτα
934 4969 1191 5040 διέτριὸε,
1215 4972 1283 5025 τά
1314 4988 1370 5023 τε
1394 4972 1694 5041 γράμματα

144 5064 181 5114 οἱ
208 5065 547 5133 πεμφθέντες
592 5064 741 5133 αὑτῷ
774 5063 1158 5133 ἐγχειρίζουσι,
1203 5066 1297 5117 καὶ
1342 5065 1433 5117 τὸν
1478 5064 1693 5134 Θαυμα-

147 5158 249 5209 στὸν
289 5158 627 5228 Κλήμεντά,
679 5156 1039 5219 κελεύσαντος
1110 5158 1319 5210 ἐκείνου
1375 5160 1452 5220 εἰς
1526 5158 1692 5225 μέσον

145 5248 331 5313 ἄγουσι.
364 5249 754 5319 Παραστάντος
786 5249 862 5312 δὲ,
903 5249 1282 5319 Διοκλητιανὸς
1318 5251 1376 5303 τό
1405 5266 1463 5301 τε
1503 5250 1692 5320 χάριεν

146 5340 317 5393 ἐπιδὼν
348 5343 447 5412 τῆς
475 5340 570 5394 τοῦ
599 5342 789 5411 ἀνδρὸς
823 5342 1017 5411 ὂψεως,
1056 5345 1150 5395 καὶ
1174 5343 1234 5395 τὸ
1263 5344 1487 5411 φαιδρὸν
1518 5343 1691 5397 ἐκεῖνο

146 5434 221 5482 καὶ
255 5434 489 5501 εὐγενὲς,
534 5434 723 5503 πρῶτα
751 5434 849 5505 μὲν
883 5434 1139 5504 κρύπτων
1173 5437 1228 5488 ὲν
1258 5436 1334 5504 τῷ
1364 5436 1558 5504 ἀφανεῖ
1590 5434 1687 5506 τὴν

149 5521 375 5589 διάνοιαν,
412 5525 541 5579 καθ’
586 5527 778 5580 ἑαυτὸν
809 5527 1021 5598 ὑπῆρχε
1054 5527 1373 5598 θαυμάζων,
1420 5530 1468 5581 ei
1502 5528 1685 5582 ἐκείρά

151 5628 202 5678 γε
226 5618 390 5670 πάντα
444 5618 883 5689 ὑπομεμενηκὼς
915 5621 1021 5691 εῐη,
1061 5621 1272 5691 ὅσαπερ
1312 5620 1462 5691 αὐτῷ
1494 5622 1686 5693 μηνύοι

149 5704 202 5756 τὰ
228 5710 554 5780 γράμματα·
600 5707 719 5765 εἶτα
773 5713 867 5766 καὶ
909 5714 1261 5785 ἁτενέστερον
1305 5714 1452 5784 αύτῷ
1498 5713 1685 5769 ἐνιδὼν

152 5801 225 5850 καὶ
265 5802 374 5857 ὅλον
428 5805 842 5876 ἀνασκοπήσας,
892 5807 960 5860 Συ
1015 5802 1065 5859 εἷ
1116 5808 1141 5859 6
1190 5808 1501 5877 διαϐόητος,
1558 5807 1682 5877 ἔφη,

1799 4972 1887 5026 ubi
1925 4982 2050 5027 tunc
2091 4986 2305 5042 quoque
2357 4973 2675 5027 versabatur
2727 4973 3123 5040 Diocletianus,
3177 4988 3231 5030 et
3275 4979 3369 5047 qui

1798 5063 1944 5118 missi
1990 5062 2231 5128 fuerant,
2274 5063 2324 5119 ei
2379 5064 2610 5118 reddunt
2656 5066 2886 5134 litteras,
2944 5079 2999 5122 et
3031 5068 3365 5124 Clementem

1798 5158 2193 5221 admirabilem,
2244 5174 2366 5211 cum
2413 5159 2501 5212 ille
2542 5159 2818 5226 jussisset,
2870 5162 3136 5217 adducunt
3169 5163 3220 5216 in
3253 5177 3367 5216 me-

1795 5252 1959 5305 dium.
2022 5249 2153 5305 Cum
2216 5264 2344 5305 vero
2395 5252 2677 5317 astitisset,
2733 5268 2857 5306 tunc
2919 5254 3105 5308 videns
3152 5254 3365 5309 Diocle-

1796 5343 1975 5397 tianus
2020 5341 2317 5410 jucundum
2373 5342 2493 5412 ejus
2550 5344 2895 5412 alacremque
2942 5354 2995 5399 et
3045 5360 3364 5419 generosum

1794 5444 2093 5505 aspectum,
2148 5434 2381 5504 primum
2417 5435 2634 5501 quidem
2679 5437 2881 5500 celans,
2918 5436 3046 5506 quid
3092 5434 3143 5489 in
3178 5437 3362 5491 animo

1793 5528 2033 5595 haberet,
2071 5530 2210 5598 apud
2254 5542 2310 5582 se
2343 5528 2735 5595 admirabatur,
2768 5545 2834 5582 an
2871 5530 2954 5582 illa
2991 5531 3168 5584 omnia
3202 5529 3359 5584 susti-

1791 5623 2019 5687 nuisset,
2062 5637 2180 5691 quae
2235 5622 2282 5675 ei
2326 5622 2704 5689 signiﬁcabant
2736 5623 2946 5676 litteras.
2998 5622 3198 5676 Deinde
3234 5637 3359 5677 eum

1789 5715 1954 5771 etiam
1997 5716 2118 5769 lixis
2148 5714 2362 5769 intuens
2415 5715 2607 5778 oculis,
2656 5723 2709 5769 et
2744 5725 2909 5769 totmn
2962 5715 3353 5770 considerans:

1790 5805 1867 5863 'l‘u
1895 5824 1976 5875 es,
2010 5808 2201 5878 inquit,
2233 5806 2463 5864 celebris
2493 5807 2578 5863 ille
2604 5808 2871 5874 Clemens,
2910 5809 3061 5876 cujus
3104 5820 3355 5878 magnam
