4154 6490
147 443 260 511 837

1197 448 1369 507 ΥΙΤΑ
1415 446 1477 505 S.
1510 445 1945 507 CLEMENTIS
1983 452 2396 515 ANCYRANI.

3322 460 3431 521 838

156 558 485 627 Ἐσθήματα
519 558 575 610 δὲ
606 558 993 627 περιπόρφυρα
1026 558 1120 609 καὶ
1155 556 1406 627 λαμπρὰ,
1436 555 1732 624 σκωλήκων

1850 562 2057 614 nutioui
2107 565 2302 617 saltem
2358 574 2415 619 et
2458 564 2729 635 rttbigini,
2789 578 2846 621 ut
2911 582 3031 636 qua:
3081 581 3435 622 consumatur

139 653 253 703 εἰσὶ
289 652 513 718 νήματα
565 651 658 701 καὶ
715 648 1006 718 βαρὸαρων
1056 648 1367 717 ἀνθρώπων
1398 647 1700 717 ἐὑρέματα
1727 661 1739 673 ·

136 745 169 794 ί
193 759 284 794 στε
325 744 375 794 εί
407 741 629 803 τούτους
655 739 971 809 τιμώμεθα,
998 738 1281 810 σκώληκος
1310 739 1418 808 ἄρα
1450 739 1571 791 καθ’
1600 740 1743 803 ὑμᾶς

134 835 167 884 ὁ
211 833 504 902 ἄνθρωπος
537 832 861 900 ἀτιμότερος
886 846 899 859 ·
929 834 977 883 εἰ
1020 830 1077 883 δέ
1109 847 1157 881 τι
1192 829 1297 900 χρὴ
1322 830 1415 882 καὶ
1454 828 1542 881 διὰ
1571 829 1743 882 ταῦῑα

136 928 269 987 τοὺς
294 926 620 994 ἀνθρώπους
666 923 992 992 θαυμάζειν,
1028 922 1163 975 πολὺ
1210 923 1412 991 μᾶλλον
1454 921 1742 991 ἐθαύμασα

136 1016 207 1069 ἂν
239 1019 367 1078 τοὺς
398 1018 465 1068 τὰ
495 1015 719 1067 τοιαῦτα
749 1016 1107 1083 δημιουργεῖν
1128 1014 1357 1075 εἰδότας,
1395 1013 1426 1080 ἦ
1462 1014 1584 1074 τοὺς
1616 1012 1741 1081 εἰκῆ

139 1111 240 1161 ναὶ
281 1109 463 1177 μάτην
512 1108 607 1158 ἐπὶ
641 1111 705 1176 τῇ
740 1106 1005 1176 περιϐολῇ
1042 1106 1247 1157 τούτων
1283 1105 1738 1173 σεμνυνομένους.

142 1202 206 1252 ΟΞ
279 1201 381 1269 μὲν
412 1201 521 1271 γὰρ
549 1201 746 1268 τέχνης
776 1200 1065 1266 δεινότητι,
1122 1196 1591 1267 μεταρυθςθίζουσι
1646 1197 1742 1267 τὴν

140 1291 314 1356 φύσιν
353 1292 445 1340 ἐπὶ
475 1290 535 1340 τὸ
590 1290 828 1357 βέλτιον,
875 1291 969 1340 καὶ
1012 1288 1112 1357 τὴν
1160 1288 1416 1357 αἴσθησιν
1468 1286 1741 1354 ἀπατῶσι,

138 1383 237 1433 καὶ
272 1382 596 1449 προστιθέασι
646 1381 996 1450 φιλοκόσμοις
1052 1381 1353 1451 ὀφθαλμοῖς
1388 1380 1484 1448 ἡδὺ
1526 1381 1739 1451 δέλεαρ·

142 1476 192 1525 οἱ
229 1474 288 1526 δὲ
334 1476 700 1543 σεμνύνονται
750 1472 1206 1543 περιϐαλλόμενοι
1258 1474 1570 1542 κουφότητα
1625 1478 1743 1524 δια-

141 1568 293 1629 τοίας
334 1566 550 1620 ἑαυτῶν
609 1567 1193 1637 καταμαρτυροῦντες,
1228 1567 1321 1619 καὶ
1374 1566 1494 1619 δέον
1544 1567 1743 1629 αὐτοὺς

142 1659 510 1727 αξσγύνεσθαι
539 1663 637 1728 τῆς
664 1661 909 1725 ἀπάτηςο
933 1662 981 1711 οἱ
1010 1659 1067 1710 δὲ
1089 1659 1184 1711 καὶ
1210 1659 1490 1726 φυσῶνται
1518 1658 1740 1727 μᾶλλον,

141 1752 242 1803 καὶ
277 1752 376 1812 τας
406 1749 577 1819 ὀφρῦς
608 1750 862 1820 αίρουσιν
896 1751 1099 1820 ἐτέρων
1122 1751 1305 1821 ἔργοις
1339 1750 1660 1820 τιμώμενοι,
1692 1751 1745 1803 εἴ

141 1861 206 1909 γε
233 1843 333 1894 καὶ
366 1842 533 1911 τιμὴν
573 1841 709 1903 ὅλως
741 1842 848 1911 χρὴ
880 1841 950 1895 τὰ
988 1840 1213 1903 τοιαῦτα
1245 1842 1454 1896 καλεῖν.
1490 1842 1647 1896 Ἀλλὰ
1673 1843 1738 1896 τέι

1849 659 2007 717 atque
2032 650 2258 707 di-lluat.
2295 653 2485 707 Vestes
2515 666 2695 708 autem
2731 671 3012 724 purpureae
3040 669 3094 711 et
3114 658 3431 726 splendida-,

1848 742 1935 795 ﬁla
1970 755 2099 796 sunt
2147 746 2433 811 vermium,
2479 756 2535 801 et
2572 748 2786 801 inventa
2844 748 3202 802 barbarorum
3253 752 3430 803 homi-

1849 849 1993 887 num.
2054 834 2418 900 Quamobrem
2463 838 2505 890 si
2567 853 2628 890 ea
2679 854 2779 892 nos
2823 838 3058 892 reddunt
3112 841 3429 904 honoratos,

1846 934 2025 978 vestra
2071 928 2291 995 quidem
2336 930 2603 983 sententia
2664 930 2826 984 homo
2879 940 2963 984 est
3015 946 3197 985 verme
3249 934 3425 987 vilior.

1847 1016 1997 1082 Quod
2026 1019 2069 1072 si
2103 1027 2319 1087 oportet
2346 1022 2508 1074 etiam
2549 1022 2794 1075 homines
2822 1033 3040 1092 propter
3066 1025 3178 1079 haec
3232 1026 3431 1080 habere

1848 1107 1902 1161 in
1939 1112 2320 1175 admiratione,
2375 1112 2541 1165 multo
2586 1114 2758 1183 magis
2806 1114 3108 1168 admirarer
3157 1131 3273 1180 eos,
3337 1119 3429 1185 qui

1846 1199 1960 1253 haec
1988 1201 2343 1266 fabricantur,
2374 1219 2536 1271 qttam
2569 1219 2681 1268 eos,
2719 1206 2807 1272 qui
2832 1214 3052 1273 propter
3075 1224 3139 1260 ex
3178 1207 3263 1261 his
3298 1223 3429 1260 con-

1846 1292 1983 1345 chta
2015 1296 2327 1349 indumenta
2357 1299 2684 1367 gloriantur,
2715 1308 2766 1350 ct
2792 1314 2849 1353 se
2879 1300 3163 1367 magniﬁce
3195 1302 3426 1354 circum-

1844 1386 2101 1453 Spiciunt.
2130 1387 2258 1439 Nam
2284 1390 2357 1441 illi
2386 1392 2603 1457 quidem
2626 1390 2759 1443 artis
2782 1391 3001 1445 solertia
3029 1391 3428 1444 trausformaut

1846 1492 2095 1534 naturam
2124 1486 2189 1536 ad
2220 1485 2270 1537 id
2293 1487 2434 1551 quod
2461 1496 2541 1537 est
2568 1487 2778 1547 melius,
2810 1500 2859 1540 et
2884 1502 3101 1540 sensum
3129 1488 3427 1555 decipiunt,

1843 1584 1895 1625 et
1922 1584 2172 1627 ornatum
2220 1577 2528 1629 amantibus
2576 1579 2748 1631 oculis
2791 1594 2986 1633 suaves
3034 1594 3187 1632 escas
3232 1594 3429 1647 propo—

1845 1678 2011 1729 nunt;
2050 1666 2101 1718 hi
2135 1679 2314 1719 autem
2352 1670 2521 1721 induti
2552 1671 2652 1723 sibi
2697 1672 2932 1737 placent,
2972 1682 3025 1724 et
3055 1688 3111 1724 se
3144 1672 3429 1741 tuagnilicc

1844 1758 2328 1827 circumspiciunt,
2367 1764 2431 1816 de
2477 1764 2559 1816 sui
2604 1764 2767 1816 animi
2802 1764 3016 1817 levitate
3061 1762 3299 1817 ferentes
3346 1776 3425 1817 te-

1846 1848 2158 1903 stimonium
2203 1868 2215 1902 :
2259 1862 2313 1903 et
2344 1867 2468 1905 cum
2497 1864 2774 1921 Oporterct
2798 1869 2892 1907 eos
2928 1856 3128 1922 pudere
3155 1856 3233 1907 sui
3272 1870 3429 1907 erro-

148 1936 254 2004 μὲν
290 1937 421 2005 παρ’
482 1938 638 2004 ὑμῶν
685 1933 909 1987 τοιαῦτα
965 1935 1058 1987 καὶ
1108 1932 1282 1996 οὑτως
1319 1933 1530 2003 ἔχοντα,
1590 1936 1658 1987 τὰ
1688 1935 1732 1987 δὲ

1853 1942 1952 2000 ris.
2006 1942 2077 1994 illi
2118 1944 2299 2011 potius
2339 1944 2739 2010 intumescunt,
2772 1956 2825 2000 et
2863 1947 3054 1999 tollunt
3098 1947 3425 2014 supercilia,

149 2029 309 2097 παρὰ
365 2027 459 2080 τοῦ
519 2026 725 2093 ἀγαθοῦ
784 2026 921 2080 Θεοῦ
979 2026 1137 2096 ἡμῶν
1192 2026 1373 2095 ἀγαθὰ
1430 2028 1739 2080 τούναντίον

142 2122 319 2174 ἄταν.
386 2120 682 2173 Ἀθάνατον
713 2121 820 2189 γᾶρ
868 2120 981 2189 ἔχει
1027 2118 1124 2188 τὴν
1155 2119 1370 2189 ἡδονὴν,
1416 2120 1639 2189 διηνεκῆ
1681 2120 1737 2172 δὲ

140 2212 243 2279 τὴν
275 2212 639 2282 λαμπρότητα
661 2228 674 2241 ⁸
712 2212 833 2265 οὐδὲ
868 2213 976 2282 γὰρ
1009 2211 1215 2264 δέδοικε
1250 2211 1347 2281 τὴν
1379 2214 1442 2263 ὲκ
1482 2211 1575 2263 τοῦ
1608 2211 1736 2281 χρό-

140 2324 235 2355 νευ
300 2306 631 2373 μεταϐολὴν,
689 2305 786 2372 οὐχ
833 2302 1139 2357 ὑποπτεύει
1197 2304 1436 2374 τροπὴν,
1485 2305 1584 2357 οὑκ
1620 2305 1739 2356 ἐπί-

143 2413 341 2448 σταται
378 2398 578 2466 γῆρας,
622 2396 758 2448 ἀλλὰ
792 2398 1032 2465 ἀκμάζει
1062 2394 1327 2464 διηνεκῶς
1353 2398 1442 2448 επὶ
1470 2398 1566 2465 τῆς
1612 2396 1734 2465 ἴσης

142 2489 381 2555 μένοντα
417 2490 777 2561 εὐπρεπείας,
807 2489 901 2541 καὶ
946 2487 1232 2560 πεπηγότα
1276 2487 1403 2540 δντα
1442 2487 1733 2549 διαπαντὸς

138 2583 231 2633 καὶ
264 2582 521 2651 ἀκίνητα.

1850 2034 2094 2089 honorati
2126 2036 2353 2089 aliorum
2385 2039 2639 2105 Operihus
2666 2078 2679 2099 ,
2715 2040 2759 2091 si
2795 2040 2952 2093 modo
2988 2055 3050 2092 ca
3081 2038 3302 2092 omnino
3332 2038 3429 2091 lio-

1845 2142 2028 2180 norem
2086 2143 2281 2182 vocare
2323 2138 2589 2197 oporteat.
2648 2129 2753 2185 Sed
2803 2142 2980 2185 vestra
3031 2132 3249 2200 quidem
3302 2141 3429 2185 sunt

1847 2218 2005 2282 talia,
2042 2227 2093 2271 et
2127 2234 2192 2272 eo
2228 2221 2385 2273 modo
2432 2236 2492 2274 se
2548 2222 2772 2278 habent.
2815 2222 2945 2288 Qua:
2989 2232 3167 2276 autem
3208 2238 3235 2274 a
3289 2223 3430 2276 bono

1846 2308 1955 2364 Deo
1988 2320 2193 2373 nostro,
2228 2323 2354 2364 sunt
2385 2313 2547 2377 bona,
2591 2322 2781 2367 contra
2821 2330 2880 2370 se
2916 2316 3138 2369 habent.
3177 2314 3429 2382 Volupta-

1845 2406 1950 2449 tem
2003 2400 2146 2451 euim
2207 2400 2407 2453 habent
2460 2402 2863 2469 immortalem,
2913 2405 3250 2473 splendorem
3300 2420 3429 2458 vero

1842 2499 2182 2557 perpetuum.
2227 2491 2411 2559 Neque
2461 2495 2603 2546 enim
2655 2496 2847 2549 timent
2874 2512 3023 2562 eam,
3077 2513 3197 2566 qua:
3245 2506 3426 2550 estex

1839 2589 2103 2648 tempore,
2136 2585 2511 2639 mutationem.
2545 2584 2660 2639 Non
2697 2599 3005 2657 suspectam
3045 2590 3247 2643 habent
3281 2603 3427 2642 con-

140 2680 475 2743 versionem,
513 2680 723 2733 senium
754 2679 1026 2747 ignorant,
1075 2677 1166 2730 sed
1198 2690 1411 2743 semper
1471 2672 1688 2738 ﬂorent,
1751 2674 1802 2728 in
1841 2677 2034 2745 mquali
2083 2679 2284 2732 decore
2319 2683 2693 2749 permanentia
2720 2722 2734 2746 ,
2787 2684 3125 2752 stabiliaque
3166 2693 3427 2752 perpetuo

138 2785 188 2824 et
225 2772 549 2825 immobilia.

208 2863 351 2916 κη’.
389 2862 533 2929 Πρὸς
563 2861 734 2913 ταῦτα
764 2858 1164 2928 Διοκλητιανὸς,
1192 2859 1378 2922 Δοκεῖς
1407 2875 1516 2928 μοι,
1544 2857 1731 2927 φησὶν,

138 2954 333 3016 καλῶς
382 2955 503 3026 μὲν,
536 2947 583 3006 ὣ
628 2954 852 3023 Κλήμη,
889 2954 1091 3020 λέγειν,
1134 2954 1351 3020 φρονεῖν
1382 2951 1438 3003 δὲ
1473 2951 1566 3002 καὶ
1613 2950 1735 3003 λίαν

141 3047 371 3109 κακῶς*
403 3046 618 3117 γλώττῃ
663 3049 760 3115 μὲν
800 3046 907 3114 γὰρ
940 3047 1214 3114 προτιμᾷς
1263 3046 1364 3114 τὴν
1406 3043 1729 3107 ἀθανασῖαν,

138 3142 234 3193 ἐπὶ
278 3139 461 3207 θνητῷ
493 3138 550 3191 δὲ
598 3138 685 3191 ἀεὶ
725 3138 824 3199 τὰς
867 3138 1091 3199 ἐλπίδας
1135 3136 1316 3206 ἔχειςο
1346 3135 1439 3188 τὸν
1465 3136 1731 3204 ὑμέτερον

138 3232 291 3296 λέγω
316 3228 577 3299 Χριστὸν,
602 3228 659 3280 ὃν
688 3228 856 3296 μυρία
895 3227 1059 3295 φασὶν
1094 3227 1199 3278 ὑπὸ
1235 3224 1504 3278 Ἰουδαίων
1531 3241 1734 3276 πεπον-

138 3322 297 3374 θέναι
322 3321 495 3383 δεινὰ,
525 3321 619 3372 καὶ
641 3320 793 3382 τέλος
825 3320 918 3371 τὸν
943 3318 1029 3370 διὰ
1064 3318 1302 3387 σταυροῦ
1335 3317 1568 3369 θάνατον
1598 3318 1733 3368 ὑπο-

142 3413 363 3480 στῆναι.
408 3412 473 3464 οι
500 3411 555 3464 δὲ
590 3410 712 3463 καθ’
743 3412 891 3479 ἡμᾶς
933 3410 1067 3475 θεοὶ,
1102 3409 1188 3462 ἀεί
1227 3426 1286 3460 τε
1316 3409 1572 3462 ἀθάνατοί
1603 3410 1731 3471 εἰσι,

136 3508 233 3557 καὶ
266 3504 521 3571 ἀλγεινὴν
551 3503 705 3555 οὐδὲν
732 3503 854 3555 οὑδὲ
894 3502 1153 3571 δυσχερὲς
1175 3501 1524 3570 ὑπομένουσι.
1566 3500 1674 3551 Καὶ
1707 3501 1733 3550 ὁ

138 3600 362 3670 μάρτυς
392 3595 708 3659 ὑπολαϐὼν,
752 3594 887 3665 Περὶ
914 3595 1012 3663 τῆς
1039 3592 1338 3654 ἀθανασίας
1356 3592 1554 3656 αὐτῶν,
1580 3593 1731 3657 φησὶ,

136 3694 234 3745 καὶ
268 3691 615 3763 αναλγησίας
648 3692 845 3761 μικρὸν
866 3688 960 3741 καὶ
989 3687 1165 3757 ἀληθῆ
1195 3686 1398 3755 λέγεις,
1420 3680 1464 3738 ὦ
1489 3685 1729 3756 βασιλεῦ.

137 3784 265 3846 Πῶς
300 3784 414 3853 γὰρ
468 3782 532 3853 δὴ
578 3783 672 3833 καὶ
704 3780 1104 3834 ἀποθανοῦνται
1156 3780 1206 3832 οί
1244 3778 1376 3847 μηδὲ
1425 3779 1525 3847 τὴν
1557 3776 1732 3846 ἀρχὴν

134 3877 275 3937 ὅλως
310 3876 614 3943 ζήσαντες;
652 3873 683 3942 ἦ
740 3872 853 3935 πῶς
886 3872 953 3925 ἂν
1011 3873 1311 3943 ἀλγήσειαν
1341 3874 1387 3923 οἱ
1429 3872 1522 3924 καὶ
1561 3871 1731 3937 αὐτῆς

137 3970 455 4038 αἰσθήσεως
490 3968 735 4038 ἀτεχνῶς
766 3969 1000 4038 ἐρημοις
1040 3966 1179 4036 πλὴν
1209 3968 1258 4018 εί
1292 3966 1518 4019 καὶτῶν
1551 3965 1732 4033 ἀλγει-

136 4062 247 4118 νῶν
280 4064 359 4131 μὴ
404 4059 773 4126 αἰσθάνονται,
803 4060 941 4113 ἀλλὰ
973 4059 1199 4129 μυρίαις
1234 4057 1368 4125 γοῦν
1418 4058 1730 4109 ὑπόκεινται

138 4155 381 4223 πληγαῖς
410 4169 470 4207 τε
519 4153 615 4207 καὶ
675 4151 926 4223 ὑδρεσιν.
961 4152 1112 4205 Ὀσοι
1151 4152 1251 4222 μὲν
1291 4149 1399 4219 γὰρ
1463 4151 1526 4202 ὲκ
1567 4147 1731 4201 λίθων

136 4247 425 4313 γεγόνασι,
453 4245 549 4298 καὶ
582 4244 802 4315 πληγὰς
835 4244 940 4296 ὑπὸ
971 4242 1151 4313 χειρὸς
1177 4241 1581 4310 διαγλυφούσης
1611 4240 1726 4292 ἐδὲο

136 4337 327 4401 ξαντο,
362 4335 565 4406 σιδήρῳ
597 4351 656 4388 τι
706 4333 1085 4403 διεξέσθησαν,
1121 4334 1213 4387 καὶ
1246 4332 1389 4387 οὑτω
1419 4336 1556 4403 μετὰ
1599 4332 1728 4386 πολ-

135 4428 236 4495 λῆς
269 4430 412 4497 ὅσης
465 4428 561 4496 τῆς
595 4426 990 4497 ματαιοπονίας
1019 4425 1218 4479 εἴδωλα
1259 4424 1474 4496 μορφῆς
1521 4423 1729 4494 ἀνθρω-

1910 2854 2149 2910 XXVlll.
2186 2856 2263 2909 Ad
2296 2858 2411 2912 haec
2452 2856 2818 2913 Diocletianus
2854 2876 2868 2912 :
2896 2859 3025 2913 Mihi
3057 2860 3256 2916 videris
3278 2901 3293 2927 ,
3340 2864 3425 2918 in-

1839 2949 1981 3015 quit,
2019 2948 2237 3016 pulchre
2269 2950 2485 3016 quidem
2536 2950 2711 3015 loqui,
2746 2964 2778 3001 o
2819 2949 3104 3015 Clemens,
3150 2954 3244 3006 sed
3287 2955 3426 3008 male

1838 3039 2129 3090 admodum
2159 3041 2381 3091 sentire.
2410 3039 2543 3091 Nam
2574 3040 2752 3109 lingua
2791 3043 3006 3109 quidem
3051 3044 3273 3111 prtcfers
3306 3046 3422 3098 im-

1838 3130 2245 3193 mortalitatem,
2281 3133 2333 3183 iu
2371 3132 2583 3185 mortali
2619 3144 2796 3185 autem
2835 3149 3047 3203 semper
3089 3150 3236 3204 spem
3271 3148 3421 3191 tuam

1846 3222 2078 3275 Collocas
2115 3240 2129 3275 :
2163 3232 2403 3276 vestrum
2462 3224 2678 3292 inquam
2731 3224 3207 3295 Christum,qucm
3240 3229 3425 3281 dicunt

1843 3324 1872 3362 a
1906 3309 2107 3363 Juda‘is
2140 3310 2278 3363 mala
2320 3326 2537 3380 passum
2571 3327 2690 3364 esse
2727 3314 3143 3367 innumerabilia
3167 3356 3182 3379 ,
3219 3326 3273 3370 et
3303 3328 3423 3370 tan-

1842 3403 1961 3456 dem
2009 3413 2236 3456 mortem
2282 3404 2333 3454 iu
2378 3418 2540 3456 cruce
2581 3403 2925 3458 sustinuisse.
2971 3405 3148 3459 Nostri
3188 3423 3316 3461 vero
3350 3409 3423 3461 dii

1841 3503 1894 3546 et
1932 3508 2145 3561 semper
2174 3494 2502 3547 immortales
2540 3504 2682 3559 sunt,
2725 3507 2780 3549 et
2815 3498 2947 3549 nihil
2977 3512 3141 3565 grave
3173 3513 3270 3552 nec
3302 3516 3421 3552 mo-

1843 3585 2036 3638 lestutn
2087 3587 2380 3639 sustinent.
2435 3588 2788 3653 llespoudens
2837 3601 3017 3642 autem
3066 3600 3272 3661 martyr
3308 3609 3321 3644 :
3352 3592 3421 3646 De

1843 3676 2103 3744 ipsorum,
2145 3678 2341 3745 inquit,
2378 3677 2790 3732 immortalitate
2819 3690 2875 3733 et
2901 3681 3101 3735 doloris
3153 3688 3421 3739 vacuitate

1840 3769 2230 3837 propemodum
2282 3784 2408 3822 vera
2459 3770 2631 3835 dicis,
2681 3786 2714 3825 ο
2770 3772 3084 3841 imperator.
3138 3774 3421 3839 Quomodo

1837 3862 1980 3914 enim
2009 3864 2329 3925 morientur,
2375 3863 2464 3929 qui
2511 3878 2578 3916 ne
2624 3865 2850 3918 Omnino
2876 3868 3093 3933 quidem
3135 3869 3421 3923 vixerunt?

1837 3965 1930 4008 aut
1980 3957 2247 4022 quomodo
2290 3956 2533 4011 dolorem
2562 3958 2865 4024 senserint,
2912 3960 3001 4026 qui
3043 3960 3159 4027 ipso
3206 3976 3421 4030 quoque

1838 4062 1998 4103 sensu
2029 4049 2185 4117 plane
2218 4051 2451 4103 carent?
2485 4050 2589 4104 Sed
2620 4051 2721 4105 etsi
2753 4051 2996 4104 dolorem
3027 4068 3134 4105 non
3159 4056 3419 4119 sentiunt,

1837 4149 1964 4193 sunt
2002 4149 2178 4194 tamen
2206 4142 2432 4210 subjecti
2472 4142 2957 4196 innumerabilibus
2995 4141 3163 4212 plagis
3198 4154 3255 4199 et
3286 4161 3415 4199 cou-

1840 4232 2092 4285 tumeliis.
2136 4231 2269 4286 Nam
2305 4233 2565 4302 qui.lacti
2601 4234 2819 4301 quidem
2865 4244 3083 4289 suntex
3126 4237 3418 4304 lapidibus,

1836 4332 1885 4376 et
1916 4338 1944 4375 ει
1977 4337 2158 4386 manu,
2190 4337 2309 4391 quae
2348 4325 2566 4392 sculpit,
2597 4326 2779 4393 plagas
2808 4336 3157 4395 acceperunt,
3192 4338 3244 4382 et
3273 4328 3422 4384 ferro

1835 4427 1962 4469 sunt
2010 4416 2237 4486 ltetigati
2290 4431 2353 4471 ac
2404 4418 2592 4482 politi.
2638 4428 2693 4472 et
2743 4418 2822 4472 sic
2865 4433 2987 4473 cum
3041 4434 3268 4488 magno,
3325 4422 3419 4475 sed

136 4522 299 4591 πίνης
347 4522 441 4573 καὶ
492 4519 811 4589 ἀνδριάντες
860 4520 1185 4587 γεγόνασιν*
1221 4513 1303 4582 οἷς
1355 4518 1413 4570 δὲ
1444 4520 1641 4586 χρυσὶς
1693 4518 1725 4586 ἡ

1839 4506 2011 4567 inani,
2044 4506 2263 4570 labore,
2303 4506 2490 4561 lormaa
2525 4509 2772 4562 humanae
2806 4509 3097 4562 simulacra
3135 4519 3189 4563 et
3221 4519 3416 4566 statum

138 4610 236 4682 ὕλη
290 4611 483 4674 πάλιν,
524 4612 636 4663 sit:
694 4608 920 4679 χαλκὸς,
965 4609 1074 4662 εἴτε
1108 4608 1388 4681 ἄργυρος,
1436 4610 1531 4662 καὶ
1585 4604 1727 4661 οὑτοι

134 4706 195 4774 δὴ
242 4704 575 4773 λαδροτάτῳ
611 4703 748 4773 πυρὶ
799 4703 1182 4773 χωνευθέντες,
1250 4704 1319 4754 τὰ
1367 4703 1728 4771 παραπλήσια

136 4796 226 4847 καὶ
272 4795 435 4846 αὐτοὶ
482 4796 593 4857 τοῖς
628 4794 809 4856 ἄλλοις
855 4794 1195 4863 ἀναισθήτως
1230 4794 1567 4861 ὑπέστησαν,
1610 4809 1720 4844 too-

136 4887 295 4941 θύτου
323 4887 538 4950 δέοντες
572 4886 791 4957 βοηθεῖν
828 4888 1060 4956 ἑτέροις,
1100 4888 1209 4954 ὅσῳ
1242 4889 1338 4939 καὶ
1380 4886 1592 4949 ἑαυτοῖς
1632 4884 1727 4937 τοῦ

139 4981 210 5048 μὴ
250 4979 487 5031 τοιαῦτα
538 4980 791 5048 πάσχειν,
820 4979 883 5031 τὸ
938 4979 1204 5047 παράπαν
1254 4979 1393 5029 εἰσὶν
1448 4978 1724 5049 ἀδύνατοι.

134 5074 449 5142 Θνήσκουσι
472 5072 571 5141 μὲν
595 5071 687 5126 οὖν
702 5073 976 5140 οὐδαμῶς,
999 5071 1121 5124 ἐπεὶ
1146 5071 1283 5138 μηδὲ
1319 5071 1415 5141 τὴν
1437 5071 1632 5140 ἀρχὴν,
1660 5071 1735 5133 ὡς

136 5166 304 5236 ἔφθην
340 5162 538 5227 εἰπὼν,
585 5162 722 5225 ὅλως
753 5162 960 5229 ἔζησαν
984 5178 998 5192 ·
1032 5162 1349 5232 διαρρέουσι
1377 5162 1433 5213 δὲ
1468 5164 1563 5214 καὶ
1608 5179 1732 5212 συν-

136 5256 449 5326 τρξὸονται,
480 5252 743 5322 καθάπερ
787 5254 966 5323 χρόνῳ
1004 5252 1065 5305 τὸ
1095 5248 1235 5304 εἶναι
1269 5251 1412 5303 οὓτω
1456 5250 1519 5320 δὴ
1549 5251 1644 5302 καὶ
1673 5250 1731 5302 τὸ

142 5349 213 5417 μὴ
236 5343 385 5399 εἶναι
412 5345 806 5415 λαμϐάνοντες.
838 5344 1050 5397 Οὑκουν
1080 5342 1308 5396 τοιαῦτα
1349 5344 1443 5395 καλ⁵
1480 5344 1549 5395 τὰ
1589 5342 1729 5411 ἡμέ-

138 5460 291 5514 τερα·
324 5439 447 5494 ἀλλ’
476 5440 640 5501 αὐτὸς
668 5441 697 5492 ὁ
720 5438 924 5508 ἀληθὴς
954 5437 1235 5506 Δεσπότης
1265 5434 1358 5488 καὶ
1389 5436 1727 5504 Δημιουργὸς

139 5537 397 5591 ἁπάντων
420 5535 449 5585 ὀ
491 5532 625 5601 ἐμὸς
656 5532 789 5594 Θεὸς
816 5532 1046 5602 ἄχρονός
1089 5546 1149 5583 τε
1185 5529 1261 5582 ὣν
1293 5528 1386 5582 καὶ
1432 5528 1724 5593 ἀθάνατος,

140 5628 554 5696 καὶθᾶνορωπος
600 5624 829 5695 ὕστερον
863 5627 1072 5692 γίνεται
1103 5622 1171 5675 δι’
1204 5623 1325 5693 ἐμὲ,
1359 5622 1424 5674 ἶν’
1468 5619 1578 5687 ἐγὼ
1623 5620 1722 5687 γέο

139 5737 311 5787 νωμαι
344 5717 414 5770 δι’
459 5717 671 5770 ἐκείνου
709 5718 860 5779 Θεὸς,
906 5718 1001 5769 καὶ
1044 5714 1375 5784 σταυροῦται
1427 5712 1595 5765 θέλων
1630 5710 1723 5763 καὶ

139 5810 422 5870 θάπτεται,
444 5812 539 5862 καὶ
564 5812 863 5879 τριήμερος
890 5809 1203 5872 ἀνίσταται,
1236 5808 1328 5859 καὶ
1355 5808 1431 5867 εἰς
1462 5805 1720 5875 οὐρανοὺς

141 5908 305 5958 ἆνεισι
348 5904 509 5959 πάλιν
545 5903 666 5957 ὅθεν
694 5903 756 5970 δὴ
796 5900 1049 5972 κατῆλθε,
1085 5899 1499 5970 συναναστήσας
1544 5896 1721 5967 ἐαυτῷ

1832 4598 1957 4651 l'acti
1998 4607 2142 4654 sunt.
2179 4599 2383 4664 Quibus
2430 4610 2612 4653 autem
2664 4614 2852 4653 rursus
2882 4614 3075 4653 aurum
3110 4610 3195 4654 est
3242 4610 3415 4655 matc-

1833 4692 1931 4757 ria,
1974 4692 2089 4744 sive
2115 4707 2210 4755 ags,
2247 4692 2360 4744 sive
2386 4702 2694 4758 argentum,
2729 4692 2763 4743 ii
2790 4706 3006 4759 quoque
3031 4690 3133 4745 l‘usi
3168 4693 3291 4762 igne
3323 4707 3416 4745 ve-

1833 4783 2242 4837 hementissimo
2266 4821 2280 4843 ,
2318 4783 2569 4838 similiter
2611 4792 2774 4851 atque
2806 4783 2896 4835 alii
2945 4784 3250 4837 consistunt
3288 4798 3416 4835 om-

1831 4877 1957 4930 nino
1992 4890 2183 4930 seusus
2216 4887 2467 4942 expertes
2511 4894 2522 4928 :
2556 4877 2648 4944 qui
2679 4887 2889 4929 tantum
2938 4876 3127 4939 abest,
3160 4885 3219 4929 ut
3252 4890 3410 4945 Opem

1832 4968 2013 5021 lerant
2045 4967 2184 5030 aliis,
2228 4976 2287 5020 ut
2325 4983 2393 5022 ne
2428 4966 2529 5037 ipsi
2556 4968 2772 5035 quidem
2806 4967 3017 5033 possint
3044 4966 3245 5029 facere,
3278 4983 3415 5035 quo-

1833 5060 2011 5115 minus
2042 5063 2155 5113 htec
2176 5061 2400 5114 omnino
2431 5061 2720 5129 patiantur.
2747 5060 3100 5129 Nequaquam
3134 5074 3264 5128 ergo
3291 5075 3411 5113 mo-

1832 5154 2066 5217 riuntur,
2090 5153 2344 5221 quoniam
2373 5168 2472 5207 nec
2494 5153 2714 5206 omnino
2745 5154 2983 5221 quidem,
3019 5160 3077 5206 ut
3100 5153 3249 5219 prius
3274 5152 3408 5214 dixi,

1829 5246 2083 5298 vixerunt
2114 5267 2124 5299 :
2162 5244 2409 5299 dillluuut
2441 5256 2621 5298 autem
2649 5254 2705 5298 et
2733 5253 3112 5307 conteruntur,
3135 5244 3412 5312 quomodo

1826 5340 1971 5404 quod
2001 5337 2129 5399 siut,
2163 5352 2190 5387 a
2227 5349 2487 5403 tempore,
2521 5338 2592 5388 ita
2627 5336 2811 5402 etiam,
2839 5336 2982 5404 quod
3016 5350 3121 5388 non
3152 5335 3281 5397 sint,
3313 5348 3409 5385 ac-

1824 5429 2107 5495 cipientes.
2142 5426 2254 5480 Non
2289 5442 2416 5494 ergo
2448 5442 2630 5481 nastra
2670 5442 2886 5496 quoque
2914 5438 3042 5481 sunt
3074 5424 3409 5493 hujusmodi,

1824 5523 1917 5577 sed
1954 5520 2069 5589 ipse
2119 5535 2277 5575 verus
2316 5521 2578 5575 Dominus
2624 5531 2677 5575 et
2718 5520 2894 5589 opifex
2932 5520 3209 5581 omnium,
3267 5517 3410 5571 Deus

1823 5629 2011 5679 meus,
2046 5615 2135 5682 qui
2172 5623 2256 5667 est
2304 5623 2359 5666 et
2387 5627 2581 5680 expers
2628 5614 2885 5681 temporis
2909 5652 2923 5674 ,
2952 5621 3006 5664 et
3044 5607 3403 5668 immortalis,

1822 5718 2041 5775 propter
2100 5722 2182 5759 me
2216 5721 2431 5775 quoque
2472 5707 2527 5757 tit
2576 5706 2735 5758 homo
2783 5712 3001 5773 postea,
3036 5712 3095 5754 ut
3145 5714 3244 5768 ego
3280 5700 3402 5750 liam

1830 5817 1923 5868 per
1976 5803 2122 5853 illum
2211 5800 2388 5865 Drus;
2469 5800 2761 5867 volensque
2820 5798 2964 5852 cruci
3034 5793 3269 5862 afﬁgitur
3345 5799 3401 5843 et

1833 5897 2113 5967 sepelitur,
2144 5905 2198 5950 et
2240 5897 2399 5952 tertio
2433 5895 2517 5952 die
2553 5895 2804 5967 resurgit,
2832 5903 2885 5952 et
2912 5904 3097 5948 rursus
3124 5889 3179 5942 iu
3209 5884 3402 5942 calum
