4154 6490
743 429 851 491 839

1974 419 2254 479 MENSIS
2292 422 2752 507 IANUARIUS.

3932 431 4043 494 840

736 560 1019 621 ascendit,
1058 556 1199 608 unde
1227 556 1607 615 descenderat,
1684 568 1805 607 cum
1858 566 1955 606 nos
1987 566 2090 604 uua
2123 566 2329 619 quoque

2446 556 2540 607 καὶ
2572 556 2742 625 ἡμᾶς,
2773 556 2865 607 καὶ
2895 558 2975 621 εἰς
3004 558 3104 627 τὴν
3130 558 3406 629 προτέραν
3440 561 3614 631 ἀρχὴν
3644 564 4041 631 ἐπαναγαγὼν,

736 652 953 709 fecisset
995 661 1313 715 resurgere,
1356 657 1407 700 et
1452 648 1517 699 ad
1562 645 1797 715 priorem
1833 644 2135 697 reduxisset
2180 644 2329 711 prin-

735 748 1012 813 cipatum,
1064 759 1091 793 a
1145 754 1252 811 quo
1309 739 1445 794 male
1501 739 1803 795 excidimus
1853 745 2073 807 propter
2132 735 2323 790 iuobe-

736 837 1015 889 dientiain.

2442 642 2507 718 ἦς
2536 647 2624 700 διὰ
2657 648 2758 720 τὴν
2794 650 3083 722 παρακοήν
3109 651 3291 714 κακῶς
3320 652 3784 726 ἐκπεπτώκαμεν.

2175 1055 2400 1111 CAPUT
2449 1055 2533 1110 Vl.

1297 1238 1443 1289 Varii
1501 1234 1708 1287 tolerati
1761 1230 1939 1284 Roma’
1986 1228 2277 1283 cruciatus.
2314 1227 2472 1282 Mulli
2509 1238 2743 1285 conversi
2794 1241 2842 1284 ct
2886 1233 3144 1302 martyrio
3184 1233 3446 1286 coronati.

806 1430 998 1486 XXIX.
1048 1427 1277 1495 Propter
1329 1427 1442 1479 ba'c
1472 1426 1765 1491 imperatur
1807 1424 1872 1474 ad
1914 1421 2047 1473 iram
2084 1419 2329 1473 concita-

736 1540 853 1591 tur;
918 1535 973 1579 et
1026 1521 1206 1576 verbis
1262 1520 1437 1572 victus
1518 1516 1852 1569 c0uvertitur
1907 1516 1972 1566 ad
2027 1513 2324 1581 supplicia,

735 1619 986 1671 nesciens
1018 1614 1238 1674 stultus,
1272 1627 1329 1663 se
1363 1626 1454 1677 per
1480 1608 1567 1659 illa
1605 1609 1773 1675 magis
1799 1622 1919 1660 esse
1948 1606 2270 1660 vincendum
2311 1622 2325 1660 :

734 1709 1002 1778 siquidem
1038 1718 1285 1775 apertum
1319 1714 1403 1757 est
1441 1700 1733 1765 iudicium,
1770 1700 1969 1753 viCtum
2007 1714 2127 1753 esse
2161 1715 2287 1753 eum
2310 1738 2325 1761 ,

734 1803 826 1873 qui
850 1802 1038 1871 punit,
1076 1800 1217 1867 quud
1249 1799 1317 1863 is,
1344 1797 1434 1864 qui
1474 1794 1713 1863 punitur,
1749 1793 1880 1846 nihil
1910 1794 2133 1847 omnino
2168 1794 2327 1847 cedat
2361 1834 2401 1891 Β

736 1895 1034 1965 suppliciis.
1085 1891 1245 1945 Jubet
1280 1904 1409 1959 ergo
1452 1899 1581 1941 rotae
1634 1886 1846 1954 alligari
1891 1896 2221 1955 martyrem,
2272 1895 2325 1939 ct

739 2000 907 2040 rotam
927 1986 1139 2056 quidem
1167 1985 1299 2035 verti
1328 1994 1523 2050 magno
1560 1983 1786 2048 impetu,
1825 1989 2115 2049 martyrem
2146 1990 2326 2033 autem

738 2082 900 2151 \irgis
948 2078 1227 2133 verberari
1288 2075 1700 2130 crudelissimis.
1755 2073 2065 2142 Statimque
2120 2085 2329 2143 martyr

737 2174 913 2228 fuerat
982 2175 1269 2241 alligatus,
1332 2181 1448 2223 rota
1511 2182 1640 2221 vero
1694 2158 2005 2221 vertebatur
2054 2167 2325 2221 celeriter.

737 2265 941 2335 Martyr
968 2276 1145 2317 autem
1165 2304 1179 2327 ,
1207 2264 1422 2330 quando
1450 2270 1568 2313 erat
1596 2259 1811 2327 quidem
1843 2258 1894 2310 in
1931 2267 2047 2310 rota
2073 2256 2326 2322 sublimi,

737 2360 1054 2412 tradebatur
1115 2357 1179 2408 iis
1216 2356 1307 2423 qui
1344 2354 1736 2418 verberabant;
1780 2351 1999 2421 quando
2035 2367 2162 2405 vero
2206 2360 2326 2405 rota

736 2468 857 2503 cum
898 2450 997 2503 sub
1041 2465 1099 2503 se
1133 2448 1337 2501 ferebat
1363 2486 1377 2509 ,
1407 2462 1606 2515 corpus
1641 2446 1757 2513 ejus
1786 2447 1982 2499 acerbe
2011 2446 2329 2499 conscinde-

736 2544 917 2604 batur,
951 2550 1007 2595 et
1041 2554 1164 2593 ossa
1215 2539 1656 2592 conterebantur.
1711 2537 1954 2605 Cumque
1998 2537 2076 2590 sic
2116 2536 2327 2587 lacera-

738 2648 905 2699 retur,
963 2635 1187 2686 Domine
1243 2632 1313 2684 mi
1365 2628 1492 2684 Jesu
1524 2631 1738 2683 Clu-iste
1763 2670 1777 2691 ,
1809 2630 2061 2691 dicebat,
2099 2630 2219 2681 veni
2259 2632 2325 2681 ad

738 2748 893 2799 upetn
930 2732 1059 2782 milii
1106 2729 1409 2790 ferendam,
1440 2739 1491 2781 et
1523 2728 1638 2779 leva
1675 2743 1757 2779 tne
1798 2726 1901 2779 hoc
1933 2727 2170 2795 pondere
2199 2742 2327 2795 sup-

742 2824 889 2893 plit'ii
923 2840 934 2873 :
964 2822 1217 2890 quoniam
1246 2820 1721 2873 circumdederunt
1750 2832 1839 2870 me
1865 2816 2077 2871 dolores
2112 2819 2325 2876 mortis.

739 2918 977 2986 pericula
1016 2916 1213 2968 inl’eini
1252 2915 1578 2966 invenerunt
1610 2926 1716 2963 me.
1760 2911 1989 2979 Respice
2025 2912 2091 2964 ad
2128 2928 2233 2973 me,
2275 2921 2329 2965 et

739 3011 1001 3061 miserere
1032 3006 1173 3066 mei,
1212 3013 1265 3057 et
1300 3019 1365 3055 ex
1406 3001 1823 3055 necessitatibus
1859 3002 1992 3054 meis
2038 3015 2168 3055 erue
2219 3016 2325 3057 me.

738 3102 897 3153 Adsis
933 3100 1086 3158 milii,
1136 3108 1191 3149 ut
1239 3097 1532 3164 aliquando
1579 3095 1740 3146 etiam
1782 3092 2079 3163 paralytiro
2124 3094 2225 3160 (5),
2262 3095 2326 3147 ad

2509 1424 2634 1482 ΚΗ.
2682 1426 2803 1478 Ἐπὶ
2836 1426 3046 1489 τούτοις
3076 1427 3213 1496 ὀργὴ
3243 1425 3515 1496 λαμϐάνει
3556 1427 3647 1478 τὸν
3678 1425 3908 1494 βασιλέα
3940 1427 4043 1477 καὶ

2437 1520 2573 1587 πρ“ς
2631 1519 2757 1581 τοὺς
2808 1518 3001 1586 λόγους
3046 1519 3400 1589 ἡττώμενος,
3458 1520 3551 1571 ἐπὶ
3604 1518 3702 1582 τὰς
3752 1521 4040 1589 τιμωρίας

2436 1610 2656 1681 ἐχώρει,
2684 1612 2783 1663 οὑκ
2815 1612 2972 1675 εἰδὼς
3006 1614 3257 1680 ἀνόητος,
3289 1614 3372 1665 ὃτι
3397 1612 3530 1665 πολὺ
3567 1613 3767 1682 μᾶλλον
3788 1614 3859 1665 δι’
3887 1614 4041 1667 ἐκεί-

2437 1722 2541 1755 νων
2576 1703 2803 1772 ἔμελλεν
2854 1704 3287 1775 ἡττηθήσεσθαι,
3328 1706 3490 1775 εἰπερ
3537 1700 3676 1776 ἧττα
3706 1706 3891 1774 σαφὴς
3935 1705 4036 1757 τοῦ

2434 1796 2758 1859 κολάζοντος
2790 1797 2851 1849 τὸ
2884 1798 2976 1848 τὸν
3010 1796 3379 1866 κολαζόμενον
3406 1797 3575 1867 μηδὲν
3610 1798 3746 1860 am;
3783 1796 4038 1849 ἐνδοῦναι

2432 1890 2530 1957 τῆς
2574 1890 2872 1959 τιμωρίας.
2935 1889 3166 1942 Κελεύει
3217 1890 3350 1955 γοῦν
3407 1889 3591 1961 τροχῷ
3632 1891 3725 1943 τὸν
3770 1891 4035 1959 μάρτυρα

2434 1980 2825 2051 προσδεθῆναι,
2864 1982 2959 2034 καὶ
2988 1982 3081 2035 τὸν
3106 1984 3207 2053 μέν
3233 1982 3427 2054 τροχὸν
3462 1982 3603 2053 μετὰ
3629 1983 3832 2052 πολλῆς
3866 1984 4035 2053 στρε-

2434 2073 2629 2142 φεσθαι
2646 2073 2743 2142 τῆς
2774 2072 2975 2143 ὁρμῆς,
3004 2073 3095 2127 τὸν
3120 2075 3378 2145 μάρτυρα
3403 2074 3459 2126 δὲ
3486 2073 3697 2145 pasam:
3723 2072 4036 2143 ώμοτάτως

2433 2165 2758 2220 τύπτεσθαι.
2793 2166 2905 2218 Καὶ
2934 2165 3139 2218 αὐτίκα
3172 2168 3201 2217 ό
3232 2167 3331 2235 μὲν
3361 2165 3597 2235 ἀθλητὴς
3632 2165 3846 2217 ἐδέδετο
3868 2180 3881 2193 ”
3914 2167 3942 2217 6
3972 2163 4036 2216 δὲ

2434 2261 2625 2329 τροχὸς
2673 2260 2840 2323 ὀξέως
2884 2262 3134 2331 ἐφέρετο.
3180 2263 3239 2315 '0
3275 2264 3333 2315 δὲ
3381 2264 3593 2333 μάρτυς
3636 2263 3725 2315 ὅτε
3788 2263 3889 2330 μὲν
3936 2264 4033 2314 ἐπὶ

2436 2352 2717 2422 μετεώρου
2750 2352 2843 2404 τοῦ
2890 2353 3089 2422 τροχοῦ
3130 2350 3199 2425 ἦν
3240 2358 3354 2417 τοῖς
3390 2355 3683 2408 τύπτουσιν
3734 2354 4030 2420 ἐξεδίδοτο.

2432 2444 2597 2511 ἡνίκα
2632 2444 2687 2497 δὲ
2722 2444 2887 2497 πάλιν
2927 2446 3091 2497 αὑτὸν
3139 2447 3227 2516 ὑφ’
3261 2446 3457 2500 ἑαυτὸν
3500 2446 3814 2516 ὲλάμὸανεν
3838 2452 3867 2499 6
3898 2464 4036 2516 τρο-

2433 2537 2523 2605 χὸ;
2579 2537 2948 2607 κατετέμνετο
2989 2538 3205 2601 πικρῶς
3264 2539 3326 2591 τὸ
3386 2539 3581 2608 σῶμα,
3628 2541 3723 2591 καὶ
3770 2539 3841 2589 τὰ
3891 2540 4033 2589 ὀστᾶ

2433 2632 2803 2701 συνετρίὸετο.
2844 2634 2951 2686 Καὶ
2981 2632 3157 2695 οὓτως
3186 2633 3280 2684 ἐπὶ
3320 2633 3545 2695 πολλαῖς
3576 2636 3693 2694 ταῖς
3724 2632 3901 2701 ὥραις
3939 2651 4035 2683 κο-

2435 2729 2704 2797 πτόμενος
2728 2767 2742 2791 ,
2773 2728 2946 2799 Κύριε
2984 2727 3161 2798 Ἰησοῦ
3193 2728 3417 2797 Χριστέ,
3451 2728 3660 2795 ἔλεγεν,
3698 2727 3823 2789 ἐλθὲ
3859 2730 3944 2788 εἰς
3975 2730 4038 2778 το

2434 2821 2701 2891 βοηθῆσαί
2756 2838 2885 2891 μοι,
2929 2821 3025 2873 καὶ
3069 2821 3131 2873 τὸ
3179 2820 3320 2891 βαρὺ
3372 2820 3533 2873 τοῦτο
3586 2820 3685 2889 τῆς
3746 2821 4037 2881 κολάσεως

2433 2914 2814 2981 ἐπικούφισον,
2837 2916 2919 2967 ὅτι
2953 2915 3247 2985 περιέσχον
3280 2932 3347 2982 με
3392 2914 3583 2976 ὠδῖνες
3606 2914 3871 2977 θανάτου,
3910 2915 4036 2965 κίν-

2432 3010 2579 3062 δυνοι
2638 3010 2766 3079 ᾅδου
2816 3009 3049 3081 εὖροσάν
3103 3027 3192 3079 με.
3256 3008 3584 3075 Ἐπίῦλεψον
3630 3008 3719 3061 ἐπ’
3777 3009 3881 3077 ἐμὲ
3940 3010 4040 3060 καὶ

2435 3101 2659 3170 ἐλέησόν
2693 3118 2781 3169 με,
2816 3103 2911 3153 καὶ
2947 3103 3011 3153 ἐκ
3053 3100 3164 3152 τῶν
3204 3100 3461 3167 ἀναγκῶν
3503 3116 3604 3168 μου
3640 3098 3884 3167 ἐξάγαγὲ
3928 3115 4034 3167 με·

738 3193 959 3257 gluriam
1015 3200 1195 3253 luam,
1263 3190 1329 3240 ad
1385 3187 1784 3239 conlessiuucm
1828 3185 1901 3236 tui
1950 3185 2222 3248 nominis,
2268 3187 2329 3237 ad

2440 3193 2753 3262 παράστηοι
2804 3193 2879 3253 ὠς
2916 3193 2993 3262 τῷ
3038 3194 3396 3264 παραλυτικῷ
3446 3210 3600 3257 ποτε,
3634 3194 3728 3244 καὶ
3768 3194 3899 3261 ἐμοὶ
3957 3196 4039 3251 εἰς

740 3284 976 3334 dedecus
1011 3291 1062 3333 et
1110 3280 1459 3344 ignominiam
1518 3278 1901 3341 inimicorum,
1946 3277 2012 3330 ad
2064 3277 2327 3344 majorum

741 3384 961 3441 propter
1000 3384 1047 3424 te
1084 3371 1489 3440 perpessiouum
1522 3370 1887 3423 tolerantiam.

817 3569 982 3623 XXX.
1026 3570 1146 3623 ΙΙωο
1190 3586 1311 3622 cum
1359 3571 1585 3624 dixisset
1623 3580 1865 3633 sanctus,
1904 3571 2084 3624 statim
2117 3580 2171 3625 et
2214 3582 2327 3624 rota

739 3680 763 3711 a
804 3675 972 3724 mutu,
1005 3672 1059 3715 et
1107 3662 1196 3730 qui
1261 3663 1661 3725 verberabant,
1707 3674 2058 3716 cessaverunt
2094 3679 2121 3715 a
2155 3662 2327 3733 plagis

740 3753 1028 3805 atlereudis
1073 3772 1085 3803 :
1135 3764 1187 3805 et
1235 3765 1444 3823 martyr
1478 3755 1698 3822 quidem
1749 3754 1908 3806 simul
1952 3756 2019 3807 ab
2051 3755 2325 3817 omnibus,

740 3860 787 3899 ut
824 3862 851 3898 a
890 3855 1026 3909 rota,
1058 3858 1109 3897 et
1146 3861 1173 3895 a
1212 3846 1437 3898 vinculis
1469 3847 1574 3900 illis
1605 3862 1699 3898 sua
1732 3856 1925 3913 sponte
1959 3848 2167 3899 solutus
2215 3846 2330 3899 fue-

744 3952 856 4002 rat,
903 3950 956 3989 et
1018 3938 1300 3989 restitutus
1357 3940 1406 3989 in
1455 3939 1690 4004 priorem
1739 3938 2028 3990 sanitatem
2065 3956 2077 3989 :
2113 3937 2329 3990 lictores

740 4044 919 4082 autem
959 4030 1128 4081 subiit
1183 4029 1549 4082 membrorum
1587 4029 1891 4082 dissolutio.
1940 4030 2002 4081 Et
2054 4029 2205 4081 multi
2264 4044 2326 4081 ex

742 4122 1030 4176 Romanis.
1087 4123 1176 4190 qui
1216 4124 1282 4173 ad
1320 4123 1424 4173 tale
1477 4123 1847 4188 spectaculum
1901 4132 2323 4185 concurrerint,

741 4214 888 4266 sanis
929 4225 1222 4266 evaserunt
1252 4215 1469 4273 animis,
1516 4223 1590 4275 et,
1627 4212 1848 4281 Magnus
1886 4222 1967 4267 est
2004 4214 2143 4267 Deus
2170 4212 2329 4266 Chri-

742 4308 1082 4368 stianorum,
1145 4324 1336 4375 magna
1394 4324 1525 4359 voce
1576 4307 2041 4363 extlamavermit.
2105 4306 2329 4377 Magnus

743 4414 871 4450 vero
908 4398 1192 4462 Clemens,
1248 4398 1338 4464 qui
1378 4409 1497 4449 erat
1531 4413 1655 4449 vere
1693 4396 1888 4450 Christi
1929 4397 2164 4465 palmes,
2203 4413 2327 4450 cum

744 4492 906 4544 veluti
951 4492 1204 4557 pulchros
1241 4493 1501 4559 quosdam
1554 4491 1765 4544 fructus
1799 4507 1894 4545 sua
1933 4492 2170 4544 membra
2222 4492 2329 4545 Deo

743 4583 1063 4636 obtulisset:
1098 4583 1212 4649 Λευ
1260 4583 1353 4634 tibi
1385 4584 1609 4650 gratias,
1649 4583 1888 4644 dieebat,
1926 4597 1957 4635 ο
1997 4582 2156 4645 Deus,
2187 4585 2329 4653 quod

747 4672 979 4725 volueris
1011 4690 1093 4726 me
1136 4674 1186 4723 in
1230 4674 1330 4725 hac
1374 4673 1605 4726 maxima
1642 4684 1694 4727 et
1725 4674 2159 4742 frequentissima
2191 4676 2328 4729 etvi-

746 4776 851 4818 tate
899 4766 1007 4833 pati
1063 4781 1159 4832 pro
1206 4763 1343 4817 Filio
1387 4777 1477 4817 tuo
1506 4766 1802 4835 unigenito,
1846 4768 1935 4834 qui
1970 4768 2083 4834 ipse
2111 4782 2328 4836 quoque

748 4875 940 4927 passus
967 4861 1062 4908 luit
1097 4875 1189 4925 pru
1223 4859 1399 4919 nobis,
1428 4867 1481 4911 et
1509 4860 1740 4924 pretium
1771 4872 1967 4913 nostra:
1995 4860 2327 4929 captivitatis

748 4962 802 5003 et
846 4952 1126 5004 servitutis
1156 4968 1311 5002 suum
1354 4951 1539 5003 elludit
1576 4952 1918 5018 sanguinem.
1956 4950 2159 5005 Deinde
2201 4954 2330 5005 sub-

749 5045 929 5111 iunxit
972 5047 1135 5098 etiam
1169 5046 1363 5099 seriem
1409 5056 1759 5110 sanctorum,
1791 5047 1881 5112 qui
1924 5044 2109 5100 Romae
2137 5058 2327 5100 erant:

752 5138 920 5203 Quem
980 5138 1202 5202 Petrus,
1261 5140 1468 5207 inquit,
1525 5140 1713 5192 docuit
1760 5139 1971 5205 colere,
2024 5151 2079 5193 et
2134 5139 2333 5193 Paulus

754 5232 1091 5298 prmdicavit,
1137 5240 1190 5283 et
1225 5232 1317 5300 qui
1354 5241 1475 5285 erat
1508 5230 1769 5298 ejusdem,
1812 5230 1968 5299 cujus
2002 5247 2124 5302 ego,
2156 5234 2332 5286 nomi-

755 5320 837 5373 nis
869 5319 1118 5373 Clemens
1147 5322 1234 5373 ille
1271 5323 1512 5389 sapiens.
1546 5322 1878 5375 adorandum
1906 5337 2024 5376 esse
2054 5324 2293 5378 decrevit
2318 5342 2332 5387 ;

754 5422 807 5462 et
834 5411 1049 5464 divinus
1078 5412 1331 5477 deinceps
1357 5410 1647 5466 Onesimus
1670 5421 1753 5466 est
1779 5411 2080 5466 confessus.
2107 5412 2332 5481 Prupter

756 5518 913 5572 quem
964 5504 1059 5572 ipsi
1105 5518 1322 5571 quoque
1364 5504 1529 5571 passi,
1573 5503 1741 5557 libere
1776 5502 2027 5572 loquendi
2066 5514 2335 5573 potestate

757 5594 899 5662 apud
922 5608 1013 5647 eos
1041 5594 1216 5647 valent
1251 5594 1571 5663 plurimum,
1590 5606 1645 5649 et
1669 5596 1967 5649 adorantur
1998 5612 2025 5648 a
2062 5595 2331 5663 ﬁdelibus,

759 5685 899 5739 haud
957 5687 1027 5739 ita
1066 5689 1233 5742 multo
1280 5699 1401 5756 post
1450 5698 1629 5743 autent
1671 5689 2041 5743 adorabuntur
2099 5690 2261 5745 etiam
2302 5707 2332 5746 a

838 5894 913 5959 (αὖ)
954 5893 1080 5948 Atta
1120 5893 1319 5963 priora,
1358 5894 1545 5947 Paulo.

2434 3284 2593 3348 δόξαν
2655 3287 2791 3355 σὴν,
2842 3288 2918 3348 είς
2968 3285 3262 3354 ὁμολογίαν
3315 3285 3410 3337 τοῦ
3460 3284 3556 3336 σοῦ
3607 3284 3902 3353 ὀνόματος,
3957 3288 4040 3346 εἰς

2436 3376 2702 3446 αἰσχύνην
2746 3381 2835 3429 καὶ
2884 3378 3152 3447 ἐντροπὴν
3194 3378 3302 3429 τῶν
3355 3377 3590 3448 ἐχθρῶν,
3634 3379 3717 3439 εἰς
3762 3377 4037 3429 πλειόνων

2436 3468 2573 3538 ὑπὲρ
2617 3467 2711 3519 σοῦ
2745 3468 3087 3537 παθημάτων
3120 3469 3419 3539 ὑπομονήν.

2505 3560 2582 3615 Λ’.
2622 3561 2808 3614 Ταῦτα
2832 3560 2926 3613 τοῦ
2959 3562 3114 3629 ἁγίου
3159 3562 3424 3624 εἰπόντος,
3449 3561 3647 3623 εὐθέως
3684 3563 3712 3613 ὃ
3743 3579 3799 3613 τε
3836 3565 4039 3631 τροχξς

2432 3656 2530 3722 τῆς
2557 3656 2751 3723 φορᾶς,
2805 3654 2899 3707 καὶ
2928 3655 2974 3706 οἰ
3016 3654 3312 3716 τύπτοντες
3342 3653 3453 3706 τῶν
3486 3653 3715 3723 πληγῶν
3762 3654 4036 3721 ἔστησαν-

2435 3746 2542 3797 Καὶ
2574 3747 2601 3796 6
2636 3745 2847 3814 μάρτυς
2895 3747 2996 3813 μὲν
3028 3744 3245 3796 πάντων
3276 3742 3415 3813 ὁμοῦ
3440 3746 3531 3797 καὶ
3564 3744 3658 3795 τοῦ
3685 3745 3912 3813 τροχοῦ,
3942 3748 4041 3797 καὶ

2431 3838 2539 3888 τῶν
2571 3834 2787 3904 δεσμῶν
2821 3834 3046 3885 ἐκείνων
3073 3833 3396 3902 αὐτομάτως
3418 3833 3659 3896 ἐλέλυτο,
3692 3835 3788 3885 καὶ
3816 3835 3899 3893 είς
3934 3835 4041 3898 τήν

2434 3931 2705 3998 προτέραν
2768 3926 2956 3994 ὑγείαν
3015 3926 3463 3979 ἀποκαθίστατο’
3518 3927 3643 3985 τοὺς
3696 3925 3934 3994 δημίους
3979 3926 4039 3977 δὲ

2440 4023 2668 4091 πάρεσις
2716 4021 2890 4091 εἰσῄει
2928 4020 3125 4089 μελῶν,
3176 4020 3269 4071 καὶ
3302 4018 3488 4071 πολλοὶ
3522 4018 3632 4070 τῶν
3664 4018 3761 4070 ἐπὶ⁵
3798 4018 4041 4088 τοιαύτῃ

2435 4112 2849 4183 συνδραμόντων
2874 4112 2971 4182 θέα
3001 4111 3290 4179 Ῥωμαίων
3314 4110 3411 4173 τὰς
3443 4111 3621 4180 ψυχὰς
3656 4110 4041 4179 ὑγιάτθησαν,

2435 4207 2549 4270 καὶ,
2594 4206 2779 4272 Μέγας
2802 4207 2829 4257 6
2854 4204 2987 4266 Θεὸς
3012 4204 3120 4257 τῶν
3145 4203 3511 4272 Χριστιανῶν,
3542 4203 3755 4273 μεγάλῃ
3778 4203 3855 4264 ὡς
3887 4199 4043 4271 εἶχεν

2434 4298 2666 4367 ἐδάησαν
2717 4300 2784 4367 τῇ
2844 4298 3021 4367 φωνῇ.
3084 4297 3142 4351 Ὀ
3178 4298 3361 4366 μέντοι
3392 4300 3638 4365 γενναῖος
3671 4298 3939 4365 Κλήμης,
3979 4300 4043 4347 το

2436 4394 2653 4459 εὐγενὲς
2686 4392 2760 4455 ώς
2800 4391 3018 4461 ἀληθῶς
3072 4390 3165 4444 τοῦ
3204 4392 3443 4460 Χριστοῦ
3492 4391 3712 4460 κλῆμα,
3773 4390 4045 4459 καθάπερ

2434 4488 2583 4548 τινὰς
2614 4486 2849 4556 ώραίους
2882 4487 3130 4553 καρποὺς
3159 4486 3228 4539 τὰ
3264 4484 3460 4538 ἑαυτοῦ
3489 4486 3627 4555 μέλη
3663 4490 4042 4553 καρποφορή-

2443 4597 2541 4642 σας
2567 4580 2718 4648 Θεῷ·
2749 4578 3073 4649 Εὑχαριστῶ
3112 4596 3218 4642 σοι,
3254 4580 3464 4646 ἔλεγεν,
3502 4581 3528 4631 6
3572 4578 3726 4639 Θεὸς,
3762 4577 3849 4629 ὅτι
3900 4594 4041 4629 κατν

2438 4675 2690 4748 ηξίωσάς
2710 4691 2778 4742 με
2811 4674 2914 4725 κάν
2939 4675 3007 4742 τῇ
3044 4674 3279 4744 μεγίστῃ
3324 4672 3499 4744 ταύτῃ
3540 4673 3631 4723 καὶ
3672 4671 4044 4735 πολυανθρω-

2438 4768 2650 4837 ποτάτῃ
2683 4767 2790 4820 τῶν
2828 4766 3040 4818 πόλεων
3084 4767 3224 4836 ὑπὲρ
3255 4765 3348 4820 τοῦ
3384 4763 3705 4835 μονογενοῦς
3747 4764 3882 4817 Υἱοῦ
3935 4783 4040 4817 σου

2440 4859 2655 4921 παθεῖν,
2714 4858 2810 4911 τοῦ
2847 4859 2940 4910 καὶ
2993 4856 3157 4911 αὐτοῦ
3200 4858 3465 4920 παθόντος
3499 4857 3640 4927 ὑπὲρ
3689 4857 3873 4925 ἡμῶν,
3939 4862 4035 4910 καῖ

2439 4952 2635 5021 λύτρον
2690 4951 2789 5019 τῆς
2837 4951 3115 5020 ἡμετέρας
3164 4949 3541 5020 αἰχμαλωσίας
3567 4950 3659 5001 καὶ
3692 4953 3789 5017 τῆς
3820 4950 4007 5001 δουλώ

2438 5064 2594 5111 σεως,
2627 5048 2686 5100 τὸ
2713 5049 2912 5101 οἰκεῖον
2937 5042 3078 5117 αἷμα
3104 5049 3415 5117 ἐκχέαντος.
3447 5045 3577 5101 Εἶτα
3602 5049 3696 5103 καὶ
3724 5050 3816 5100 τὸν
3846 5051 4047 5118 ὁρμα-

2437 5142 2527 5194 θὸν
2554 5142 2664 5193 τῶν
2717 5142 2774 5192 ἐν
2828 5144 2894 5211 τῇ
2945 5139 3131 5212 Ῥώμῃ
3188 5141 3362 5208 ἁγίων
3390 5142 3629 5210 ἐπῆγεν·
3667 5143 3762 5195 Ὀν
3795 5142 4043 5212 Πέτρος,

2438 5236 2625 5305 φησὶν,
2681 5234 2886 5302 ἐδίδαξε
2937 5235 3141 5299 σέϐειν,
3204 5238 3300 5289 καλ⁵
3334 5235 3545 5299 Παῦλος
3598 5235 3837 5306 ἐκήρυξε
3870 5238 3977 5289 καὶ
4015 5239 4043 5288 6

2438 5326 2752 5396 συνώνυμος
2788 5326 2912 5397 ἐμοὶ
2967 5326 3200 5396 Κλήμης
3256 5328 3285 5380 6
3335 5329 3499 5397 σοφὸς
3549 5328 3900 5395 ἐδογμάτισε,
3941 5334 4045 5382 καὶ

2455 5421 2741 5488 Ὀνήσιμος
2774 5421 2802 5472 6
2822 5420 2962 5484 θεῖος
2985 5420 3113 5489 teri;
3145 5421 3503 5490 ὡμολόγησεν
3529 5439 3542 5451 ·
3571 5420 3638 5473 δι’
3659 5421 3718 5471 δν
3751 5420 3849 5471 καὶ
3873 5424 4046 5473 αὐτοὶ

2443 5514 2710 5574 παθόντες
2746 5513 2951 5582 πολλὴν
2986 5532 3043 5567 τε
3078 5516 3216 5583 πρὸς
3271 5515 3434 5567 αὐτὸν
3460 5513 3643 5583 εχουσι
3671 5513 3768 5581 τὴν
3807 5515 4045 5582 παῤῥηο

2445 5605 2587 5666 σίαν,
2642 5605 2738 5657 καὶ
2771 5606 2876 5658 ὑπὸ
2908 5606 3125 5661 πάντων
3160 5606 3367 5660 πιστῶν
3403 5606 3862 5676 προσκυνοῦνται,
3914 5623 3985 5673 με
4000 5607 4043 5656 τ’

2442 5699 2501 5750 οὐ
2535 5698 2668 5750 πολὺ
2704 5698 2759 5750 δὲ
2791 5701 2884 5751 καὶ
2935 5700 3037 5752 ὑπὸ
3083 5699 3322 5753 εὐσεὸῶν
3349 5698 3611 5769 βασιλέων
3646 5698 4045 5767 τροσκυνηθή-
