4154 6490
105 431 205 494 Sil

1154 435 1329 496 VITA
1376 437 1439 497 S.
1469 434 1904 498 CLEMENTIS
1949 430 2357 493 ANCYRANI.

3288 428 3394 491 842

104 567 311 603 σονται.
336 548 510 603 Τοῦτο
532 548 585 602 δέ
605 544 729 602 εἷπε
752 546 1163 619 προαναφωνῶν
1192 547 1291 617 τὴν
1317 547 1416 617 τῆς
1445 546 1702 607 ἀσεϐείας

1831 544 2059 599 ldelibus
2085 543 2529 613 imperatoribus.
2565 543 2676 599 lloc
2702 551 2881 599 autem
2908 543 3065 611 dixit,
3098 541 3394 614 praedicens

104 640 452 712 καθαίρεσιν.

177 804 306 859 ΔΑ’.
348 805 537 858 Ταῦτα
578 806 804 875 μείζονα
856 804 1228 875 Διοκλητιανῷ
1266 804 1361 862 τοῦ
1400 805 1576 875 θυμοῦ
1605 806 1704 876 τὴν

106 898 286 967 ςῖόγα
319 898 517 958 ἐποίει,
548 899 642 951 καὶ
676 899 891 962 στύλοις
926 898 1149 951 ἐκέλευε
1200 897 1438 967 σιδηροῖς
1464 898 1526 950 τὸ
1558 914 1703 967 μαρ-

104 994 335 1062 τυρικὺν
390 995 569 1045 ἐκεῖνο
605 992 777 1062 στόμα
833 991 1294 1046 συνθλὰττεσθαι·
1333 990 1455 1044 ὅθεν
1507 992 1555 1043 οἱ
1608 990 1705 1061 μὲν

105 1087 323 1146 ὀδόντες
356 1086 449 1136 εὐο
495 1103 520 1147 ς
564 1084 937 1155 ἐξεκρούοντο,
991 1086 1045 1137 αἱ
1085 1084 1337 1151 σιαγὸνες
1367 1083 1422 1134 δὲ
1458 1081 1704 1149 συνετρί-

106 1177 287 1229 ϐιντο.
337 1177 398 1228 Ἦ
436 1177 491 1228 δὲ
522 1177 673 1246 φωνὴ
699 1178 796 1238 ουκ
824 1176 1097 1245 ἐπείχετο,
1139 1175 1261 1227 οὺδέ
1295 1192 1379 1237 τις
1412 1175 1503 1225 καὶ
1532 1174 1705 1243 μικρὰ

106 1272 308 1335 ὕφεσις
334 1272 435 1339 τῆς
469 1272 688 1340 μακρᾶς
722 1269 936 1338 ἐκείνης
961 1270 1276 1342 παρρησίας
1309 1268 1517 1335 ἐγίνετο
1538 1284 1550 1295 ·
1572 1268 1707 1320 ἀλλὰ

108 1365 204 1415 καὶ
237 1364 349 1417 τῶν
384 1363 596 1433 δημίων
630 1363 741 1413 τῶν
800 1363 1010 1432 σιωπὴν
1057 1361 1207 1431 αὐτῷ
1240 1360 1705 1429 ἐγκελευομένων,

110 1455 275 1516 αὐτὸς
303 1454 331 1505 ὁ
363 1454 523 1515 αὐτὸς
555 1448 642 1523 ἦν,
669 1452 765 1505 καὶ
796 1454 916 1505 οὐδὲ
954 1452 1151 1522 μικρδν
1188 1452 1358 1520 ὑφίει,
1396 1452 1708 1505 τούναντίον

113 1547 211 1614 μὲν
244 1541 341 1597 οὖν
375 1548 469 1597 καὶ
504 1546 713 1615 μείζονι
735 1545 1003 1615 ἐκέχρητο
1023 1549 1086 1615 τῇ
1124 1548 1301 1617 φωνῇ.
1352 1545 1605 1613 καθάπερ
1626 1563 1708 1622 τις

113 1638 354 1707 χαλκοῦς
392 1640 617 1709 ἀνδριὰς
639 1642 708 1708 τῇ
736 1638 1076 1709 σφοδροτέρα
1101 1639 1285 1708 πληγῇ
1319 1639 1541 1709 μείζονα
1576 1640 1711 1707 μᾶλ-

112 1728 199 1779 λον
228 1728 327 1780 τὸν
351 1725 484 1797 ἦχον
513 1728 815 1782 ἀποτελῶν.
844 1729 964 1796 Ἐφ’
986 1723 1067 1792 οἷς
1089 1731 1180 1781 καὶ
1200 1731 1267 1782 αὑ
1280 1730 1361 1792 τὸς
1393 1728 1715 1800 ἀπαγορεύει

117 1838 210 1883 σας
240 1825 267 1875 ὀ
304 1822 585 1892 βασιλεὺς,
616 1822 787 1893 δεσμὰ
819 1822 915 1875 καὶ
946 1822 1042 1893 τὴν
1074 1822 1182 1885 ἀπὸ
1216 1822 1325 1877 τῶν
1366 1822 1580 1891 δεσμῶν
1615 1840 1713 1875 τα-

1808 652 1935 690 mox
1969 634 2250 690 delendam
2286 634 2639 704 impietatem.

1880 802 2069 858 XXXI.
2105 801 2228 856 lla:c
2246 800 2569 856 Diocletiani
2610 803 2849 856 animum
2882 802 3061 856 acrius
3091 802 3393 856 inﬂamma-

1811 906 2005 950 veruut
2038 913 2051 948 :
2079 894 2245 965 jussit
2268 902 2447 949 autem
2481 893 2636 963 Stylis
2680 893 2874 948 ferreis
2900 893 3029 947 illud
3072 894 3392 963 praeclarum

1812 989 2064 1059 martyris
2121 1004 2183 1042 os
2255 988 2514 1043 contundi
2573 1002 2636 1041 ac
2680 987 2969 1058 confringi.
3032 988 3149 1053 Quo
3194 987 3392 1039 factum

1810 1090 1915 1149 est,
1951 1081 2219 1135 utdentes
2246 1080 2461 1149 quidem
2492 1095 2613 1134 mox
2657 1078 3135 1143 labefactareutur,
3168 1077 3398 1131 maxilla:

1813 1189 1942 1229 vero
1974 1180 2417 1229 conterereutur.
2459 1171 2573 1227 Vox
2608 1182 2790 1227 tamen
2836 1186 2940 1225 non
2979 1172 3397 1241 reprimebatnr,

1814 1282 1987 1337 neque
2039 1268 2109 1321 illi
2156 1266 2382 1337 prolixae
2436 1266 2691 1335 loquendi
2746 1265 2986 1320 libertati
3032 1263 3117 1318 vel
3172 1264 3396 1318 minima

1814 1362 2044 1414 dabatur
2099 1360 2349 1415 remissio
2395 1359 2534 1413 :sed
2573 1362 2736 1413 etiam
2784 1357 3067 1413 lictoribus
3108 1364 3166 1427 ut
3213 1356 3401 1409 sileret

1810 1454 2163 1526 julnentibus,
2206 1453 2321 1522 ipse
2356 1453 2499 1507 idem
2550 1464 2705 1516 erat,
2756 1461 2907 1508 etne
2950 1466 3139 1521 parum
3181 1448 3399 1520 quidem

1815 1548 2163 1604 remittebat:
2193 1545 2288 1602 sed
2315 1556 2509 1601 contra
2536 1547 2698 1600 etiam
2731 1561 2864 1600 voee
2886 1546 3140 1600 utebatur
3170 1543 3395 1613 majore.

1815 1660 1922 1699 non
1954 1658 2114 1698 secus
2140 1657 2203 1696 ac
2230 1650 2408 1697 statua
2439 1642 2683 1711 quaedam
2722 1657 2895 1705 aenea,
2939 1655 3059 1711 quae
3095 1640 3201 1694 icta
3236 1637 3403 1691 velte-

1818 1736 2090 1800 meutius,
2122 1734 2393 1805 majorem
2430 1736 2540 1790 edit
2573 1735 2831 1789 sonitum.
2874 1732 3240 1798 Quamobrem
3280 1744 3402 1785 cum

1820 1831 1935 1899 ipse
1969 1843 2181 1899 quoque
2207 1829 2503 1899 imperator
2529 1838 2674 1883 esset
2705 1826 3056 1895 defatigatus,
3086 1822 3321 1893 vinculis
3350 1830 3406 1876 ct

112 1917 429 1989 λαιπωρίαν
478 1919 583 1989 Ξλῳ
635 1919 710 1988 τῷ
760 1923 997 1990 μάρτυρι
1064 1920 1331 1990 περιθεὶς,
1384 1924 1449 1992 τῇ
1493 1920 1708 1991 φυλακῇ

1831 1937 1937 1991 juae
1965 1938 2032 1977 ex
2062 1923 2139 1977 eis
2165 1923 2339 1977 oritur
2374 1920 2665 1976 aﬂlictione
2706 1928 2761 1974 et
2794 1918 3016 1973 miseria
3045 1918 3141 1973 toti
3175 1916 3404 1988 martyri
3466 1924 3469 1925 '

116 2013 483 2081 παραδίδωσι.

186 2176 281 2229 ΛΒ
301 2217 315 2229 .
348 2176 420 2228 Τὸ
456 2178 637 2247 μέντοι
664 2178 770 2230 τῶν
804 2178 1211 2233 πιστευσάντων
1244 2179 1445 2249 πλῆθος
1466 2180 1544 2249 τῷ
1573 2182 1710 2235 κατὰ

115 2270 206 2320 τὸν
251 2271 452 2339 τροχὸν
504 2270 765 2340 θαύματι,
802 2272 994 2342 ἄνδρες
1038 2289 1098 2324 τε
1133 2273 1227 2325 καὶ
1256 2273 1380 2327 ὅσον
1412 2272 1621 2343 ἔμφρον
1655 2278 1711 2328 ἐν

116 2364 373 2428 γυναιξὶν
402 2360 490 2431 ἦν,
524 2363 624 2435 τὴν
646 2363 749 2433 γῆν
782 2365 882 2434 ἥδη
912 2363 1007 2415 τοῦ
1042 2364 1192 2434 ήλίου
1230 2364 1591 2429 ἀπολιπόντος
1622 2366 1716 2419 ἀλ-

114 2458 304 2527 λήλοις
330 2458 671 2528 συνθέμενοι,
698 2458 760 2510 τὸ
786 2458 1162 2528 δεσμωτήριον
1207 2458 1348 2529 μετά
1374 2461 1482 2512 τῶν
1506 2460 1715 2515 παίδων

117 2552 407 2621 εἰσῄεσαν·
439 2548 559 2606 εἶτα
580 2551 687 2605 τῶν
720 2552 929 2604 ἐκείνου
964 2552 1139 2603 ποδῶν
1170 2553 1469 2621 ἁπτόμενοι
1503 2552 1717 2605 ἐδέοντο

121 2642 271 2710 μάλα
308 2642 532 2712 θερμῶς
586 2642 726 2695 ὥστε
756 2642 849 2695 τοῦ
883 2643 1031 2695 θείου
1078 2644 1488 2714 καταξιωθῆναι
1527 2645 1719 2714 βαπτί-

120 2752 358 2803 σματος.
419 2736 563 2805 Πρὸς
604 2735 697 2789 οὖν
746 2737 935 2805 δέησιν
970 2735 1113 2789 οὕτω
1156 2737 1366 2807 θερμὴν
1404 2737 1717 2808 θερμότατα

120 2828 217 2880 καὶ
251 2827 422 2889 αὐτὸς
461 2828 777 2893 ἐπινεύσας,
813 2828 976 2891 εὐθὺς
1005 2827 1243 2881 ἐπετίθει
1278 2828 1336 2881 τὸ
1362 2829 1719 2900 ἔργον,Κατά

120 2920 259 2988 γοῦν
279 2920 382 2990 τὴν
413 2920 661 2989 φυλακὴν
686 2921 949 2987 ἀφθονίας
984 2921 1197 2975 ὑδάτων
1230 2922 1418 2992 οὓσης,
1450 2924 1550 2985 τὰς
1582 2924 1721 2975 καθ-

119 3014 373 3082 τεκούσας
422 3030 482 3065 τε
528 3015 693 3077 αὐτὸς
746 3016 911 3083 εὐχὰς
946 3017 1217 3086 ἐπιλέγει,
1265 3017 1359 3069 καὶ
1392 3017 1491 3070 σὺν
1540 3018 1722 3081 αὐτοῖς

122 3108 288 3158 παισὶ
324 3105 536 3165 πάντας
568 3105 662 3158 τοῦ
720 3106 870 3177 ίεροῦ
925 3108 1303 3177 βαπτίσματος
1333 3108 1495 3172 ἀξιοῖ.
1528 3110 1725 3162 Μέσων

118 3198 179 3249 δὲ
212 3199 435 3250 νυκτῶν
476 3199 574 3250 καὶ
622 3198 740 3251 θεία
766 3218 848 3263 τις
880 3202 1066 3263 αὐτοῖς
1100 3202 1387 3271 ἐφίσταται
1429 3201 1571 3272 ὄψις,
1607 3202 1723 3269 φῶς

1822 2016 2071 2086 imposita
2094 2056 2107 2082 ,
2144 2016 2308 2071 tradit
2340 2030 2463 2070 eum
2497 2015 2548 2069 in
2581 2014 2905 2085 custodiam.

1893 2184 2111 2239 XXXII.
2148 2181 2433 2237 Multitudo
2473 2189 2652 2237 autem
2689 2197 2899 2248 eorum,
2934 2182 3025 2253 qui
3072 2192 3203 2238 rotae
3238 2182 3413 2245 mlra-,

1823 2278 1946 2331 eulo
1971 2276 2332 2342 crediderant,
2359 2274 2482 2338 viri,
2507 2282 2561 2329 et
2583 2289 2921 2346 quaecunque
2944 2286 3099 2330 erant
3123 2276 3409 2345 prudentia.

1824 2371 2061 2441 praedita:
2100 2370 2387 2432 mulieres,
2417 2368 2548 2421 inita
2594 2368 2737 2422 inter
2765 2382 2825 2422 se
2864 2368 3259 2433 conventione,
3293 2383 3415 2439 car-

1828 2476 2011 2515 cerem
2038 2475 2163 2513 cum
2194 2460 2379 2528 pueris
2417 2458 2646 2525 ingressi
2686 2466 2831 2512 sunt.
2875 2458 3081 2513 Deinde
3132 2468 3415 2529 tangentes

1826 2552 1972 2605 illius
1993 2552 2178 2621 pedes,
2199 2552 2357 2605 valde
2377 2552 2575 2605 acriter
2595 2559 2875 2619 rogarunt,
2904 2561 2961 2605 ut
2980 2551 3216 2605 divinum
3242 2554 3416 2621 bapti:

1827 2658 2001 2698 smum
2022 2651 2507 2713 consequerentur.
2525 2642 2659 2697 Cum
2689 2644 2867 2713 itaque
2900 2645 3151 2713 precibus
3177 2655 3284 2703 tam
3320 2661 3417 2701 ve-

1829 2737 2175 2792 hementibus
2212 2737 2326 2805 ipse
2358 2752 2572 2807 quoque
2617 2737 2937 2792 alacerrime
2968 2739 3269 2805 annuisset,
3298 2756 3413 2797 rem

1830 2826 2011 2881 statim
2039 2835 2123 2880 est
2158 2841 2464 2897 aggressus.
2511 2827 2649 2881 Dum
2695 2827 2876 2895 itaque
2928 2829 3243 2885 incarcere
3268 2844 3414 2889 esset

1834 2934 1985 2987 aqua?
2002 2919 2178 2988 c0pia,
2200 2928 2252 2973 et
2269 2918 2379 2988 ipse
2392 2934 2525 2985 quas
2540 2927 2755 2988 oportet
2772 2935 2961 2989 preces
2978 2920 3205 2991 profert,
3222 2932 3277 2977 et
3294 2937 3417 2979 cum

1834 3013 1966 3081 ipsis
1996 3013 2173 3082 pueris
2221 3028 2411 3068 omnes
2444 3028 2601 3067 sacro
2634 3014 2888 3083 dignatur
2921 3015 3265 3085 baptismate.
3306 3017 3419 3072 Me-

1836 3106 1920 3159 dia
1960 3116 2140 3158 autem
2184 3114 2338 3160 nocte
2367 3106 2448 3161 eis
2486 3107 2667 3161 divina
2698 3109 2943 3183 quaedam
2986 3120 3212 3179 apparet
3258 3110 3419 3182 visio,

1837 3212 2032 3267 nempe
2057 3198 2145 3250 lux
2174 3198 2453 3266 quaedam,
2483 3213 2605 3267 qua:
2628 3212 2807 3267 neque
2838 3200 3017 3255 verbis
3048 3202 3278 3270 exprimi
3320 3218 3419 3273 po-

120 3287 236 3345 οἷον
273 3295 520 3365 ἄρρητον
546 3296 638 3347 καὶ
671 3296 904 3350 ἀθέατον
934 3298 1055 3350 ὅλον
1087 3298 1225 3367 ὁμοῦ
1262 3298 1320 3350 τὸ
1347 3298 1722 3367 δεσμωτήριον

1838 3303 1962 3361 ιοει,
1994 3302 2048 3345 et
2092 3307 2256 3361 quam
2287 3293 2557 3347 humanus
2593 3308 2698 3347 non
2748 3292 2990 3349 admittit
3017 3281 3292 3364 aspectus,
3334 3306 3422 3350 to-

121 3386 573 3455 καταστράπτον.
618 3383 706 3437 Ἐν
741 3386 891 3456 μέσῳ
938 3386 995 3438 δὲ
1040 3387 1118 3458 τῷ
1158 3387 1296 3456 φωτὶ
1324 3390 1417 3441 καὶ
1447 3390 1585 3459 ἀνὴρ
1625 3390 1726 3460 τὴν

119 3474 248 3544 ὅφιν
278 3476 425 3542 ἄγαν
470 3475 718 3545 φαιδρὸς,
761 3477 861 3547 τὴν
914 3478 1119 3547 ἐσθῆτα
1161 3478 1435 3549 λαμπρὸς,
1488 3481 1602 3547 φῶς
1630 3470 1725 3534 καὶ

123 3569 294 3631 αὐτὸς
322 3570 444 3631 δλος
470 3568 568 3631 ῶν,
594 3569 823 3641 πτέρυξι
865 3570 1198 3640 βαθυτάταις
1221 3573 1432 3643 κομῶν·
1463 3568 1620 3637 οὗτος
1650 3572 1726 3643 τῷ

126 3664 428 3734 θαυμασίῳ
485 3664 764 3735 Κλήμεντι
827 3665 1166 3737 προσελθὼν,
1226 3667 1391 3739 ἄρτον
1446 3668 1596 3739 αὑτῷ
1632 3669 1725 3721 καὶ

124 3759 398 3827 ποτήριον
433 3759 753 3829 ἐγχειρίζει.
782 3760 1015 3813 Ἔπειτα
1046 3762 1073 3813 ὁ
1113 3761 1211 3830 μὲν
1234 3762 1449 3829 ἀφανὴς
1478 3758 1565 3831 ἦν,
1600 3763 1724 3826 τοὺς

122 3848 179 3901 δὲ
216 3851 315 3902 καὶ
350 3851 383 3919 ἡ
436 3849 588 3921 φωνὴ
640 3851 779 3922 αὐτὴ
837 3852 1110 3905 ἐπιλείπει
1162 3853 1241 3923 τῷ
1306 3854 1596 3924 παραδόξῳ
1627 3856 1726 3925 τῆς

126 3940 259 4004 θέας
291 3941 773 4009 καταπλαγέντας.
812 3944 882 3996 Ὀ
913 3960 977 4011 γε
1018 3944 1125 4014 μὴν
1164 3944 1461 4015 ἱερώτατος
1492 3946 1725 4017 Κλήμης

124 4032 433 4100 συμϐαλὼν
459 4033 621 4096 εὐθὺς
650 4034 725 4098 ὠς
759 4033 846 4103 εἴη
880 4036 987 4106 ἄρα
1024 4036 1273 4107 σύμϐολα
1303 4037 1479 4092 ταῦτα
1504 4038 1597 4092 τοῦ
1632 4041 1727 4092 Δε-

127 4123 401 4177 σποτικοῦ
438 4124 692 4193 σώματός
718 4142 776 4179 τε
800 4126 893 4179 καὶ
915 4128 1166 4196 αἵματος,
1195 4128 1495 4194 ὑπεδέξατό
1526 4147 1584 4182 τε
1606 4130 1727 4183 λίαν

126 4218 273 4271 αὐτὰ
304 4215 575 4279 εὐλαϐῶς.
606 4220 701 4271 καὶ
730 4218 830 4281 τὰς
862 4219 1116 4289 συνήθεις
1144 4221 1311 4291 εὐχὰς
1340 4222 1585 4276 ἐπειπὼν
1617 4240 1729 4275 κοι-

132 4314 297 4363 νωνεῖ
328 4307 511 4360 αὐτῶν
546 4311 660 4371 τοῖς
688 4309 790 4380 ήδη
826 4309 1279 4381 βαπτισαμένοις.

1834 3395 1947 3439 tum
2004 3384 2168 3438 simul
2221 3393 2475 3453 tanquam
2519 3384 2703 3453 fulgur
2750 3386 2986 3439 illustrat
3032 3402 3328 3443 carcerem.
3362 3388 3420 3444 In

1832 3478 2008 3533 media
2062 3492 2189 3530 vero
2247 3475 2366 3531 luce
2416 3486 2535 3531 erat
2588 3477 2670 3530 vir
2720 3478 2943 3546 quidam
2991 3490 3211 3549 aspectu
3265 3480 3420 3539 valde

1831 3571 2031 3635 alacer,
2060 3566 2341 3637 splendida
2410 3577 2592 3622 autem
2648 3578 2801 3622 veste
2848 3569 3092 3642 indutus,
3151 3571 3242 3639 qui
3308 3571 3421 3639 ipse

1831 3678 2045 3732 quoque
2070 3674 2189 3716 erat
2212 3660 2302 3716 lux
2341 3669 2489 3715 totus
2516 3671 2777 3731 quantus,
2808 3664 3005 3734 pennis
3037 3664 3265 3733 insignis
3291 3664 3423 3719 den-

1832 3756 2087 3811 sissimis.
2118 3755 2169 3809 Is
2194 3770 2315 3809 cum
2357 3756 2423 3809 ad
2470 3742 2799 3809 Clementem
2831 3757 3155 3813 accessisset
3188 3757 3426 3811 admira-

1830 3846 2017 3915 bilem,
2042 3848 2091 3903 ei
2124 3848 2174 3901 in
2200 3862 2392 3900 manus
2422 3846 2591 3901 tradit
2621 3861 2815 3916 panem
2848 3860 2903 3902 et
2930 3848 3180 3904 calicem.
3218 3849 3423 3905 Deinde

1833 3940 1921 3995 ille
1976 3940 2193 4009 quidem
2234 3940 2485 4003 evanuit,
2526 3954 2620 3995 eos
2666 3948 2846 3993 autem
2894 3940 3009 4005 ipsa
3058 3957 3271 4012 quoque
3323 3958 3425 3998 vox

1831 4033 2035 4097 deficit,
2090 4033 2261 4102 utqui
2301 4032 2613 4102 spectaculo
2661 4033 2965 4087 admirabili
3010 4045 3199 4089 essent
3237 4035 3427 4090 obstu«

1834 4123 2053 4194 pefacti.
2107 4123 2500 4181 {iunctissimus
2542 4136 2723 4179 autem
2759 4124 3010 4180 Clemens
3069 4140 3192 4180 cum
3242 4128 3422 4183 statim

1834 4216 2159 4286 conjecisset
2196 4230 2255 4267 ea
2292 4230 2413 4269 esse
2448 4216 2598 4284 signa
2634 4214 2900 4270 Dominici
2932 4218 3180 4286 corporis
3208 4228 3264 4273 et
3294 4234 3425 4275 sau-

1834 4309 2050 4375 guinis,
2083 4325 2146 4362 ea
2181 4318 2233 4361 et
2292 4308 2444 4363 valde
2501 4312 2585 4377 pie
2619 4309 2905 4379 suscepit,
2957 4319 3014 4365 et
3056 4327 3180 4365 cum
3235 4328 3425 4383 preces

1837 4400 2062 4454 dixisset
2084 4409 2393 4463 consuetas,
2419 4415 2481 4455 ea
2505 4400 2873 4455 communicat
2906 4401 2993 4466 iis,
3020 4404 3110 4473 qui
3131 4402 3243 4475 jmu
3269 4416 3427 4461 erant

1840 4492 2124 4561 bapnzaﬁ.

203 4647 332 4702 ΛΓ.
364 4647 640 4702 Πλειόνων
671 4646 854 4699 τοίνυν
888 4647 1147 4701 ἐκάστοτε
1175 4647 1309 4717 πρὸς
1332 4648 1494 4703 αὑτὸν
1518 4651 1722 4719 ἰόντων,

1912 4652 2155 4707 XXXIII.
2194 4654 2324 4708 Cum
2375 4669 2504 4723 ergo
2551 4655 2859 4726 complures
2901 4657 2967 4711 ad
3020 4672 3143 4711 eum
3190 4659 3427 4729 undique

135 4746 230 4796 καὶ
254 4743 319 4795 τὸ
356 4740 735 4809 δεσμωτήριον
782 4738 1079 4809 ἐκκλησίαν
1106 4741 1514 4811 ἐργαζομένων,
1559 4760 1732 4813 προσ-

136 4837 281 4904 θήκη
313 4850 379 4885 τε
414 4831 499 4901 τῷ
548 4832 745 4902 πλήθει
775 4832 884 4884 τῶν
932 4832 1283 4903 Χριστιανῶν
1327 4834 1651 4905 γινομένων,
1684 4840 1733 4889 οἱ

136 4925 559 4995 δεσμοφύλακι-ες
604 4924 1013 4993 ἀπαγγέλλουσι
1054 4925 1225 4978 ταῦτα
1258 4925 1334 4995 τῷ
1370 4927 1597 4997 βασιλεῖ.
1628 4929 1735 4981 Καὶ

138 5023 194 5083 ὃς
219 5016 604 5085 συλληφθῆναι
626 5032 687 5068 τε
718 5017 919 5079 αὐτοὺς
948 5016 1163 5069 κελεύει
1198 5019 1417 5083 νυκτὸς,
1456 5022 1551 5073 καὶ
1578 5022 1627 5072 εἰ
1662 5021 1736 5092 μὴ

138 5115 236 5183 τὴν
298 5108 594 5163 εὐσέϐειαν
648 5108 864 5177 ἔξαρνοι
915 5109 1178 5176 γίνονται,
1234 5111 1481 5178 ἀνηλεῶς
1529 5114 1739 5176 πάντας

138 5203 535 5274 ἀναιρεθῆναι.
578 5202 642 5253 0t
692 5202 752 5254 δὲ
812 5202 890 5264 ὡς
940 5201 1033 5256 τοῦ
1088 5202 1353 5273 βασιλέως
1406 5204 1740 5276 πρόσταγμα

138 5300 553 5369 συλληφθέντες
587 5299 688 5351 οὐκ
736 5298 971 5369 ἀμαθεῖς
1017 5298 1327 5370 εὑρέθησαν
1370 5301 1463 5354 τοῦ
1494 5301 1553 5355 τὸ
1577 5303 1740 5355 καλὸν

137 5394 476 5459 ἐκλέξασθαι
507 5394 600 5446 καὶ
636 5392 937 5463 συμφέρον,
988 5392 1127 5445 ἀλλά
1180 5393 1491 5461 ἀποστῆναι
1539 5394 1741 5464 μᾶλλον

134 5494 233 5560 τῆς
257 5485 607 5558 προσκαίρου
648 5485 817 5552 ζωῆς,
855 5485 888 5555 ἢ
921 5484 1159 5556 Χριστοῦ
1208 5486 1303 5539 τοῦ
1337 5486 1641 5551 πλάσαντος
1674 5507 1733 5541 τε

135 5586 231 5638 καὶ
258 5580 657 5649 ἀγαπήσαντος
674 5579 768 5631 καὶ
792 5577 1157 5641 ἀποθανόντος
1174 5578 1274 5630 ὁπὲ
1282 5596 1313 5647 ρ
1330 5580 1362 5648 ή
1371 5580 1486 5648 μῶν
1506 5580 1729 5637 εἵλοντο,

138 5678 228 5728 Διὶ
260 5676 360 5727 καὶ
390 5671 502 5741 πρὸ
529 5672 628 5740 τῆς
658 5670 885 5733 πόλεως,
926 5668 1181 5742 καθάπερ
1212 5674 1333 5725 τινὰ
1357 5674 1477 5743 ἱερὰ
1516 5672 1733 5745 θύματα

139 5766 374 5829 ἱαυτούς
426 5781 487 5817 τε
546 5764 641 5816 καὶ
700 5763 896 5827 παῖδας
952 5762 1031 5834 τῷ
1072 5764 1316 5836 Δεσπότη
1348 5766 1735 5836 προσάγουσιν,

140 5861 357 5924 οὐδενὸς
394 5859 521 5913 τότε
553 5856 684 5927 γοῦν
716 5856 1107 5927 ὑπολειφθῆναι
1153 5859 1545 5931 ἀνασχομένου,
1599 5862 1737 5932 πλὴν

478 5960 747 6019 Ρλτῐιοι.
799 5957 912 6016 Gn.
966 5955 1173 6018 CXIV.

1840 4751 2186 4809 accederent.
2216 4758 2269 4805 et
2296 4762 2574 4803 carcerem
2611 4749 2852 4804 facerent
2873 4750 3180 4817 ecclesiam,
3205 4759 3259 4806 et
3288 4752 3429 4807 mul-

1843 4840 2059 4894 titudini
2116 4839 2553 4894 Christianorum
2624 4841 2775 4895 ﬁeret
2832 4842 3112 4907 actessio,
3173 4845 3426 4900 custodes

1844 4934 2081 4988 carceris
2116 4934 2231 4987 haec
2283 4934 2596 4988 renuntiant
2653 4936 2986 5002 imperatori.
3030 4934 3123 4990 Ille
3160 4946 3341 4991 autem
3371 4947 3429 4998 et

1844 5041 1935 5082 eos
1956 5028 2109 5097 jubet
2135 5036 2293 5081 noctu
2319 5026 2725 5096 comprehendi,
2760 5038 2813 5080 et
2845 5028 2944 5080 nisi
2973 5029 3227 5096 pietatem
3257 5030 3425 5085 abne~

1846 5123 2113 5191 gaveriut,
2137 5137 2325 5175 omnes
2350 5123 2482 5175 citra
2510 5120 2671 5173 ullam
2703 5120 2937 5177 interimi
2969 5122 3424 5179 misericordiam.

1847 5214 1921 5268 Illi
1960 5230 2091 5269 vero
2142 5214 2520 5281 comprehensi
2574 5214 2733 5282 jussu
2789 5215 3169 5284 imperatoris,
3226 5216 3426 5270 inventi

1846 5317 1972 5363 sunt
2007 5324 2112 5362 non
2150 5308 2319 5377 ignari
2364 5309 2517 5379 ejus,
2559 5306 2700 5374 quod
2753 5317 2870 5361 erat
2923 5310 3119 5377 bonum
3155 5317 3207 5361 et
3254 5308 3426 5371 utile,

1845 5401 2077 5471 eligendi
2104 5418 2118 5464 ;
2156 5402 2248 5454 sed
2278 5400 2347 5453 ab
2382 5399 2503 5465 ltac,
2534 5415 2653 5470 quae
2685 5410 2769 5457 est
2798 5401 2863 5452 ad
2892 5410 3122 5467 tempus,
3166 5400 3272 5452 vita
3311 5416 3430 5453 ma-

1850 5492 2063 5546 luerunt
2092 5493 2344 5546 recedere
2371 5533 2385 5557 ,
2415 5508 2575 5561 quam
2608 5508 2635 5545 a
2663 5492 2874 5546 Christo
2901 5492 3136 5545 deiicere
3162 5532 3176 5556 ,
3207 5491 3299 5561 qui
3330 5506 3429 5555 nos

1846 5584 2123 5647 formavit,
2149 5595 2203 5637 et
2230 5584 2439 5648 dilexit,
2464 5594 2518 5637 et
2542 5596 2781 5639 mortuus
2807 5593 2887 5638 est
2908 5600 3003 5655 pro
3029 5586 3205 5639 nobis.
3223 5567 3431 5652 Quam-

1848 5678 2034 5731 obrem
2079 5689 2207 5732 ante
2258 5678 2573 5745 civitatem,
2618 5688 2874 5747 tanquam
2929 5694 3115 5734 sacras
3162 5682 3426 5750 quasdam

1848 5771 2082 5833 hostias.
2129 5772 2335 5842 seipsos
2390 5782 2443 5825 et
2504 5770 2639 5826 lilios
2693 5768 2927 5826 oll‘erunt
2973 5771 3237 5839 Domino,
3307 5790 3429 5843 cum

1851 5864 2031 5919 nullus
2070 5874 2195 5921 tunc
2239 5878 2524 5921 remanere
2577 5866 2925 5921 sustinuisset
2973 5875 3169 5934 prater
3220 5882 3427 5946 unum,

3004 5963 3079 6022 27
