4154 6490
91 6000 629 6366 ί

759 442 866 509 843

1984 442 2265 503 MENSIS
2292 440 2746 503 JANUARIUS.

3919 446 4034 510 ω

757 560 910 626 cujus
944 558 1156 627 quidem
1188 564 1306 609 erat
1334 557 1547 610 animus
1572 556 1850 624 aiiqnanto
1873 558 2167 625 juvenilior
2191 574 2204 609 :
2232 570 2336 609 non

2450 555 2553 622 ἄρα
2584 553 2725 616 ἐνὸς,
2762 551 2851 605 καὶ
2900 551 3089 605 τούτου
3118 553 3511 625 νεανικώτερόν
3540 573 3589 609 τι
3626 558 3829 626 μᾶλλον
3860 560 4046 614 διατε’

756 656 900 707 enim
954 658 1292 703 remanserat
1342 658 1402 703 ut
1456 659 1730 717 certamen
1800 647 2091 717 ell‘ngeret,
2133 650 2228 703 sed
2282 656 2339 699 ιιι

760 759 879 798 cum
918 741 1215 809 majoribus
1246 740 1425 810 potius
1458 740 1608 795 malis
1650 740 2055 806 colluctaretur,
2089 754 2259 809 eaque
2292 739 2339 791 ei

756 846 937 890 essent
981 850 1308 890 coronarum
1343 832 1605 900 majorum
1639 833 1875 887 occasio.
1912 830 1957 885 Is
1996 841 2115 887 erat
2159 831 2337 885 admi-

760 928 946 983 rabilis
968 927 1394 999 Agatbangelus,
1424 927 1488 979 de
1517 941 1625 997 quo
1654 926 1818 979 etiam
1847 925 2102 995 deinceps
2128 924 2338 980 dicetur

759 1020 1022 1092 apertius.

768 1208 774 1215 ‘
831 1200 1050 1256 XXXIV
1106 1200 1473 1255 Diocletianus
1504 1207 1681 1253 autem
1709 1213 1832 1254 cum
1862 1197 2021 1266 paulo
2046 1207 2165 1267 post
2194 1208 2341 1254 esset

760 1297 945 1365 magni
971 1294 1268 1350 Clementis
1304 1292 1645 1355 recordatus,
1685 1305 1808 1345 eum
1843 1304 2029 1345 rursus
2070 1289 2337 1360 producit,

760 1400 814 1444 et
845 1388 1076 1458 primum
1108 1385 1325 1453 quidem
1350 1422 1366 1449 ,
1397 1390 1653 1453 tanquam
1686 1381 1950 1436 abductus
1977 1380 2298 1451 paenitentia
2319 1417 2335 1444 ,

761 1485 998 1555 priorem
1030 1481 1175 1535 illam
1212 1478 1500 1549 abjecisset
1536 1476 1830 1540 insaniam,
1865 1476 2041 1546 ipsum
2074 1484 2128 1530 et
2163 1474 2339 1530 laudi-

760 1577 860 1632 bus
890 1576 1093 1630 sensim
1130 1572 1566 1642 aggrediebatur,
1600 1578 1655 1624 et
1694 1583 1755 1624 ea
1795 1569 2003 1622 ratione
2040 1568 2341 1621 conabatur

759 1664 941 1736 potius
985 1676 1245 1731 superare
1274 1674 1593 1729 generosum
1637 1658 1782 1711 illum
1818 1667 1873 1710 et
1917 1655 2187 1711 excelsum
2224 1656 2341 1709 ani-

762 1774 930 1811 mum.
974 1754 1178 1808 Deinde
1204 1769 1323 1807 cum
1363 1751 1590 1806 vidisset
1624 1765 1736 1804 rem
1771 1748 1872 1805 sibi
1912 1763 2036 1804 esse
2067 1763 2187 1803 cum
2238 1748 2340 1803 ho-

760 1846 906 1901 mine
942 1844 1196 1906 cordato,
1222 1852 1275 1896 et
1306 1841 1394 1910 qui
1436 1854 1542 1895 non
1575 1840 1747 1910 magis
1791 1848 1973 1909 posset
2018 1840 2186 1893 animi
2225 1840 2340 1893 lor-

2444 644 2644 708 θέντος.
2685 646 2760 698 Οὐ
2792 645 2899 715 γὰρ
2938 645 3079 698 ὥστε
3113 647 3208 700 τὸν
3256 648 3449 715 ἀγῶνα
3492 649 3776 718 διαφυγεῖν
3819 655 4047 705 67.3125-

2443 737 2572 807 φθη,
2596 738 2711 790 ἀλλ’
2732 736 2871 791 ὥστε
2912 740 3123 808 μείζοσι
3163 741 3366 809 μᾶλλον
3387 743 3796 812 προεπαὶαῖσαι
3820 748 4044 808 κακοῖς,

2444 829 2528 883 ἵνα
2572 830 2637 902 δὴ
2695 832 2788 885 καὶ
2826 831 3092 902 μειζόνων
3138 832 3293 886 λάϐοι
3350 836 3632 902 στεφάνων
3688 837 3986 890 ὑπόθεσιν⁸
4019 842 4045 889 ὡ

2443 921 2743 992 θαυμάσιος
2778 921 3184 991 Ἀγαθάγγελος
3212 917 3368 988 οὗτος
3408 908 3509 995 ἦν,
3540 926 3669 996 περὶ⁵
3713 917 3775 980 οὗ
3809 930 3907 981 καὶ
3939 944 4045 980 σα-

2444 1012 2707 1085 φέστερον
2731 1012 2858 1086 ἑξῆς
2884 1013 3285 1087 δηλωθήσεται.

2515 1199 2636 1251 AA'.
2664 1196 3047 1268 Διοκλητιανδς
3098 1196 3154 1252 δι
3205 1196 3299 1251 τοῦ
3359 1199 3594 1270 μεγάλου
3649 1200 3787 1269 μετά
3837 1201 4042 1273 μικρὸν

2444 1291 2813 1362 ἀναμνησθεὶς
2844 1290 3182 1361 Κλήμεντος,
3209 1291 3508 1363 παρίστησι
3542 1293 3703 1346 πάλιν
3732 1294 3919 1359 αὑτὸν,
3944 1299 4043 1347 καὶ

2448 1381 2506 1435 τὸ
2534 1382 2633 1452 μὲν
2655 1382 2871 1453 πρῶτον
2895 1380 3085 1451 ῶσπερ
3119 1383 3182 1436 ὲκ
3214 1383 3580 1453 μεταμελείας
3618 1384 3718 1455 τὴν
3753 1387 4041 1456 προτέραν

2448 1474 2645 1545 μανίαν
2672 1473 2984 1536 ἀποϐαλὼν,
3007 1474 3251 1539 ἐπαίνοις
3266 1493 3324 1528 τε
3351 1476 3513 1529 αὐτὸν
3536 1477 3722 1548 ὑπῄει,
3738 1479 3831 1530 καὶ
3859 1480 4043 1550 ταύτῃ

2446 1564 2798 1638 περιέσεσθαι
2837 1566 3037 1635 μᾶλλον
3069 1566 3168 1637 τῆς
3211 1567 3468 1638 ἀνδρείας
3502 1568 3712 1622 ἐκείνου
3762 1571 3861 1623 καὶ
3906 1588 4041 1636 γενο

2444 1657 2724 1726 ναιότητος
2781 1658 3063 1727 ἐπειρᾶτο.
3126 1657 3359 1711 Ἔπειτα
3415 1657 3492 1722 ὡς
3525 1654 3632 1712 εἶδε
3684 1660 3809 1715 νοῦν
3848 1662 4037 1730 ἔχοντι

2446 1746 2792 1815 προσϐαλὼν,
2824 1746 2919 1801 καὶ
2947 1747 3043 1817 οἴῳ
3074 1747 3186 1799 ὄντι
3237 1748 3297 1799 οὐ
3335 1747 3536 1817 μᾶλλον
3565 1750 3796 1821 ἀνδρείᾳ
3837 1753 4035 1804 κακῶν

2447 1838 2716 1908 ἐπιφορὰν
2742 1840 3007 1907 ἐνεγκεῖν,
3037 1838 3070 1909 ἢ
3091 1840 3352 1910 φρονήσει
3389 1839 3525 1911 πρὸς
3546 1842 3834 1895 κολακείαν
3856 1843 4043 1909 λόγων

760 1937 990 1991 titudine
1028 1934 1295 1987 malorum
1341 1932 1486 1985 ferre
1536 1931 1805 1999 impetus,
1840 1944 2001 1998 quam
2056 1931 2340 1998 prudentia

2450 1934 2537 1985 tta".
2566 1933 2831 2001 δεινότητι
2868 1931 2944 2003 μὴ
3000 1935 3353 1997 καταπεσεῖν,
3388 1933 3447 1986 τὸ
3486 1938 3832 2003 προσωπεῖον
3870 1937 4041 1998 εὐθὺς

762 2028 979 2084 blandis
1016 2024 1191 2079 verbis
1218 2033 1273 2077 et
1314 2023 1532 2078 disertis
1572 2037 1675 2077 non
1708 2022 2099 2087 succumbere;
2132 2020 2338 2091 abjecta

761 2121 945 2175 statim
985 2131 1217 2189 persona
1259 2125 1312 2171 et
1347 2114 1471 2170 (icta
1515 2114 1604 2168 illa
1637 2113 2085 2180 mansuetudlne,
2121 2124 2341 2182 repente

761 2212 1012 2283 apparuit
1055 2210 1107 2264 id
1156 2208 1299 2279 quod
1350 2216 1466 2262 erat
1503 2225 1516 2261 :
1557 2216 1611 2261 et
1663 2222 1848 2261 rursus
1893 2207 2108 2276 aliquod
2142 2222 2338 2261 novum

762 2303 1091 2373 escogitavit
1145 2299 1506 2371 supplicium,
1568 2300 1801 2369 quodam
1859 2298 2197 2369 Amphione,
2248 2302 2338 2369 qui

767 2398 909 2450 inter
934 2408 1064 2449 suos
1087 2392 1323 2461 primum
1355 2390 1533 2445 locum
1562 2389 1859 2457 obtinebat,
1889 2391 1954 2443 ad
1986 2391 2085 2444 lioc
2112 2392 2343 2444 maxime

766 2488 1053 2542 incitante.
1082 2482 1213 2537 Erat
1239 2492 1419 2537 autem
1446 2482 1547 2536 hoc
1570 2481 1916 2551 supplicium,
1944 2490 2001 2534 ut
2028 2482 2107 2536 sic
2138 2497 2167 2535 a
2196 2490 2343 2535 tanta

766 2578 1112 2634 multitudine
1145 2575 1546 2630 distenderetur
1595 2584 1821 2644 martyr,
1860 2583 1919 2629 ut
1960 2574 2090 2643 ipsa:
2134 2588 2347 2644 quoque

768 2672 1131 2727 membrorum
1183 2668 1613 2724 dissolverentur
1661 2680 1969 2736 compages,
2001 2666 2218 2722 lictores
2249 2682 2347 2721 au-

770 2773 874 2817 tem
903 2770 1132 2832 quatuor
1157 2760 1644 2823 circumsistentes,
1668 2759 1956 2815 exsiccatis
1980 2761 2139 2815 boum
2171 2762 2349 2817 nervis

770 2871 891 2911 eum
921 2856 1011 2909 diu
1052 2853 1343 2909 crudeliter
1378 2850 1746 2907 verberarem.

840 3029 1061 3087 XXXV.
1104 3028 1395 3097 P05tquam
1427 3042 1555 3083 vero
1602 3027 1688 3083 ille
1731 3042 1945 3097 quoque
1978 3027 2193 3084 fortiter
2223 3030 2351 3087 huic

772 3124 971 3179 restitit
1018 3122 1304 3193 supplicio,
1337 3130 1393 3174 et
1434 3119 1657 3191 perinde
1706 3134 1769 3175 ac
1803 3120 1847 3175 si
1881 3120 2017 3175 alius
2045 3132 2348 3191 pateretur,

771 3218 887 3287 ipse
911 3214 1229 3285 impatiltilis
1273 3215 1472 3267 mansit
1513 3222 1566 3268 et
1610 3211 1943 3267 immobilis:
1972 3214 2115 3279 Scio,
2175 3216 2351 3285 inquit

770 3308 1156 3372 Diocletianus,
1188 3320 1221 3360 ο
1263 3305 1537 3371 Clemens,
1583 3315 1631 3359 te
1664 3320 1782 3361 esse
1819 3307 2003 3360 animo
2032 3308 2189 3363 valde
2223 3324 2349 3362 con-

771 3401 1029 3462 tentioso,
1076 3413 1274 3467 corpus
1322 3407 1501 3450 autem
1553 3397 1625 3450 illi
1687 3411 1845 3467 posse
1890 3398 2176 3453 inservire.
2241 3400 2349 3455 Sed

772 3504 883 3559 ipse
917 3504 982 3544 ne
1007 3489 1084 3543 sic
1113 3487 1332 3558 quidem
1378 3502 1565 3541 rursus
1597 3488 1807 3553 cedam,
1841 3490 1935 3544 sed
1959 3491 2122 3544 etiam
2158 3491 2350 3547 ferreis

772 3593 822 3631 te
869 3578 1153 3647 aggrediar
1188 3577 1402 3646 ungulis
1437 3594 1450 3630 :
1481 3591 1540 3630 es
1577 3578 1719 3631 enim
1762 3588 1817 3632 tu
1869 3578 2008 3634 forte
2052 3579 2258 3635 ferreus
2297 3592 2352 3636 et

773 3672 1038 3741 torpidus,
1068 3680 1123 3725 et
1152 3670 1297 3723 nullo
1330 3668 1444 3723 fere
1495 3684 1654 3723 sensu
1691 3671 1979 3740 praeditus;
2036 3681 2093 3726 ut
2140 3673 2347 3727 videam

771 3780 838 3816 an
873 3774 924 3817 te
964 3763 1101 3817 forte
1131 3762 1213 3816 his
1242 3762 1613 3826 excitaverim,
1643 3777 1801 3829 quem
1834 3778 2055 3818 somnus
2095 3777 2198 3818 tam
2231 3781 2351 3833 pro-

772 3858 965 3911 l'undus
1006 3855 1222 3910 invasit.
1260 3854 1461 3926 Martyr
1509 3869 1690 3910 autem
1727 3855 1930 3912 :liccte
1972 3860 2210 3928 quidem,
2252 3862 2349 3925 ait,

771 3947 981 4013 dixisti,
1012 3962 1045 4001 ο
1086 3948 1402 4015 imperator.
1440 3947 1657 4001 Dormio
1683 3951 1825 4001 enim
1874 3950 2035 4004 veluti
2064 3955 2348 4019 quemdam

772 4039 980 4093 dulcem
1012 4053 1285 4101 somnum,
1322 4053 1405 4091 me
1440 4052 1559 4091 meo
1585 4038 1801 4092 Christo
1832 4042 1896 4092 ad
1925 4040 2132 4093 labores
2166 4057 2260 4108 pro
2289 4056 2352 4095 eo

771 4130 1149 4200 suscipiendos
1186 4128 1487 4181 futurorum
1538 4143 1632 4198 spe
1676 4131 1916 4197 sopieute
1947 4146 1960 4182 :
1991 4146 2179 4185 rursus
2227 4147 2352 4185 vero

770 4222 1054 4286 eﬂiciente,
1106 4230 1162 4273 ut
1198 4221 1299 4274 sim
1346 4221 1561 4275 sobrius
1589 4232 1641 4274 et
1684 4221 1929 4290 vigilans,
1983 4223 2199 4291 quando
2230 4239 2349 4277 cum

773 4316 1069 4381 przedicare
1112 4324 1343 4380 oportet,
1376 4323 1425 4366 et
1462 4313 1630 4367 libere
1666 4314 1811 4381 loqui
1849 4330 1943 4382 pro
1980 4316 2098 4384 ejus
2127 4315 2347 4370 confes-

773 4407 942 4459 sione.
996 4403 1119 4459 llaec
1150 4406 1239 4458 ille
1271 4406 1407 4460 dixit
1438 4424 1449 4458 :
1500 4414 1553 4459 et
1593 4407 1889 4474 imperator
1916 4408 2131 4474 quidem
2168 4410 2349 4460 statim

771 4500 919 4565 jubet
968 4497 1185 4551 lictores
1244 4497 1507 4550 desistere
1561 4511 1590 4548 a
1653 4498 2004 4560 verberibus;
2063 4498 2347 4552 sublimem

2442 2024 2617 2075 ἐκεῖνο
2673 2022 2767 2074 καὶ
2823 2022 2923 2091 τὴν
2996 2023 3388 2093 πεπλασμένην
3465 2026 3747 2094 πραότητα
3816 2025 3985 2095 ῥίψας
4019 2066 4035 2088 ,

2443 2113 2639 2181 ἁθρόον
2663 2115 2797 2184 ὅπερ
2820 2109 2886 2184 ἦν
2910 2114 3174 2186 ἀνεφάνη,
3203 2116 3296 2169 καὶ
3323 2117 3545 2170 κόλασιν
3572 2114 3730 2179 αὖθίς
3767 2136 3895 2171 τινα
3918 2137 4045 2172 καε-

2442 2207 2666 2274 νοτέραν
2695 2204 2967 2271 διενοεῖτο,
3023 2205 3314 2275 Ἀμφίονος
3347 2208 3582 2276 μάλιστά
3612 2227 3756 2271 τινος
3811 2212 4041 2281 πρώτου

2442 2298 2551 2349 τῶν
2591 2298 2684 2350 ὑπ’
2708 2298 2868 2351 αὐτὸν
2904 2298 2984 2361 είς
3014 2298 3173 2351 τοῦτο
3200 2298 3617 2371 διερεθίζοντος.
3664 2301 3731 2354 Ἦ
3780 2301 3836 2354 δὲ
3874 2302 4046 2355 κόλα·

2447 2404 2530 2450 σις
2557 2381 2625 2457 ἦν
2649 2386 2789 2456 αὕτη
2815 2404 2826 2416 ·
2852 2387 3175 2457 διαταθῆναι
3204 2389 3303 2458 μὲν
3333 2387 3497 2453 οὕτω,
3526 2390 3620 2442 καί⁵
3642 2390 3747 2442 ὑπὸ
3768 2391 4043 2445 τοσούτου

2446 2480 2682 2549 πλήθους
2710 2480 2802 2534 τὸν
2828 2480 3102 2552 μάρτυρα,
3133 2481 3272 2533 ὥστε
3295 2483 3391 2534 καὶ
3420 2481 3527 2535 τῶν
3554 2482 3733 2552 μελῶν
3764 2484 3923 2552 αὑτῷ
3941 2486 4045 2547 τὰς

2448 2572 2713 2643 ἁρμονίας
2750 2572 3108 2643 διαλυθῆναι,
3145 2571 3375 2643 δημίους
3405 2572 3462 2625 δὲ
3509 2575 3876 2643 περιστάντας
3930 2575 4045 2627 άπ-

2448 2663 2589 2734 ηνῶς
2616 2663 2778 2717 αὐτὸν
2814 2663 2941 2734 ἄχρι
2992 2662 3191 2717 πολλοῦ
3247 2663 3433 2735 ξηροῖς
3468 2662 3782 2735 βουνεύροις
3806 2664 4048 2717 τύπτειν

2448 2757 2535 2810 διὰ
2559 2757 2863 2827 τεσσάρων.

2523 3024 2644 3077 ΛΕ’.
2691 3023 2842 3076 Ἐπεὶ
2870 3022 2928 3076 δὲ
2962 3023 3051 3077 καὶ
3083 3023 3219 3094 πρὸς
3262 3022 3469 3093 ταύτην
3498 3024 3705 3087 ἐκεῖνος
3738 3023 3873 3094 ἔστη
3916 3042 4052 3092 γενο

2453 3118 2618 3181 ναίως
2650 3118 2748 3189 τὴν
2803 3118 3095 3188 τιμωρίαν,
3153 3116 3249 3169 καὶ
3278 3116 3470 3186 ὥσπερ
3503 3117 3692 3185 ἑτέρου
3727 3116 4053 3185 πάσχοντος

2453 3208 2626 3270 οὕτως
2664 3207 2891 3271 ἀπαθῶς
2943 3206 3106 3270 αὐτὸς
3156 3206 3253 3260 καὶ
3303 3207 3587 3274 ἀτρέπτως
3617 3205 3875 3271 διέκειτο,
3934 3205 4055 3261 Οἶδ⁹

2451 3300 2554 3364 ὅτι,
2598 3298 2761 3367 φησὶν
2791 3300 2819 3351 ό
2849 3298 3254 3368 Διοκλητιανὺς,
3286 3297 3463 3366 ψυχὴν
3502 3297 3597 3366 μὲν
3628 3297 3796 3366 ἔχεις,
3821 3292 3867 3350 ῶ
3897 3301 4053 3367 Κλή-

2455 3407 2552 3460 μη.
2611 3389 2978 3459 διαφερόντως
3024 3389 3370 3457 φιλόνεικον,
3423 3389 3585 3457 σῶμα
3637 3388 3695 3438 δὲ
3748 3390 4055 3458 ὑπηρετεῖν

2451 3482 2637 3551 ἐκείνῃ
2688 3482 3008 3550 δυνάμενον.
3079 3479 3219 3531 Ἀλλ’
3270 3480 3390 3532 οὐδὲ
3417 3480 3577 3541 αὐτὸς
3615 3479 3815 3548 ὑφήοω
3856 3482 4053 3547 πάλιν,

2452 3574 2589 3626 ἀλλὰ
2617 3576 2709 3626 καὶ
2742 3574 2979 3643 σιδηροῖς
3008 3572 3343 3641 πειράσομαι
3368 3571 3516 3635 ὄνυξι
3536 3589 3548 3600 ·
3582 3572 3723 3640 τάχα
3751 3574 3863 3642 γὰρ
3893 3574 4055 3639 σιδη-

2454 3664 2581 3735 ροῦς
2610 3682 2694 3731 τις
2726 3660 2777 3718 εἷ
2842 3666 2935 3717 καὶ
2986 3664 3269 3735 ναρκώδης
3320 3664 3383 3716 σὺ
3429 3666 3524 3715 καὶ
3571 3663 3967 3733 δυσαίσθητος,
4001 3664 4058 3716 εί

2456 3773 2570 3817 πως
2618 3756 2683 3808 ἄν
2740 3772 2799 3807 σε
2834 3754 3043 3816 τούτοις
3075 3756 3391 3822 ἀφυπνίσω,
3430 3754 3597 3823 βαθὺν
3635 3753 3805 3805 ὕπνον
3843 3756 4057 3806 οὕτως).

2454 3849 2801 3900 καθεύδοντα.
2831 3849 2939 3899 Καὶ
2970 3849 2996 3899 ὁ
3029 3848 3272 3916 μάρτυς,
3310 3843 3381 3899 Εὖ
3417 3864 3504 3915 γε,
3550 3850 3736 3916 φησὶν,
3777 3844 3976 3911 εἶπας,
4012 3842 4059 3901 ει

2455 3939 2707 4009 βασιλεῦ·
2765 3939 3012 3992 καθεύδω
3045 3943 3152 4010 γὰρ
3201 3940 3361 3991 οἱονεί
3412 3957 3535 3993 τινα
3594 3940 3803 4007 γλυκὺν
3856 3940 4057 4003 ὕπνον,

2454 4030 2596 4083 οὕτω
2638 4049 2702 4102 με
2743 4031 2836 4084 τοῦ
2880 4032 3013 4102 ἐμοῦ
3072 4032 3309 4101 Χριστοῦ
3350 4032 3488 4103 πρὸς
3516 4034 3641 4093 τοζις
3673 4032 3822 4102 ὑπὲρ
3879 4035 4057 4087 αἱ.τοῦ

2454 4125 2647 4186 πόνους
2671 4127 2786 4187 ταῖς
2806 4125 2913 4177 τῶν
2939 4124 3237 4193 μελλόντων
3260 4126 3439 4177 ἐλπίσι
3464 4124 3828 4193 κοιμίζοντος·
3856 4130 4059 4195 νήςειν

2453 4216 2509 4267 δὲ
2538 4215 2697 4269 πάλιν
2726 4219 2821 4269 καὶ
2846 4218 3212 4286 ἐγρηγορέναι
3240 4218 3788 4287 παρασκευάζοντος,
3829 4222 3975 4272 ὅπου
4005 4237 4060 4271 τε

2454 4306 2616 4358 αὐτὸν
2658 4307 2893 4377 κηρύξαι
2947 4308 3075 4378 χρὴ,
3112 4308 3204 4361 καὶ
3232 4308 3372 4377 ὑπὲρ
3400 4308 3499 4377 τῆς
3528 4308 3692 4360 αὐτοῦ
3744 4311 4061 4377 ὁμολογίας

2455 4400 2963 4468 παρρησιάσασθαι.
3007 4400 3193 4453 Ταῦτα
3224 4394 3316 4452 οὖν
3356 4401 3563 4461 ἐκεῖνος
3586 4395 3728 4463 εἷπε,
3770 4406 3872 4452 καί
3896 4404 3926 4453 ὁ
3959 4404 4062 4472 ξι-

2456 4492 2637 4553 σιλεὺς
2688 4492 2795 4543 τῶν
2852 4492 2947 4559 μὲν
2980 4492 3203 4559 πληγῶν
3238 4490 3402 4553 εὐθὺς
3433 4492 3742 4560 ἀποστῆναι
3778 4494 3917 4555 τοὺς
3956 4494 4061 4560 δη-

772 4598 950 4640 autem
988 4600 1109 4639 eum
1150 4585 1202 4638 in
1249 4584 1450 4655 lignum
1489 4585 1702 4646 tollere,
1735 4595 1788 4639 et
1820 4600 1941 4639 eum
1994 4585 2187 4641 ferreis
2223 4603 2343 4641 car-

2460 4584 2613 4651 μίους
2663 4581 2891 4646 κελεύει,
2932 4582 3261 4651 μετεωρίσαι
3304 4582 3360 4632 δὲ
3406 4582 3569 4635 αὐτὸν
3598 4583 3689 4635 ἐπὶ
3721 4584 3914 4647 ξύλου,
3960 4588 4060 4635 καὶ

773 4691 898 4743 pere
928 4676 1140 4743 ungulis
1167 4716 1181 4740 ,
1223 4675 1394 4728 donec
1423 4675 1470 4728 ei
1506 4688 1695 4729 carnes
1744 4676 1965 4729 omnino
2017 4688 2351 4746 consumpta:

769 4780 974 4832 essent,
1004 4768 1225 4836 sanguis
1246 4776 1420 4819 autem
1448 4767 1774 4826 exinanitus,
1802 4775 1854 4819 et
1880 4767 1994 4821 sola
2016 4782 2139 4821 ossa
2176 4770 2343 4823 relin-

771 4870 1081 4929 querentur.
1106 4856 1237 4911 Cum
1267 4858 1445 4923 itaque
1480 4872 1662 4909 rursus
1692 4857 1907 4910 lictores
1927 4859 1990 4910 ad
2018 4859 2065 4912 id
2102 4874 2348 4929 magnam

772 4948 1092 5002 adhiberent
1136 4948 1485 5015 diligentiam,
1544 4956 1597 4997 ut
1659 4950 1747 5013 qui
1805 4950 1964 4999 etiam
2014 4949 2081 5001 ab
2139 4949 2353 5004 oceulto

774 5041 957 5093 lictore
978 5048 1138 5107 atque
1158 5041 1293 5091 adeo
1322 5037 1577 5089 carniﬁce
1603 5037 1677 5089 ed'
1704 5051 1765 5087 ea
1797 5037 2177 5103 incitarentur;
2210 5053 2351 5092 mar-

776 5144 855 5202 tyr
878 5133 1093 5199 quidem
1126 5130 1355 5197 primum
1381 5129 1617 5195 seipsum
1645 5129 1947 5189 attendens,
1970 5128 2161 5182 deinde
2186 5130 2347 5183 etiam

774 5224 839 5275 ad
894 5233 1175 5293 tyrannum
1230 5220 1498 5289 aSpiciens
1534 5238 1545 5271 :
1579 5218 1696 5273 Non
1748 5232 1851 5285 est,
1918 5223 2113 5289 inquit,
2170 5238 2347 5277 meum

774 5326 970 5381 corpus
999 5312 1051 5366 id
1079 5312 1219 5381 quod
1250 5311 1423 5372 adest,
1454 5326 1561 5380 quo
1589 5326 1691 5379 ego
1720 5312 1935 5379 quidem
1965 5329 2082 5367 sum
2112 5314 2347 5381 indutus,

777 5418 827 5455 ttt
860 5415 1032 5457 autem
1091 5403 1140 5455 id
1201 5418 1362 5466 nunc,
1422 5418 1455 5456 0
1515 5413 1829 5473 Imperator,
1887 5405 2111 5458 laceras.
2166 5405 2349 5475 Neque

775 5499 917 5549 ιιιιίιιι
958 5498 1178 5550 omnino
1221 5496 1407 5549 dolore
1438 5497 1661 5559 allii-iur,
1702 5498 1969 5564 quomodo
2000 5512 2083 5550 me
2128 5509 2346 5567 oporte-

777 5600 875 5653 ι-ει,
936 5591 1059 5642 dum
1102 5592 1306 5642 laceror
1338 5600 1351 5644 ;
1386 5589 1479 5640 sed
1527 5589 1666 5654 quod
1706 5586 1834 5639 mihi
1880 5586 2096 5654 quidem
2162 5592 2343 5641 datutn

777 5684 951 5735 iuerat
999 5694 1027 5731 a
1059 5688 1245 5731 natura
1282 5678 1537 5746 paulatim
1583 5678 2008 5745 prmcedentibus
2038 5680 2183 5745 prius
2218 5696 2348 5733 con-

777 5782 1044 5841 sumptum
1089 5780 1172 5825 est
1222 5770 1497 5840 suppliciis
1540 5780 1596 5823 et
1650 5784 1746 5825 nec
1791 5785 1957 5839 parva
1987 5772 2201 5840 quidem
2231 5773 2345 5840 ejus

778 5880 901 5917 ours
944 5864 1070 5916 milii
1106 5871 1188 5917 est
1230 5862 1415 5914 relicta
1455 5878 1467 5913 :
1500 5875 1665 5917 carne
1705 5870 1908 5929 autem,
1955 5879 2074 5933 qua:
2106 5880 2247 5919 nunc
2278 5865 2341 5919 ad

2453 4678 2594 4728 οὕτω
2626 4675 2925 4738 καταξᾶναι
2952 4675 3194 4745 σιδηροῖς
3229 4674 3427 4739 δνυξιν,
3483 4676 3585 4737 ἕως
3616 4675 3682 4728 ἂν
3712 4677 3773 4727 αἰ
3804 4693 3869 4729 τε
3908 4680 4057 4748 σάρ-

2460 4785 2550 4832 κες
2581 4768 2730 4840 αὑτῷ
2764 4768 3017 4833 καθάπαξ
3051 4766 3398 4831 ἀναλωθεῖεν,
3446 4765 3722 4835 ἐκκενωθῇ
3753 4767 3811 4819 δὲ
3839 4768 3943 4820 καὶ
3992 4771 4059 4821 τὸ

2454 4852 2592 4927 αἷμα
2611 4861 2705 4909 καὶ
2736 4859 2874 4926 μόνα
2896 4856 3025 4924 γοῦν
3051 4857 3116 4909 τὰ
3140 4856 3275 4910 ὀστᾶ
3298 4857 3651 4925 ὑπολίπηται.
3679 4856 3800 4909 Τῶν
3826 4857 4060 4926 δημίων

2455 4952 2631 5002 τοίνυν
2670 4949 2868 5018 πολλὴν
2898 4950 3260 5019 εἰσφερόντων
3281 4949 3373 5001 καὶ
3395 4948 3548 5011 αὖθις
3568 4949 3664 5016 τὴν
3686 4949 4056 5015 ἐπιμέλειαί,

2458 5044 2550 5096 an
2589 5042 2681 5093 καὶ
2744 5042 2847 5092 ὑπὸ
2893 5039 2983 5092 τοῦ
3024 5039 3269 5110 κρυπτοῦ
3316 5040 3514 5109 δημίου
3547 5040 3680 5108 πρὸς
3709 5040 3777 5092 τὰ
3808 5043 4063 5095 τοιαῦτα

2463 5130 2913 5200 παροξυνόμενοι,
2952 5132 2981 5182 ό
3025 5130 3235 5200 μάρτυς
3275 5129 3468 5199 πρῶτα
3496 5129 3595 5198 μὲν
3642 5128 3820 5197 ἑαυτῷ
3874 5149 4051 5200 προσ.

2458 5224 2616 5293 έχων,
2681 5219 2801 5276 εἷτα
2834 5226 2927 5276 καὶ
2970 5225 3101 5294 πρὶς
3158 5224 3247 5276 τὸν
3304 5223 3567 5295 τύραννον
3623 5222 3873 5276 ἀπιδών·
3933 5228 4063 5279 Οὐκ

2456 5316 2587 5384 ἐμὸν
2616 5315 2679 5367 τὸ
2708 5315 2885 5384 σῶμα,
2920 5316 3076 5383 φησὶ,
3116 5314 3177 5368 τὸ
3201 5316 3390 5385 παρὸν,
3428 5316 3566 5384 ὅπερ
3590 5312 3701 5379 ἐγὼ
3746 5315 3847 5382 μὲν
3881 5320 4061 5385 περὲ-

2457 5424 2667 5477 κειμαι,
2700 5409 2903 5473 ξαίνεις
2938 5410 2994 5462 δὲ
3026 5406 3120 5461 νῦν
3152 5410 3337 5474 αὐτὸς,
3368 5402 3413 5461 ὦ
3463 5406 3716 5477 βασιλεῦ’
3774 5407 3904 5460 οὐδὲ
3941 5414 4061 5481 γὰρ

2452 5501 2605 5566 ἀλγῶ
2645 5501 2863 5563 πάντως
2894 5502 3017 5554 ὅσον
3062 5500 3247 5565 ἀλγεῖν
3284 5516 3352 5568 με
3384 5500 3505 5552 δέον
3540 5499 3856 5569 ξαινόμενος
3881 5517 3896 5528 ·
3926 5502 4059 5552 ἀλλ’

2452 5594 2479 5644 ὃ
2511 5593 2608 5661 μὲν
2638 5592 2843 5644 δέδοταί
2870 5610 2960 5662 μοι
2992 5594 3141 5662 παρὰ
3170 5590 3269 5661 τῆς
3301 5592 3517 5659 φύσεως
3572 5593 3690 5655 ταῖς
3730 5590 4057 5659 προλαὸοὐ-

2456 5700 2572 5747 σαις
2630 5683 2952 5754 καταϐραχίι
3014 5685 3372 5753 προαναλῶθη
3430 5680 3702 5747 κολάσεσι,
3759 5686 3858 5735 καὶ
3921 5686 4055 5736 ωδε

2452 5775 2614 5845 μέρος
2642 5776 2700 5838 ἐξ
2734 5776 2899 5829 αὑτοῦ
2947 5776 3142 5846 μικρὸν
3200 5776 3506 5845 ὑπελείφθη
3549 5793 3672 5845 μοι·
3707 5777 3809 5846 τὴν
3858 5776 3919 5828 δὲ
3954 5778 4056 5828 νιν

2445 5866 2851 5937 ὑποτρέχονσαν
2873 5870 2983 5929 τοῖς
3008 5867 3211 5930 ὀστέοις
3244 5885 3345 5935 μου
3373 5871 3551 5938 σάρκα
3586 5866 3679 5919 καὶ
3710 5866 3817 5918 τῶν
3853 5868 4047 5934 prsidi.
