4154 6490
147 466 237 530 845
1152 466 1324 527 VITA
1366 467 1426 525 S.
1468 465 1606 525 CLE
1623 465 1913 525 MENTIS
1955 467 2359 527 ANCYRANI.

3284 466 3390 529 8ιῦ

146 587 231 652 τὴν
267 582 531 655 ἁρμονίαν
562 581 917 649 συνέχουσαν,
949 580 1140 652 ῶσπερ
1192 583 1315 636 τινὰ
1364 582 1661 653 περιϐολὴν
1690 584 1715 634 ὁ

1820 596 1939 635 ossa
1973 596 2089 635 mea
2122 582 2380 645 accurrit,
2417 590 2468 634 et
2504 582 2863 636 membrorum
2897 583 3137 639 continet
3172 597 3391 651 compa-

145 678 258 746 ἐμὸς
294 675 509 727 ἐνέδυσέ
534 692 600 744 με
625 675 882 745 Χριστὸς,
921 675 987 728 δι’
1038 675 1098 727 ὃν
1144 677 1237 727 καὶ
1291 676 1391 745 τὴν
1431 675 1705 745 προτέραν

145 768 507 836 ἁπεδυσάμην.
537 759 643 829 Ἧς
665 768 838 835 δήπου
866 767 962 820 καὶ
982 766 1077 818 νῦν
1100 766 1516 833 ἀποξεσθείσης,
1548 768 1708 818 ἐπεν-

142 860 274 912 δὺσει
304 860 471 912 πάλιν
503 860 699 930 ἑτέραν
724 876 736 889 ·
772 860 891 912 οὐδὲ
927 860 1035 930 γὰρ
1075 860 1141 913 ἂν
1189 861 1217 912 ὁ
1247 860 1418 931 πηλὸς
1464 860 1706 913 ἐπιλίποι

145 954 221 1005 τὸν
248 951 514 1022 κεραμέα.
560 952 620 1003 'U
658 952 757 1021 μὲν
808 951 898 1005 οῦν
931 951 1105 1005 ταῦτα
1151 953 1322 1006 εἰπὼν
1356 954 1450 1006 καὶ
1484 953 1704 1007 πλείονα

142 1044 334 1095 τούτων
364 1042 643 1095 ἐπαύσατο
662 1060 676 1074 ο
729 1042 1113 1114 Διοκλητιανὸς
1155 1043 1211 1095 δὲ
1240 1043 1388 1113 αὐτῷ
1417 1043 1702 1113 λαμπάδας

144 1137 300 1206 πυρος
323 1135 537 1189 κελεύει
564 1135 991 1208 προσφέρεσθαι,
1026 1136 1102 1205 τῷ
1137 1136 1194 1189 δὲ
1230 1138 1458 1191 κάκεῖνα
1481 1133 1550 1207 ἦν
1582 1136 1703 1205 ἠδο-

142 1228 218 1296 νὴ,
244 1228 359 1294 φῶς
380 1224 513 1294 οἷον,
543 1228 661 1282 ἀλλ’
686 1229 806 1299 οὐχὶ
830 1227 926 1282 καὶ
952 1228 1122 1299 πυρὸς
1147 1230 1269 1300 ἔχον
1306 1230 1556 1298 δύναμιν.

1814 689 1957 745 gem,
1990 675 2153 727 veluti
2194 675 2425 742 quodam
2480 675 2788 729 indumento
2842 692 2993 731 meus
3032 692 3114 731 nte
3145 677 3393 736 Christus

1816 766 2007 830 induit,
2041 775 2262 833 propter
2308 780 2466 833 quem
2523 765 2687 832 priori
2739 782 2821 818 me
2852 767 2999 830 exui,
3031 782 3200 835 eaque
3246 783 3393 821 nunc

1815 872 1990 919 erasa,
2022 872 2105 909 me
2133 872 2322 910 rursus
2351 857 2535 912 induet
2563 857 2687 909 alia.
2716 855 2897 925 Neque
2918 859 3059 911 enim
3094 858 3261 911 Iulum
3292 860 3386 912 de-

1816 950 1977 1005 fuerit
2010 950 2189 1019 iigulo.
2224 950 2357 1003 Cum
2395 950 2438 1004 is
2471 966 2600 1021 ergo
2633 950 2748 1005 haec
2770 959 2822 1003 et
2851 950 2935 1004 his
2964 950 3112 1018 plura
3141 952 3388 1014 dixisset,

1815 1044 2066 1095 cessavit.
2116 1040 2479 1095 Diocletianus
2526 1054 2704 1097 autem
2760 1043 2918 1111 jussit
2972 1043 3019 1096 ei
3067 1043 3205 1113 ignis
3251 1042 3395 1097 lares

1816 1136 2076 1189 adhiberi.
2142 1134 2200 1188 Ei
2252 1144 2433 1190 autem
2482 1136 2567 1190 illa
2624 1152 2837 1207 quoque
2890 1148 3043 1193 erant
3108 1139 3390 1208 voluptati,

1814 1239 1873 1285 ut
1907 1244 2025 1297 qua:
2083 1240 2264 1284 essent
2312 1240 2563 1300 tanquam
2605 1228 2716 1295 lux,
2775 1246 2893 1300 quin
2940 1232 3044 1286 vim
3095 1232 3233 1304 ignis
3285 1248 3390 1285 non

1816 1319 2059 1374 haberet.

1574 1517 1804 1583 CAPUT
1848 1519 1954 1583 VII.

925 1747 992 1802 In
1023 1748 1209 1803 itinere
1237 1747 1655 1813 Nicomediam“,
1699 1764 1760 1802 ac
1784 1752 2076 1817 prmertim
2114 1749 2305 1813 Rhodi,
2334 1760 2500 1822 gesta.

204 1953 344 2020 Αςι.
370 1950 667 2020 Ἐκπληξις
698 1946 811 2020 εἶχε
828 1949 920 2003 τὸν
957 1949 1180 2020 βασιλέα
1199 1949 1409 2013 λοιπὸν,
1444 1951 1541 2004 καὶ
1575 1949 1712 2018 πρὸς

1885 1946 2127 2001 XXXVI.
2172 1947 2461 2018 Obstupuit
2492 1948 2560 2003 de
2597 1957 2796 2003 caetero
2829 1950 3142 2019 imperator,
3174 1960 3229 2005 et
3261 1966 3391 2015 cons

138 2050 251 2111 τοὺς
278 2045 655 2117 περιεστῶτας
707 2043 1097 2112 ἐπιστραφεὶς,
1136 2041 1277 2111 Ἐγὼ
1326 2041 1555 2105 πολλοὺς
1587 2041 1707 2111 μὲν,

141 2133 270 2201 εἷπε,
306 2137 419 2189 τῶν
470 2135 802 2205 δυσωνύμων
850 2134 1201 2202 Χριστιανῶν
1254 2132 1709 2203 ἐτιμωρησάμην,

140 2230 359 2291 πολλοὺς
413 2229 471 2282 δὲ
497 2231 590 2280 καὶ
634 2228 849 2297 θανάτῳ
881 2225 1260 2296 παρέπεμψα·
1313 2223 1451 2291 πλὴν
1499 2223 1710 2275 ούδὲπω

136 2322 385 2391 τοιαύτης
441 2321 607 2391 ἄνδρα
658 2319 833 2390 ψυχῆς
889 2335 948 2369 τε
996 2317 1091 2369 καὶ
1129 2315 1353 2385 γνώμης
1375 2315 1706 2383 ἐθεασάμην,

136 2415 237 2469 ἀλλ’
266 2414 388 2467 οὐδὲ
411 2415 573 2483 σῶμα
610 2410 837 2482 στερρὸν
898 2408 1043 2461 οὓτω
1101 2410 1198 2461 καὶ
1238 2407 1566 2476 καρτερικὸν
1613 2406 1709 2458 καὶ

136 2490 492 2560 δυσθάνατονέ
532 2501 890 2571 παραπέμψω
922 2501 1055 2568 γοῦν
1085 2500 1249 2553 αὐτὸν
1282 2501 1360 2560 είς
1409 2497 1509 2568 τὴν
1544 2496 1708 2549 Νικο-

140 2602 347 2671 μήδους,
380 2600 569 2668 τέρας,
605 2597 678 2659 ὡς
725 2596 891 2663 εἰκὸς,
928 2592 1258 2664 Μαξιμιανῷ
1290 2592 1536 2646 ἄπιστον.
1570 2589 1706 2644 Οὐδὲ

135 2696 233 2763 γάρ
258 2694 324 2747 ἂν
348 2692 474 2746 ούδέ
509 2690 671 2743 αὐτὸν
701 2688 857 2758 ἀνδρί
910 2704 1043 2739 ποτε
1076 2681 1232 2755 οἶμαι
1262 2683 1494 2754 τοιούτῳ
1551 2699 1707 2753 περι-

134 2790 306 2857 τυχεῖν
344 2784 671 2853 αὐθεκάστῳ
708 2781 897 2843 δεινῶς
934 2779 1032 2832 καὶ
1054 2775 1502 2848 ίσχυρογνώμονι.
1524 2775 1707 2828 Ταῦτα

134 2883 183 2930 ἐν
211 2878 456 2944 θαύματι
511 2874 647 2946 πρὸς
678 2875 803 2935 τοὺς
848 2871 1124 2940 παρόντας
1176 2868 1366 2933 εἰπὼν,
1410 2866 1707 2939 ψηφίζεται

134 2973 421 3042 Κλήμεντα
442 2968 665 3022 δεθέντα
692 2967 771 3028 είς
804 2963 1050 3029 ἐξέτασιν
1080 2960 1411 3031 Μαξιμιανῷ
1440 2961 1576 3031 πρὸς
1607 2960 1707 3030 τὴν

134 3064 475 3134 Νικομήδους
504 3060 809 3115 διαπόντιον
842 3057 1095 3124 ἄγεσθαι,
1132 3054 1345 3125 γράψας
1372 3055 1467 3107 καὶ
1492 3053 1559 3107 τά
1584 3052 1704 3106 κατ’

134 3157 283 3210 αἰτίαν
320 3155 511 3208 πάντα
534 3192 550 3215 ,
607 3152 708 3204 ὅσα
745 3167 805 3203 τε
841 3149 994 3217 παρὰ
1048 3145 1381 3216 Δομετιανοῦ
1415 3146 1703 3215 πρότερον,

132 3252 215 3303 καὶ
247 3250 350 3301 ὅσα
382 3247 549 3301 πάλιν
585 3245 675 3298 ὑπ’
720 3243 885 3295 αὐτοῦ
919 3242 1071 3314 παρὰ
1108 3241 1265 3304 δόξαν
1308 3241 1400 3293 καὶ
1425 3239 1586 3309 φύσιν
1612 3239 1706 3291 ἀν-

134 3336 403 3406 θρωπίνην
437 3333 732 3400 ύπενέγκοι
757 3333 971 3384 πᾶσαν⁹
1007 3331 1087 3382 ἔτι
1122 3330 1216 3382 καὶ
1246 3330 1404 3382 τοῦτο
1432 3329 1701 3399 σημάνας,

131 3428 195 3489 ὡς
228 3430 275 3480 εί
302 3428 409 3498 μὲν
439 3426 585 3478 ἐλεῖν
629 3423 811 3488 αὑτὸν,
843 3424 981 3493 ὅπερ
1014 3422 1357 3486 ἀνέλπιστον,
1398 3423 1491 3477 καὶ
1542 3438 1705 3491 μετα-

132 3523 304 3574 πεῖσαι
362 3519 701 3586 δυνήσεται,
750 3511 905 3579 αὖθις
957 3516 1280 3585 ἀναπέμψαι
1332 3515 1473 3586 πρὸς
1520 3516 1702 3578 αὐτὸν,

131 3614 355 3681 πρᾶγμα
415 3608 819 3679 κεχαρισμένον
864 3605 1137 3669 ἀπόδειξιν
1196 3605 1405 3658 ἐκείνου
1443 3606 1705 3675 μεγίστης

133 3704 314 3772 φρενὸς
370 3701 473 3753 καὶ
522 3697 798 3767 περινοίας
831 3696 1091 3763 ἐσόμενον
1115 3711 1129 3726 ·
1163 3695 1212 3747 εί
1247 3694 1293 3747 δ’
1318 3696 1417 3747 οὐκ
1442 3694 1576 3746 άλλά
1610 3693 1705 3762 θη-

133 3796 256 3862 ρίοις
277 3794 453 3847 αὐτὸν
479 3790 751 3851 ἐκδοῦναι,
775 3789 807 3858 ἢ
828 3789 922 3840 καὶ
943 3788 1131 3861 ἀλλαις
1160 3788 1453 3857 τιμωρίαις
1479 3788 1705 3856 πικραῖς

128 3883 211 3937 τοῦ
257 3884 361 3954 ζῇν
398 3882 799 3949 ὑπεξαγαγεῖν,
830 3880 947 3932 ’Ίνα
998 3879 1072 3949 μὴ
1127 3878 1331 3946 περιὼν
1362 3879 1461 3943 ἔτι,
1516 3879 1701 3947 φησὶν,

130 3976 210 4025 καὶ
234 3974 608 4044 Χριστιανοὺς
641 3972 850 4040 μεγάλα
880 3970 1105 4039 βλάπτοι
1132 3970 1228 4023 καὶ
1261 3969 1550 4039 Ἕλληνας,
1579 3969 1705 4028 τοὺς

132 4064 219 4132 μὲν
246 4063 609 4133 ὁποφθείρων
642 4064 736 4114 καὶ
758 4061 1083 4131 παρασπῶν,
1109 4063 1469 4131 Χριστιανοὺς
1491 4062 1545 4113 δὲ
1581 4061 1705 4113 δυσ-

133 4153 459 4219 μεταθέτους
490 4151 693 4221 μᾶλλον
717 4150 887 4205 ποιῶν
923 4152 1015 4202 καὶ
1040 4150 1490 4219 ἀσφαλιζόμενος.

184 4441 299 4494 AZ'.
357 4438 627 4507 Ἐξήγετο
680 4434 858 4487 τοίνυν
886 4435 981 4502 τῆς
1045 4433 1262 4505 Ῥώμης
1316 4438 1343 4488 ὁ
1386 4436 1541 4499 ἅγιος
1600 4437 1704 4489 ὑπὸ

127 4532 325 4586 πολλῶν
370 4531 484 4600 μὲν
531 4527 995 4597 προπεμπόμενος
1024 4566 1038 4589 ,
1096 4527 1313 4589 πολλοῖς
1351 4528 1408 4580 δὲ
1453 4528 1703 4597 δακρύων

1814 2056 2005 2096 versus
2049 2042 2114 2094 ad
2149 2056 2264 2103 eos,
2324 2042 2419 2107 qui
2472 2041 2979 2104 circumsistebant,
3036 2043 3148 2111 Ego
3194 2042 3391 2103 multos

1812 2132 2029 2203 quidem
2081 2132 2260 2199 punii,
2311 2131 2513 2201 inquit,
2566 2146 2631 2185 ex
2682 2131 2896 2187 miseris
2946 2132 3393 2196 Cltristianis,et

1813 2222 2011 2277 multos
2042 2224 2209 2276 etiam
2245 2230 2418 2277 morte
2451 2223 2640 2288 aﬂ'eci;
2677 2224 2769 2278 sed
2813 2224 3045 2279 nondum
3077 2226 3181 2279 vidi
3215 2226 3387 2288 virum

1815 2326 1921 2369 tam
1964 2330 2161 2384 magno
2191 2326 2245 2369 et
2283 2314 2498 2371 excelso
2523 2315 2706 2369 animo
2739 2316 3047 2387 praeditum,
3080 2318 3173 2379 sed
3215 2331 3389 2386 neque

1812 2409 2129 2478 cujusquam
2174 2423 2370 2478 corpus
2426 2408 2562 2462 adeo
2609 2407 2842 2463 validum
2889 2418 2943 2461 et
2991 2408 3292 2474 robustum,
3333 2418 3391 2483 et

1811 2501 1895 2555 cui
1964 2510 2192 2554 mortem
2267 2498 2461 2554 aﬂ‘erre
2531 2508 2675 2555 esset
2736 2498 3023 2553 ditIicilius.
3070 2499 3205 2554 Eum
3261 2514 3389 2569 ergo

1812 2596 2180 2648 transmittam
2216 2592 2602 2658 Nicomediam,
2629 2592 2979 2655 Maximiano,
3029 2602 3090 2647 ut
3129 2601 3212 2647 est
3251 2593 3387 2648 veri-

1812 2682 2007 2747 simile,
2052 2682 2354 2755 prodigium
2390 2682 2629 2737 futurum
2661 2683 2996 2737 incredibile.
3027 2682 3212 2753 Neque
3240 2684 3385 2740 enim

1810 2771 2060 2827 existimo
2081 2788 2202 2827 eum
2245 2776 2493 2843 unquam}
2526 2774 2781 2829 incidisse
2819 2774 2872 2830 in
2901 2776 3076 2830 virum
3107 2783 3216 2830 tam
3245 2776 3387 2837 ﬁrmi

1811 2876 1864 2919 et
1895 2874 2005 2920 tam
2067 2867 2367 2922 constantis
2412 2867 2598 2922 animi.
2658 2867 2784 2923 Haxc
2851 2883 2973 2922 cum
3034 2868 3387 2926 mirabundus

1810 2957 2038 3012 dixisset
2060 2957 2125 3012 iis
2151 2958 2243 3026 qui
2266 2959 2514 3025 aderant,
2544 2960 2785 3013 decernit
2816 2968 2871 3013 ut
2898 2959 3147 3029 Clemens
3174 2958 3387 3017 vinctus

1813 3057 1961 3102 trans
1991 3062 2141 3102 mare
2176 3050 2482 3104 mitteretur
2520 3050 2909 3116 Nicomediam,
2938 3051 3327 3107 examinandos
3353 3065 3385 3109 ει

1810 3139 2157 3204 Maximiano,
2190 3141 2260 3195 de
2306 3154 2373 3196 eo
2418 3142 2682 3207 scribens,
2709 3151 2764 3196 et
2792 3156 2912 3211 qua:
2950 3143 3098 3210 prius
3132 3156 3161 3195 a
3198 3140 3384 3197 Domi-

1812 3231 1976 3293 tiano,
2012 3240 2066 3284 et
2097 3246 2216 3301 quae
2237 3246 2264 3284 a
2283 3246 2343 3285 se
2372 3246 2557 3287 rursus
2582 3247 2773 3300 passus
2802 3234 2893 3296 sit,
2925 3248 3045 3302 quae
3075 3232 3385 3300 opinionem

1810 3331 1865 3377 et
1920 3321 2211 3375 humanam
2263 3336 2479 3377 omnem
2530 3333 2781 3378 naturam
2834 3331 3139 3392 superant:
3182 3332 3235 3377 et
3281 3322 3383 3375 hoc

1810 3421 2066 3478 prteterea
2115 3410 2449 3479 signiﬁcans,
2486 3411 2629 3479 quod
2676 3412 2720 3464 si
2768 3425 2890 3466 eum
2945 3411 3188 3483 quidem,
3238 3414 3381 3484 quod

1808 3507 1889 3552 est
1917 3499 2072 3567 plane
2092 3499 2510 3567 desperandum,
2541 3500 2755 3554 vincere
2787 3510 2838 3554 et
2868 3501 2923 3555 in
2951 3500 3111 3554 aliam
3150 3504 3383 3569 potuerit

1810 3592 2090 3646 traducere
2118 3591 2459 3658 sententiam,
2503 3606 2624 3644 eum
2660 3605 2847 3647 rursus
2871 3594 3128 3657 remittat,
3164 3609 3273 3646 rem
3306 3593 3379 3647 illi

1807 3693 2015 3752 gratam
2064 3683 2321 3749 futuram,
2381 3693 2440 3737 ut
2491 3696 2864 3755 argumentum
2927 3685 3071 3740 illius
3131 3686 3381 3743 maxima:

1808 3773 2103 3842 prudentia
2130 3785 2184 3830 et
2214 3774 2412 3845 ingenii
2446 3776 2677 3831 solertia:
2702 3794 2718 3832 :
2747 3778 2790 3831 si
2826 3778 3025 3844 minus,
3050 3792 3172 3833 eum
3204 3778 3381 3832 tradat

1809 3866 2017 3927 bestiis,
2065 3867 2145 3921 vel
2194 3867 2356 3921 etiam
2400 3868 2610 3922 acerbis
2659 3868 2779 3924 aliis
2807 3869 3082 3939 suppliciis
3113 3870 3162 3924 ei
3216 3869 3378 3929 vitam

1808 3959 2034 4024 adimat,
2095 3957 2171 4013 Ne
2224 3960 2268 4014 si
2326 3960 2585 4028 amplius,
2643 3961 2845 4030 inquit,
2887 3963 2958 4017 sit
2983 3972 3291 4032 superstes.
3326 3972 3382 4030 et

1806 4048 2145 4105 Christianos
2173 4062 2228 4105 et
2254 4052 2475 4107 Graecos
2520 4054 2735 4123 magnis
2772 4053 2970 4110 alliciat
2991 4054 3377 4130 incommodis,

1809 4144 1905 4202 hos
1952 4143 2168 4211 quidem
2214 4158 2566 4215 corrumpens
2591 4156 2646 4201 et
2694 4147 2993 4211 attrahens.
3042 4148 3380 4203 Christianos

1808 4247 1984 4287 autent
2016 4233 2252 4289 eﬂ‘tciens
2275 4236 2516 4292 dimciles
2546 4239 2613 4291 ad
2651 4242 3149 4307 transmovendum,
3180 4255 3380 4314 eosque

1808 4323 2055 4383 muniens
2077 4334 2130 4376 et
2159 4326 2505 4381 confirmans.

1876 4434 2140 4490 XXXVII.
2181 4434 2352 4490 Roma
2401 4451 2529 4507 ergo
2568 4450 2789 4494 sanctus
2818 4449 2903 4496 est
2936 4441 3187 4511 eductus,
3236 4446 3374 4500 mul-

1808 4527 1876 4581 tis
1913 4528 2127 4595 quidem
2158 4542 2282 4583 eum
2312 4529 2703 4591 deducentibus
2723 4570 2738 4594 ,
2768 4532 2953 4588 multis
2988 4544 3165 4589 autem
3200 4536 3376 4608 lacry-

127 4626 279 4688 αἴτιος
300 4620 741 4690 καθιστάμενος,
760 4614 841 4681 οἷς
868 4618 928 4671 τὸ
956 4618 1126 4682 πάθος
1160 4619 1573 4689 παρεμυθοῦντο
1605 4619 1699 4675 τοῦ

1808 4618 1908 4673 mis
1946 4634 2161 4688 quoque
2203 4622 2683 4689 prosequentibus,
2720 4626 2916 4692 quibus
2958 4628 3380 4686 consolabantur

128 4714 423 4787 χωρισμοῦ.
451 4713 557 4775 Τίς
582 4712 690 4781 γάρ
724 4711 789 4764 ἂν
822 4709 1080 4774 διεξέλθοι
1110 4711 1179 4764 τά
1207 4712 1315 4764 τῶν
1350 4713 1578 4777 πιστῶν,
1602 4716 1701 4767 ὅσα

130 4808 214 4873 μὲν
261 4804 587 4877 τηνικαῦτα
649 4802 877 4869 ἔλεγον,
936 4802 1036 4854 ὅσα
1090 4801 1147 4855 δέ
1195 4801 1355 4855 πάλιν
1408 4804 1495 4854 ἐπ’
1553 4803 1701 4872 αύτῷ

128 4900 364 4967 Exulem;
431 4898 505 4950 Ol
540 4895 639 4962 μὲν
690 4895 798 4964 γὰρ
848 4893 1025 4947 ποδῶν
1078 4893 1335 4963 ἥπτοντο,
1374 4894 1467 4948 καὶ
1512 4896 1701 4965 χεῖρας

129 4992 426 5057 ἠσπάζοντο
450 5007 464 5020 ·
530 4987 581 5039 οι
626 4986 683 5037 δὲ
718 4985 989 5055 τράχηλον
1025 4984 1444 5055 περιϐάλλοντες
1473 4987 1700 5053 κατεφί-

128 5081 238 5135 λουν
267 5082 364 5134 καὶ
390 5078 496 5132 τοῦ
544 5073 826 5147 χωρισμοῦ
879 5075 1079 5143 πικρὸν
1129 5073 1216 5127 ἐπ’
1266 5074 1415 5143 αὐτῷ
1470 5075 1701 5145 δάκρυον

129 5172 333 5237 ἔσταζον
354 5188 370 5203 ⁸
408 5170 575 5227 ἄλλοι
602 5170 713 5229 τοῖς
735 5166 929 5235 αἵμασι
960 5164 1328 5235 κατεχρίοντο,
1360 5168 1471 5229 τοῖς
1526 5167 1700 5237 τραύ-

132 5282 247 5330 μασι
275 5260 685 5333 προσεφύοντο,
709 5258 815 5309 τῶν
844 5256 1071 5325 ἱματίων
1117 5257 1218 5310 οὐκ
1243 5256 1593 5321 ἀπεσπῶντο,
1634 5259 1697 5313 '0

129 5353 363 5426 λαμπρὸς
392 5350 687 5423 ἀριστεὺς,
717 5348 745 5399 ό
766 5349 1012 5415 γενναῖος
1034 5348 1363 5415 ἀγωνιστὴς,
1394 5348 1423 5417 ό
1458 5347 1697 5418 σιδήρου,

129 5447 377 5514 λέγοντες,
411 5442 793 5514 ἰσχυρότερος.
814 5441 878 5492 OI
900 5439 1032 5507 γοῦν
1062 5438 1368 5507 ἀπάγοντες
1396 5439 1560 5492 αὑτὸν
1580 5441 1702 5493 ἐπι-

131 5538 440 5599 κλασθέντες
474 5535 599 5594 τοῖς
628 5532 902 5601 ὀδυρμοῖς,
955 5530 1051 5584 καὶ
1089 5530 1353 5593 παθόντες
1408 5531 1502 5583 καλ⁸
1548 5531 1699 5583 αὐτοὶ

132 5630 211 5687 τὰς
241 5628 443 5696 ψυχὰς,
480 5623 725 5689 ἔστησαν
756 5621 882 5689 ἄχρι
909 5618 1105 5672 πολλοῦ
1133 5619 1596 5689 παραχωροῦντες
1621 5620 1698 5688 τῷ

136 5718 292 5782 πάθει,
324 5717 426 5771 καὶ
462 5713 552 5783 τῷ
580 5710 800 5779 ἐλεεινῷ
854 5710 946 5763 τοῦ
996 5709 1289 5780 θεάματος.
1335 5711 1488 5763 ἐπεὶ
1513 5710 1568 5764 δέ
1599 5712 1697 5782 ἤδη

134 5808 209 5857 καὶ
235 5810 260 5859 ὁ
281 5806 479 5876 καιρὸς
520 5801 711 5855 ἐκάλει
741 5800 832 5852 τοῦ
874 5799 1058 5854 πλοίου
1094 5799 1345 5868 ἐπιϐῆναι
1373 5802 1463 5853 τὸν
1485 5802 1695 5869 μάρτυ-

136 5918 206 5970 ρι,
232 5903 332 5955 τῶν
369 5896 801 5969 περισχομένων
849 5895 937 5966 βίᾳ
988 5896 1082 5950 καὶ
1108 5895 1262 5966 μόλις
1298 5895 1693 5963 ἀποσπασθεὶς,

1805 4721 1958 4762 suam
2014 4709 2081 4761 ab
2132 4724 2197 4763 eo
2253 4711 2669 4778 separatinnem.
2736 4711 2869 4781 Quis
2930 4718 3075 4770 enim
3131 4719 3378 4779 oratione

1806 4801 2053 4869 persequi
2100 4801 2337 4869 potuerit
2384 4816 2482 4867 ea,
2522 4818 2640 4871 qua:
2687 4813 2817 4858 tunc
2865 4806 3115 4862 dicebant
3156 4812 3375 4878 quidem

1804 4889 2020 4953 ﬁdeles,
2073 4900 2127 4945 et
2187 4906 2307 4961 quae
2366 4909 2552 4946 rursus
2604 4905 2823 4963 propter
2880 4896 3053 4966 ipsum
3110 4899 3379 4959 fecerint?

1802 4980 1937 5035 Nam
1970 4982 2063 5036 alii
2098 4983 2313 5051 quidem
2360 4983 2523 5051 pedes
2563 4987 2877 5057 tangehant,
2922 4998 2978 5048 et
3024 5005 3220 5045 manus
3257 5008 3375 5048 am-

1802 5074 2204 5143 plectebantur;
2269 5074 2360 5128 alii
2411 5089 2541 5131 vero
2585 5077 2780 5131 collum
2815 5081 3237 5153 complectentes
3282 5086 3375 5140 de-

1802 5164 2207 5229 osculabantur,
2253 5174 2310 5218 et
2336 5173 2555 5235 propter
2586 5171 2987 5236 separationem
3044 5185 3261 5229 amaras
3292 5174 3373 5229 ef-

1803 5256 2099 5311 fundebant
2142 5258 2410 5325 lacrymas
2461 5274 2474 5310 :
2528 5257 2619 5312 alii
2659 5274 2720 5314 se
2774 5258 2889 5328 ejus
2925 5264 3187 5333 sanguine
3213 5264 3375 5331 imm-,-

1802 5348 2018 5420 gebant,
2054 5364 2081 5402 ιι
2114 5349 2350 5403 vestibus
2380 5349 2534 5403 avelli
2560 5364 2669 5415 non
2706 5361 2976 5421 poterant,
3020 5353 3119 5409 Vir
3144 5356 3372 5424 praecla-g

1804 5458 1897 5497 rus
1934 5451 1987 5497 et
2040 5442 2220 5507 fortis,
2267 5451 2521 5498 strenuus
2564 5448 2890 5511 decertator,
2945 5449 3035 5516 qui
3084 5447 3254 5514 ferro,
3286 5450 3370 5504 di-

1803 5544 2007 5597 centes,
2038 5543 2119 5587 est
2158 5533 2407 5589 validior.
2449 5535 2549 5601 Qui
2586 5537 2758 5605 ipsum
2788 5546 2968 5592 autem
3007 5539 3368 5605 abducebant,

1803 5623 1955 5678 fracti
1983 5624 2218 5688 ﬂetibus,
2252 5636 2307 5679 et
2341 5626 2437 5695 ipsi
2466 5643 2678 5697 quoque
2713 5628 2885 5683 allecti
2918 5631 3134 5695 animis,
3171 5635 3370 5697 consti:

1804 5726 1985 5770 terunt
2042 5716 2161 5782 ditt,
2208 5720 2460 5772 cedentes
2506 5720 2811 5776 animorum
2864 5723 3249 5791 perturbationi
3314 5736 3369 5781 et

1802 5806 2107 5874 spectaculo
2146 5807 2462 5864 miserabili.
2498 5809 2633 5865 Cum
2669 5826 2798 5866 vero
2828 5812 2939 5882 jam
2970 5822 3181 5882 tempus
3209 5828 3367 5868 voca-

1802 5907 1901 5960 ret,
1935 5908 1986 5952 ut
2019 5910 2225 5968 martyr
2270 5914 2458 5955 navem
2498 5904 2842 5967 ascenderet,
2875 5908 2921 5957 vi
2954 5915 3006 5958 et
3040 5907 3128 5960 vix
3152 5905 3367 5963 tandem
