4154 6490
794 423 900 490 847

1950 485 1958 497 ,
2023 429 2302 492 MENSIS
2324 431 2780 495 JANUARIUS.

3957 435 4063 503 848

793 542 1009 597 avulsus
1044 543 1108 594 ab
1147 542 1212 596 iis
1251 542 1341 611 qui
1379 543 1553 612 ipsum
1609 544 1992 608 continebant,
2028 556 2082 600 et
2116 557 2351 617 tanquan‘

2473 553 2565 602 καὶ
2591 549 2780 621 ὥσπερ
2808 549 2968 620 μὲλος
3006 551 3183 607 κοινὸν
3218 554 3475 608 ἁπάντων
3509 557 3871 628 ἁπορραγείς,
3910 563 3979 629 τῇ
4005 578 4063 613 τε

792 638 1092 691 membrum
1154 650 1438 690 counnune
1477 637 1747 708 'abruptus
1786 640 1852 693 ab
1902 641 2172 706 omnibus,
2229 642 2363 695 civi-

792 733 885 784 tati
933 745 998 783 ea
1053 744 1170 798 quas
1223 744 1320 798 par
1363 739 1599 794 erat,et
1655 733 1756 786 sibi
1824 741 2112 799 precatus,
2173 748 2363 788 navem

787 824 1054 884 ascendit,
1104 831 1157 876 et
1182 823 1361 892 -εαξρὶι
1395 823 1670 891 navigare.
1719 822 1824 877 Sed
1855 824 1980 892 quid
2016 825 2233 894 sapiens
2265 841 2363 893 gu-

789 917 1040 970 bernator
1075 917 1450 971 universorum
1504 915 1642 969 Deus
1697 915 1747 968 in
1795 931 1932 970 nave
1980 931 2077 972 suo
2107 919 2364 986 providet

786 1008 1060 1064 consilio?

856 1196 1142 1252 XXXVIII.
1186 1195 1234 1250 Is
1267 1196 1354 1264 qui
1390 1195 1536 1263 prius
1558 1193 1706 1248 solus
1746 1193 2060 1264 martyrium
2101 1190 2362 1262 effugerat

785 1308 848 1346 ex
896 1292 960 1345 iis
1027 1291 1118 1359 qui
1169 1288 1270 1342 sub
1305 1287 1580 1342 Clemente
1623 1286 1971 1339 crediderant
2006 1286 2057 1337 ιιι
2106 1301 2358 1351 carcere,

785 1389 850 1440 de
880 1401 986 1454 quo
1021 1385 1180 1453 paulo
1209 1392 1332 1434 ante
1359 1395 1542 1432 sumus
1574 1393 1670 1432 nos
1701 1392 1822 1432 esse
1852 1377 2086 1431 dicturos
2118 1377 2356 1446 polliciti,

784 1495 906 1534 Cum
939 1489 1079 1532 esset
1120 1475 1401 1527 Romanus
1431 1471 1646 1540 quidem
1682 1487 1877 1540 genere
1906 1513 1919 1535 ,
1957 1470 2360 1539 Agathangrlus

786 1582 965 1626 autem
1022 1570 1257 1634 nomine,
1316 1568 1402 1622 hic
1475 1581 1578 1619 una
1650 1568 1861 1633 navigat
1915 1579 2035 1616 cum
2099 1571 2356 1631 martyre.

785 1667 914 1720 Cum
952 1665 1095 1716 enim
1131 1662 1464 1730 pervenisset
1493 1659 1557 1712 ad
1595 1672 1782 1711 navem
1823 1657 1872 1707 in
1903 1671 2006 1724 qua
2040 1665 2157 1708 erat
2191 1655 2355 1706 Roma

783 1759 1189 1825 euavigaturus,
1239 1762 1290 1806 et
1337 1766 1456 1805 cum
1507 1751 1684 1803 nautis
1735 1762 1902 1816 pauca
1953 1757 2094 1801 esset
2125 1746 2354 1810 loeutus,

783 1853 863 1906 eis
896 1851 1052 1904 facile
1084 1847 1389 1916 persuadet,
1421 1857 1650 1911 cumque
1699 1841 1896 1894 sensim
1931 1840 2353 1902 conscendisset,

785 1948 836 1998 iu
868 1946 1044 2013 aliqua
1079 1943 1197 2009 ejus
1229 1949 1383 2010 parte
1429 1935 1793 1991 delitescebat.
1845 1935 1981 1987 Deus
2011 1944 2189 1986 autem
2236 1933 2356 1995 fuit,

784 2040 873 2109 qui
909 2047 961 2092 et
991 2052 1177 2089 navem
1211 2034 1448 2087 ostendit
1478 2028 1866 2100 Agatltangeln,
1897 2035 1950 2080 et
1979 2026 2155 2080 eﬂ‘ecit
2183 2037 2245 2078 ut
2278 2041 2359 2080 es-

785 2142 906 2188 sent
935 2131 981 2185 ei
1020 2137 1190 2185 nauta:
1216 2125 1426 2188 faciles,
1457 2133 1510 2177 et
1539 2123 1644 2175 cilu
1675 2121 1875 2172 fuerint
1913 2119 1980 2171 ab
2005 2133 2067 2170 eo
2091 2116 2352 2185 persuasi.

784 2225 1072 2290 Postquam
1098 2230 1276 2272 autem
1302 2216 1411 2284 jam
1441 2226 1646 2283 martyr
1666 2223 1881 2279 quoque
1901 2207 2072 2262 adfuit
2098 2208 2210 2276 ipse
2233 2221 2354 2260 cum

785 2314 1071 2371 militibus.
1103 2319 1154 2364 et
1189 2323 1377 2361 ttavetn
1412 2315 1536 2358 suul
1566 2301 1818 2372 ingressi,
1847 2300 2120 2354 distabant
2154 2315 2182 2351 a
2215 2309 2356 2352 terra

782 2410 924 2461 circa
966 2405 1195 2457 ducenta
1229 2397 1428 2461 stadia,
1473 2396 1661 2448 videns
1713 2392 2112 2462 Agatbangelus
2157 2391 2356 2444 milites

782 2499 998 2566 quidem
1029 2503 1082 2546 et
1114 2493 1254 2544 inter
1297 2504 1357 2541 se
1394 2497 1448 2541 et
1474 2488 1615 2539 circa
1666 2499 1854 2537 navent
1885 2497 2007 2536 esse
2037 2491 2351 2549 occupatos,

781 2588 954 2642 solum
1010 2599 1137 2638 vero
1191 2595 1402 2636 sacrum
1470 2577 1803 2631 Clementem
1873 2589 2115 2628 seorsum
2187 2572 2353 2626 Deum

781 2694 958 2743 orare,
987 2693 1014 2729 a
1043 2673 1256 2728 nemine
1287 2672 1432 2724 visus
1459 2684 1558 2723 nec
1590 2668 2002 2721 animadversus
2032 2679 2198 2735 prope
2228 2679 2352 2718 eum

780 2765 990 2820 accedit
1017 2782 1028 2816 :
1064 2774 1298 2827 cumque
1321 2759 1436 2828 ejus
1463 2756 1628 2826 pedes
1661 2757 2053 2824 prebendisset,
2075 2755 2123 2808 ei
2157 2755 2210 2808 in
2245 2768 2355 2808 me-

781 2859 1003 2911 mori:un
1059 2860 1276 2906 revocat
1316 2850 1458 2918 ejus,
1516 2863 1633 2917 qua;
1683 2849 1736 2900 in
1788 2847 2027 2901 custodia
2061 2845 2199 2901 facta
2246 2858 2350 2911 est,

779 2946 1136 3003 confessionis
1168 2955 1223 2998 et
1259 2943 1368 2996 dati
1398 2940 1754 3010 baptismatis.
1795 2940 1992 2992 Deinde
2033 2941 2194 2993 etiam
2229 2954 2352 2993 nar-

782 3056 887 3104 rat,
935 3042 1203 3111 quomodo
1241 3052 1272 3091 e
1316 3037 1460 3090 caede
1503 3031 1769 3101 effugerit,
1817 3040 1872 3085 et
1899 3033 2351 3101 quemadmodum

781 3134 932 3202 prius
984 3131 1202 3184 sciverit
1249 3127 1546 3196 navigium,
1595 3133 1647 3178 et
1685 3125 2140 3193 quemadmodum
2173 3124 2241 3178 sit
2272 3125 2351 3177 itt-

780 3237 1034 3294 gressus,
1062 3232 1113 3275 et
1144 3217 1595 3288 quemadmodum
1621 3217 1672 3268 in
1707 3229 1773 3269 eo
1805 3214 2097 3270 delituerit.

850 3405 1090 3460 XXXIX.
1136 3403 1334 3472 Martyr
1367 3412 1541 3455 autem
1598 3401 1891 3473 (quomodo
1935 3402 2074 3455 enim
2127 3417 2223 3471 par
2274 3411 2354 3456 est

780 3516 904 3552 eum
937 3499 1100 3552 fuisse
1144 3495 1420 3558 affectum,
1457 3511 1576 3549 cum
1623 3496 1839 3565 agnovit
1883 3494 2355 3564 Agutltangelum?

781 3591 905 3644 Erat
948 3592 1090 3642 enim
1141 3590 1345 3658 primus
1384 3603 1446 3640 ex
1487 3587 1551 3639 iis
1592 3587 1680 3654 qui
1715 3596 1838 3639 tunc
1880 3585 1947 3639 ab
1977 3600 2042 3639 eo
2084 3586 2233 3638 fuere
2263 3586 2354 3638 ba-

781 3683 996 3750 pﬁuti)
1024 3680 1313 3742 salutabat,
1360 3676 1802 3748 amplectebatur,
1850 3677 2081 3746 benigne
2108 3693 2230 3730 eum
2277 3677 2353 3729 ιιι-

779 3777 1123 3846 icqttebutur,
1147 3781 1328 3842 aperte
1357 3785 1464 3838 prae
1489 3784 1548 3823 se
1572 3767 1806 3831 ferebat,
1837 3783 1894 3822 se
1925 3768 2128 3822 viscera
2157 3768 2352 3822 habere

781 3877 1004 3937 paterno
1041 3864 1235 3918 refeCta
1267 3863 1480 3932 gaudio.
1519 3861 1716 3914 Deinde.
1751 3861 1911 3913 etiam
1945 3861 2107 3926 capit
2144 3860 2350 3928 precari

782 3957 1174 4020 vehementius,
1203 3955 1397 4025 partim
1421 3954 1638 4023 quidem
1663 3954 1865 4021 gratias
1895 3966 2058 4020 agens
2089 3967 2184 4020 pro
2215 3952 2351 4020 Aga-

781 4048 1122 4117 tbangelo,et
1155 4046 1316 4101 verba
1349 4059 1468 4113 quae
1507 4045 1672 4097 animi
1705 4043 1942 4096 laetitiam
1973 4045 2350 4114 signiﬁcabant

777 4142 1049 4205 offerens;
1090 4138 1282 4207 partim
1317 4146 1496 4191 autem
1525 4137 1690 4190 Deum
1712 4151 1926 4205 quoque
1968 4138 2246 4203 invocans,
2295 4149 2351 4192 ut

779 4234 850 4286 illi
907 4231 1074 4285 ferret
1125 4229 1418 4291 auxilium,
1474 4239 1528 4282 et
1580 4243 1810 4296 rogans.
1850 4239 1906 4280 ut
1959 4232 2000 4281 is
2055 4242 2195 4282 essm
2248 4232 2347 4284 sibi

779 4325 961 4375 socius
993 4319 1350 4373 confessionis
1387 4336 1398 4371 :
1430 4320 1544 4385 Ago
1580 4318 1674 4369 tibi
1717 4318 1935 4386 gratias,
1972 4317 2195 4373 Domine
2224 4319 2348 4373 Jesu

780 4413 994 4466 Cbriste
1018 4451 1031 4474 ,
1068 4411 1278 4475 dieeus,
1309 4410 1398 4477 qui
1438 4409 1565 4462 mibi
1613 4423 1670 4462 es
1704 4409 1815 4462 sola
1867 4419 1921 4461 et
1956 4412 2115 4464 unica
2158 4425 2349 4464 conso-

782 4505 912 4558 latio
951 4513 1004 4555 et
1033 4503 1328 4564 auxilium,
1360 4501 1500 4570 quod
1538 4517 1622 4555 me
1656 4516 1830 4569 neque
1870 4501 1921 4554 in
1959 4510 2100 4555 terra
2129 4545 2141 4567 ,
2177 4520 2348 4573 neque

2471 643 2623 697 πόλει
2659 645 2726 698 τὰ
2756 646 2942 700 είκότα
2982 648 3078 701 καὶ
3129 649 3311 720 ἐαυτῷ
3342 651 3735 721 ἐπευξάμενος,
3784 655 3932 709 οὕτω
3965 659 4064 726 τῆς

2468 736 2602 800 νεὼς
2634 738 2807 808 ὲπέὅη
2840 743 2936 792 καὶ
2958 740 3054 794 τοῦ
3087 741 3220 794 πλοῦ
3258 742 3485 812 ἤρξατο.
3517 745 3679 797 Ἀλλὰ
3703 746 3757 798 τί
3803 749 3901 801 καὶ
3931 751 4070 818 περὶ

2467 827 2565 896 τὴν
2609 829 2742 884 ναῦν
2799 833 2827 884 ό
2881 831 3044 900 σοφὸς
3079 835 3186 886 τῶν
3213 834 3352 888 ὅλων
3399 834 3743 907 κυϐερνήτης
3780 840 4073 907 οίκονομεῖ

2466 921 2597 980 Θεὸς
2610 939 2634 988 ς
3107 941 3110 943 λ

2535 1189 2664 1241 ΑΠ’.
2695 1189 2803 1242 Καὶ
2839 1192 2865 1243 ό
2891 1189 3155 1262 πρότερον
3185 1191 3243 1244 τι
3270 1193 3573 1264 μαρτύριον
3602 1196 3763 1264 μόνος
3809 1199 3920 1250 τῶν
3957 1199 4066 1250 ὑπὸ

2465 1280 2781 1350 Κλήμεντος
2836 1283 2893 1336 ὲν
2921 1285 2987 1353 τῇ
3020 1283 3236 1354 φυλακῇ
3272 1289 3688 1342 πιστευσάντων
3740 1291 4062 1358 διαφυγὼν,

2465 1375 2591 1444 περὶ
2619 1365 2680 1426 οὗ
2743 1373 2953 1442 φθάσας
2991 1376 3173 1447 μικρῷ
3208 1378 3446 1447 πρόσθεν
3475 1381 3503 1434 ό
3561 1381 3715 1448 λόγος
3756 1383 4062 1454 ὑπέσχετο,

2475 1466 2746 1535 Ῥωμαῖος
2783 1467 2880 1536 μὲν
2927 1466 3003 1520 ὢν
3056 1467 3117 1521 τὸ
3169 1469 3348 1537 γένος,
3413 1471 3818 1540 Ἀγαθάγγελος
3857 1476 3918 1528 δὲ
3961 1480 4064 1544 τὴκι

2465 1559 2676 1629 κλῆσιν,
2735 1560 3018 1627 σύμπλους
3087 1563 3325 1616 ἐνταῦθα
3391 1564 3470 1635 τῷ
3532 1566 3768 1637 μάρτυρι
3818 1570 4060 1635 γίνεται.

2463 1649 2803 1704 Καταλαὸὼν
2827 1651 2936 1722 γὰρ
2967 1652 3026 1706 τὸ
3050 1652 3235 1706 πλοῖον
3264 1654 3334 1707 δι’
3368 1649 3430 1706 οὗ
3483 1658 3582 1726 τῆς
3619 1658 3847 1728 Ῥώμης
3894 1663 4064 1724 αὐτὸς

2462 1743 2681 1796 ἐκπλεῖν
2703 1743 2916 1812 ἔμελλε,
2949 1745 3044 1798 καὶ
3083 1746 3241 1815 ὀλίγα
3271 1749 3612 1820 συλλαλήσας
3645 1756 3755 1816 τοῖς
3803 1754 4060 1817 θαύταες,

2462 1835 2641 1887 πείθει
2675 1837 2896 1907 ῥαδίως,
2927 1838 3102 1907 ὲμόἀς
3130 1856 3188 1891 τε
3215 1840 3400 1910 ἡρέμα
3436 1844 3578 1896 κατά
3609 1862 3661 1895 τι
3694 1845 3862 1914 μέρος
3885 1849 4064 1901 αὐτοῦ

2464 1925 2739 1978 λανθάνων
2765 1926 3091 1995 ἐκρύπτετο.
3118 1927 3331 1994 Θεὺςςδὲ
3361 1927 3428 2000 ἦν
3456 1932 3563 2002 ἄρα
3593 1932 3622 1984 ό
3647 1935 3740 1986 καὶ
3783 1937 3843 1988 τὸ
3868 1938 4066 1991 πλοῖον

2462 2018 2745 2081 ὑποδείξας
2787 2020 3200 2091 Ἀγαοαγγέλῳ,
3237 2025 3332 2076 καὶ
3380 2027 3506 2086 τοὺς
3538 2026 3833 2096 πλωτῆρας
3862 2031 4062 2082 εὐπει-

2460 2110 2571 2173 θεῖς
2595 2111 2743 2180 αὑτῷ
2784 2112 2879 2164 καὶ
2912 2117 3206 2182 προσηνεῖς
3239 2117 3635 2185 ἐργασάμενος.
3679 2119 3832 2173 Ἐπεὶ
3856 2121 3919 2173 δὲ
3958 2124 4062 2191 ἤδη

2459 2203 2554 2256 καὶ
2583 2205 2611 2256 ό
2648 2205 2860 2272 μάρτυς
2898 2205 3061 2267 αὐτὸς
3117 2208 3254 2274 μετὰ
3287 2208 3398 2260 τῶν
3435 2210 3783 2279 στρατιωτῶν
3818 2214 4058 2282 ἐπέστη,

2459 2299 2553 2350 καὶ
2576 2297 2673 2366 τῆς
2727 2297 2862 2358 νεὼς
2912 2299 3042 2350 εἴσω
3099 2301 3409 2367 γεγόνασιν,
3459 2303 3698 2372 ἀπέσχον
3721 2320 3781 2357 τε
3822 2306 3928 2376 τῆς
3958 2308 4062 2375 γῆς

2457 2389 2579 2441 ὅσον
2612 2387 2863 2449 σταδίους
2902 2388 3231 2452 διακοσίους,
3261 2391 3288 2442 ό
3322 2390 3725 2458 Ἀγαθάγγελος
3765 2392 3899 2455 τοὺς
3956 2396 4057 2462 μὲν

2461 2477 2800 2547 στρατιώτας
2832 2480 2963 2548 περί
3001 2497 3059 2532 τε
3095 2482 3235 2549 σφᾶς
3269 2482 3467 2544 αὐτοὺς
3511 2483 3601 2535 καὶ
3650 2484 3746 2552 τὴν
3777 2484 3920 2536 ναῦν
3955 2487 4062 2538 ἀπ-

2455 2570 2866 2639 ησχολημένους
2921 2572 3065 2635 ἰδὼν,
3131 2573 3294 2641 μόνον
3334 2574 3391 2626 δὲ
3447 2575 3540 2627 τὸν
3575 2577 3718 2646 ἱερειν
3753 2578 4064 2648 Κλήμεντα

2457 2662 2898 2731 προσευχόμενον
2959 2665 3274 2732 καταμόνας
3329 2665 3468 2737 Θεῷ,
3532 2669 3714 2721 πᾶσαν
3751 2671 4067 2739 ὀφθαλμῶν

2456 2753 2709 2824 αἴσθησιν
2744 2754 2950 2822 κλέψας
2979 2755 3208 2825 πλησίον
3243 2759 3452 2811 ἐκείνου
3495 2759 3726 2827 γίνεται,
3761 2764 3859 2814 καὶ
3894 2763 4068 2815 λαϐομ-

2460 2863 2618 2915 μενος
2677 2847 2843 2899 αὐτοῦ
2879 2847 2989 2899 τῶν
3040 2848 3238 2912 ποδῶν,
3273 2850 3370 2918 τῆς
3424 2853 3481 2903 ἐν
3533 2855 3597 2922 τῇ
3635 2855 3854 2925 φυλακῇ
3889 2859 4064 2910 αὐτό-ι

2455 2939 2746 3007 ὁμολογίας
2776 2938 3184 3009 ἀναμιμνήσκει
3219 2942 3312 2993 καὶ
3342 2941 3436 2993 τοῦ
3472 2941 3852 3011 βαπτίσματος
3878 2964 3897 2979 ο
3936 2944 4067 3002 εἶτα

2457 3031 2549 3082 καὶ
2579 3031 2676 3100 τὴν
2711 3032 2774 3082 ὲκ
2809 3031 2905 3100 τῆς
2957 3031 3174 3099 σφαγῆς
3235 3033 3416 3103 φυγὴν
3447 3034 3752 3104 διηγεῖται,
3797 3040 3956 3104 ὅπως
4002 3060 4064 3094 τε

2458 3123 2720 3192 προγνοίη
2779 3122 2844 3175 τὸ
2905 3124 3110 3189 πλοῖον,
3142 3125 3289 3187 ὅπως
3321 3143 3379 3178 τε
3410 3126 3574 3189 ἔλθοι,
3627 3131 3722 3184 καὶ
3782 3133 3940 3197 ὅπως
3999 3136 4065 3188 ἓν

2379 3239 2420 3295 c
2456 3216 2603 3288 αὑτῷ
2637 3219 2954 3286 κρύπτοιτο.

2529 3397 2652 3456 ΛΘ’.
2693 3400 2751 3452 '0
2786 3399 2996 3470 μάρτυς
3055 3402 3236 3454 τοίνυν
3264 3403 3391 3472 (καὶ
3436 3403 3488 3456 τί
3513 3404 3620 3474 γὰρ
3647 3405 3715 3458 ἂν
3744 3407 3915 3460 αὑτὸν
3958 3409 4069 3460 οὐκ.

2457 3491 2601 3554 εἰκὸς
2637 3491 2828 3544 παθεῖν
2860 3493 3155 3560 ἐπιγνόντα
3183 3493 3274 3546 τὸν
3324 3495 3769 3563 Ἀγαθόιγγελονς
3830 3495 3900 3569 ἦν
3944 3506 4061 3570 τὰρ

2459 3585 2549 3636 καὶ
2578 3585 2791 3654 πρῶτος
2814 3585 2921 3637 τῶν
2946 3586 3037 3638 ὑπ’
3069 3586 3236 3639 αὑτοῦ
3257 3589 3563 3656 τηνικαῦτα
3591 3588 4061 3661 βαπτισαμὲνωνί)

2455 3677 2750 3745 ἠσπάζετο,
2818 3679 3270 3749 περιεπτύσσετο,
3315 3682 3605 3751 προσηνῶς
3667 3683 3840 3736 αὑτὸν
3901 3702 4067 3755 περι-

2455 3769 2690 3835 έϐαλλε,
2739 3771 2898 3839 δῆλος
2957 3767 3025 3842 ἦν
3085 3774 3279 3840 ἡδονῆς
3326 3773 3414 3826 ἐπ’
3459 3775 3607 3844 αὐτῷ
3655 3777 3949 3845 πατρικῆς
3992 3780 4064 3830 τὰ

2457 3859 2741 3928 σπλάγχνα
2772 3861 3168 3931 πληρούμενος.
3203 3862 3439 3915 Ἔπειτα
3470 3865 3564 3916 καὶ
3599 3867 3700 3934 τῆς
3729 3868 3899 3935 εὐχῆς
3933 3870 4066 3936 Bap-

2457 3952 2682 4021 μότερον
2720 3952 2917 4022 εἴχετο,
2948 3953 3108 4006 τοῦτο
3151 3956 3248 4024 μὲν
3295 3956 3636 4026 εὐχαριστῶν
3689 3958 3835 4026 ὑπὲρ
3883 3960 4064 4026 Ἀγα-

2454 4043 2719 4112 Θαγγέλου
2749 4046 2844 4098 καὶ
2866 4045 3048 4115 ψυχῆς
3082 4045 3432 4116 εὐθυμούσης
3462 4047 3761 4118 προσάγων
3797 4052 4068 4120 ῥήματα,

2453 4136 2608 4189 τοῦτο
2641 4136 2697 4188 δὲ
2723 4138 2818 4190 καὶ
2845 4135 2981 4190 Θεὸν
3009 4140 3091 4201 εἰς
3133 4139 3453 4209 συμμαχίαν
3477 4139 3670 4209 ἐκείνῳ
3697 4141 3914 4204 καλῶν,
3965 4148 4070 4195 καὶ

2451 4228 2541 4280 τὸν
2575 4228 2743 4297 ἄνδρα
2788 4231 3045 4281 κοινωνὸν
3094 4231 3274 4300 ἐαυτῷ
3332 4231 3592 4298 γενέσθαι
3623 4233 3721 4300 τῆς
3751 4234 4068 4302 ὁμολογίας

2451 4321 2770 4389 εὐχόμενος,
2830 4321 3154 4392 Εὐχαριστῶ
3205 4339 3309 4387 σοι,
3373 4322 3542 4392 Κύριε
3601 4324 3779 4393 Ἰησοῦ
3814 4326 4067 4395 Χριστὲ,

2450 4414 2646 4481 λέγων,
2757 4413 2891 4487 μόνη
2959 4413 3052 4466 καὶ
3096 4413 3193 4483 μία
3229 4413 3576 4482 παράκλησις
3625 4416 3747 4482 ἐμοὶ
3786 4419 3889 4466 καὶ
3931 4417 4072 4487 βοή-

2450 4503 2591 4567 θεια,
2643 4505 2724 4556 ότι
2776 4519 2842 4570 με
2874 4505 3012 4572 μήτε
3061 4505 3204 4557 κατὰ
3256 4505 3359 4574 γῆν
3417 4505 3555 4574 μήτε
3585 4504 3728 4557 κατὰ
3762 4504 4070 4561 θάλασσαν

783 4615 832 4649 ιιι
885 4597 1018 4650 mari
1053 4596 1320 4664 relinquas
1361 4610 1388 4646 a
1435 4605 1524 4646 tuo
1564 4596 1830 4648 deSertum
1867 4596 2100 4657 auxilio,
2137 4597 2228 4649 sed
2262 4612 2347 4650 me

2457 4594 2655 4664 ἔρημον
2677 4595 2775 4663 τῆς
2805 4595 2905 4662 σῆς
2943 4594 3199 4664 βοηθείας
3226 4596 3669 4667 καταλιμπάνῃς,
3708 4597 3827 4648 ἀλλ’
3863 4601 3930 4651 ἐν
3957 4601 4070 4671 ὁδῷ

783 4704 876 4757 pcr
915 4698 1078 4740 totam
1111 4692 1248 4738 viam
1293 4688 1594 4740 defenderis
1636 4699 1686 4739 et
1727 4689 2046 4752 deduxeris,
2079 4699 2133 4743 et
2169 4706 2343 4744 meum

783 4783 964 4831 iulmt‘e
991 4777 1264 4832 defessum
1295 4780 1532 4832 animum
1567 4781 1899 4833 recreaveris
1945 4796 2010 4833 eo
2046 4796 2204 4848 quem
2238 4785 2346 4838 scis

781 4873 974 4935 inodo,
1031 4871 1147 4940 ejus
1197 4871 1503 4924 consolator
1544 4869 1786 4924 effectus.
1836 4871 1974 4925 Ecce
2011 4874 2152 4926 enim
2203 4889 2343 4927 nunc

781 4980 993 5032 quoque
1036 4965 1088 5016 iu
1147 4965 1280 5016 mari
1334 4967 1384 5016 in
1433 4963 1796 5033 Agatltangelo
1842 4968 1980 5019 bono
2011 4981 2128 5020 meo
2178 4966 2343 5022 fratre

780 5059 911 5111 milu
960 5072 1019 5111 es
1072 5057 1354 5126 cognitus,
1407 5059 1496 5124 qui
1538 5057 1616 5111 vel
1677 5059 1806 5110 mihi
1863 5075 1926 5112 ex
1971 5062 2086 5127 ipso
2131 5062 2346 5113 nozuiue

779 5161 926 5203 tuum
960 5148 1190 5216 spondet
1242 5149 1540 5208 auxilium,
1596 5162 1652 5201 ιιι
1684 5151 1772 5217 qui
1815 5149 2244 5218 Agatbangelus,
2295 5151 2343 5203 id

775 5253 890 5306 est,
927 5241 1192 5294 bonorum
1245 5241 1500 5304 nuntius,
1539 5251 1593 5294 et
1650 5241 1720 5293 sit
1769 5250 1821 5295 et
1867 5242 2098 5294 dicatur.
2157 5243 2261 5294 Sed
2297 5243 2341 5295 ei

776 5348 987 5400 quoque
1031 5333 1296 5396 concede,
1324 5347 1357 5385 ο
1401 5346 1495 5385 rex
1529 5332 1776 5394 Christe,
1811 5342 1862 5384 ut
1893 5333 1958 5385 ad
2005 5333 2164 5386 tinem
2197 5343 2340 5386 tuam

774 5424 1003 5475 deducat
1036 5421 1366 5475 voluntatem
1393 5461 1406 5483 ,
1437 5433 1490 5476 et
1517 5422 1755 5490 glorifica
1792 5425 1963 5492 ipsum
2006 5435 2094 5477 tua
2131 5423 2338 5478 cci-fes-

775 5515 928 5568 sione
955 5554 968 5574 ,
998 5525 1054 5566 ιιι
1080 5523 1133 5566 tu
1166 5530 1381 5581 quoque
1412 5530 1596 5569 rursus
1628 5519 1679 5568 in
1707 5520 1827 5585 ipso
1860 5516 2195 5585 glorificeris.

848 5695 953 5750 XL.
991 5695 1083 5748 Ille
1115 5711 1242 5765 ergo
1274 5711 1394 5750 cum
1431 5697 1797 5766 Agatltaugulo
1828 5702 1905 5754 sit;
1943 5702 2029 5754 diu
2075 5714 2338 5770 ιιοιῑιιιμιε

777 5789 1118 5857 precabatur,
1174 5792 1350 5843 cibum
1397 5793 1612 5860 quidem
1673 5810 1777 5846 non
1837 5811 2079 5858 sumens,
2117 5812 2242 5849 nam
2277 5815 2340 5852 nc

774 5883 1054 5938 minimum
1085 5885 1296 5954 quidem
1333 5890 1410 5941 eis
1448 5888 1549 5940 ubi
1589 5902 1813 5956 usquam
1849 5889 2064 5945 adetut.
2098 5903 2152 5944 ttt
2187 5895 2340 5961 cujus

2454 4688 2604 4757 πάσῃ
2635 4687 3025 4740 συναντελάϐου
3056 4687 3148 4741 καὶ
3179 4690 3480 4758 προηγήσω
3530 4706 3640 4758 μοι,
3678 4691 3774 4742 καὶ
3801 4708 4074 4764 πεπονη-

2453 4779 2612 4830 κυῖαν
2651 4795 2754 4847 μου
2797 4779 2896 4848 τὴν
2950 4780 3126 4850 ψυχὴν
3187 4781 3495 4850 ἀνεκτήσω.
3551 4782 3876 4852 παρήγορος
3916 4787 4070 4854 αὐτῇ

2448 4871 2648 4939 τρόπον
2673 4871 2732 4923 ὃν
2770 4872 2931 4934 αὐτὸς
2958 4868 3103 4935 οἶδας
3126 4874 3429 4943 γινόμενος.
3467 4873 3597 4926 Ἰδοὺ
3622 4877 3732 4945 γὰρ
3757 4879 3861 4929 καὶ
3885 4880 4076 4934 τανῦν

2450 4967 2507 5014 ἐν
2536 4963 2783 5035 θαλάσσῃ
2838 4965 2894 5016 ὲν
2934 4965 3327 5035 ’Λγαθαγγέλῳ
3389 4966 3468 5036 τῷ
3497 4967 3672 5035 πιστῷ
3736 4975 3936 5040 τούτῳ
3977 4993 4074 5042 μοι

2449 5053 2663 5123 ἀδελφῷ
2693 5054 3048 5124 ὲγνωρίσθης,
3075 5056 3134 5118 ὃς
3162 5060 3254 5109 καὶ
3283 5056 3379 5110 ἀπ’
3426 5060 3599 5124 αὐτῆς
3633 5076 3725 5128 μοι
3770 5060 3887 5129 τῆς
3931 5068 4070 5136 xii,-

2453 5161 2588 5205 σεως
2623 5149 2721 5213 τὴν
2757 5147 2907 5214 παρά
2933 5146 3026 5199 σοῦ
3055 5147 3344 5201 πιστοῦται
3379 5147 3656 5218 βοήθειαν,
3683 5151 3932 5215 ἀγαθῶν
3961 5158 4072 5221 ἆγ-

2449 5235 2601 5300 γελος
2655 5238 2748 5289 καὶ
2781 5238 3074 5305 γενόμενος
3113 5241 3209 5292 καὶ
3259 5239 3617 5309 καλούμενος.
3659 5242 3835 5296 Ἀλλὰ
3875 5255 4075 5317 παρα-

2450 5341 2578 5393 σχου
2607 5328 2701 5378 καὶ
2736 5327 2905 5396 αὐτῷ,
2972 5330 3175 5398 Χριστὲ
3228 5329 3472 5399 βασιλεῦ,
3510 5333 3571 5385 τὸ
3619 5333 3711 5386 σὺν
3757 5339 3852 5399 εἰς
3881 5341 4076 5411 πέρας

2453 5421 2679 5484 ἀγαγεῖν
2709 5419 2939 5490 θέλημα,
2975 5423 3069 5474 καὶ
3092 5423 3314 5488 δόξασόν
3340 5425 3504 5477 αὐτὸν
3529 5429 3596 5496 τῇ
3626 5425 3918 5502 ὁμολογίᾳ
3945 5450 4072 5500 σου,

2452 5509 2538 5561 ἵνα
2580 5511 2672 5562 καὶ
2709 5511 2771 5564 σὺ
2807 5511 2967 5564 πάλιν
2999 5515 3056 5565 ἐν
3087 5514 3235 5583 αὐτῷ
3264 5515 3550 5586 δοξαεθῇς.

2522 5713 2613 5765 Μ’,
2660 5713 2717 5766 '0
2746 5713 2846 5782 μὲν
2876 5709 2968 5766 οὖν
2999 5714 3140 5767 οὕτω
3175 5717 3272 5769 σὺν
3317 5717 3699 5787 Ἀγαθαγγέὶῳ
3722 5727 3943 5787 νυκτίιξ
3976 5729 4077 5779 XII

2450 5805 2664 5872 ἡμέρας
2708 5807 2998 5873 εὐγόμενος
3034 5805 3121 5876 ἦν.
3165 5811 3372 5877 τροφὴν
3404 5811 3503 5878 μὲν
3553 5811 3612 5862 οὑ
3674 5819 4077 5884 :pcczégsm‘.

2451 5902 2562 5967 (καὶ
2601 5901 2708 5970 γὰρ
2739 5899 2854 5951 οὐδὲ
2899 5899 3125 5969 βραχεῖά
3153 5919 3235 5964 τις
3274 5905 3454 5963 αὐτοῖς
3487 5903 3739 5971 παροῦσα
3772 5907 4074 5978 ἐτύγχανέ
