4154 6490
178 456 282 518 δᾶν

180 564 367 627 ποθεν,
420 558 483 632 ἧς

178 652 487 721 Κλήμεντι)
522 669 533 679 ·
573 654 663 701 τὶν
700 649 877 712 ζῶντα
905 648 961 701 Et
989 650 1150 716 ἄρτον
1179 648 1234 700 ἐν
1264 649 1327 716 τῇ
1358 647 1552 716 καρδία
1588 647 1679 699 καὶ
1704 647 1762 697 τὸ

176 745 324 812 ὕδωρ
381 746 557 795 ἐκεῖνο
613 741 673 792 τὸ
723 740 832 803 ζῶν
884 740 1119 807 ἔχοντες,
1170 740 1265 791 καὶ
1304 739 1513 801 τούτοις
1542 737 1762 805 ἀφανῶς

176 834 501 905 τρεφόμενοί
540 849 598 883 τε
629 832 720 883 καὶ
755 831 1119 900 ποτιζόμενοι.
1149 830 1594 897 Κατελεήσαντες
1650 845 1763 881 τοι-

172 926 382 998 γαροῦν
415 925 614 986 αὐτοὺς
645 925 743 993 τῆς
768 923 971 991 πολλῆς
994 923 1206 989 ἐκείνης
1246 920 1322 990 τῷ
1351 921 1525 974 δοκεῖν
1548 922 1763 983 ἀσιτίας

168 1023 219 1072 οἱ
254 1017 607 1087 στρατιῶται,
640 1016 736 1070 καὶ
767 1015 867 1078 τὰς
904 1015 1080 1084 ψυχὰς
1118 1013 1425 1083 συμπαθῶς
1477 1031 1536 1065 τε
1582 1015 1763 1077 αὐτοῖς

170 1112 266 1163 καὶ
298 1108 709 1179 φιλανθρώπως
729 1105 1089 1169 διατεθέντες,
1115 1103 1437 1175 μεταδοῦναι
1459 1104 1763 1175 βρωμάτων

169 1202 360 1261 αὐτοῖς
391 1198 714 1268 ἐπειρῶντο.
746 1196 809 1248 OE
842 1195 901 1248 δὲ
948 1195 1073 1257 τοὺς
1102 1193 1448 1265 στρατιώτας
1510 1193 1609 1264 μὲν
1666 1196 1763 1263 τῆς

171 1290 553 1359 προαιρέσεως
584 1289 933 1358 ἀπεδέχοντο,
967 1286 1066 1357 τὴν
1085 1285 1293 1357 τροφὴν
1314 1286 1370 1339 δέ
1397 1287 1498 1338 οὐκ
1522 1286 1765 1354 ἐδέχοντο

170 1382 385 1436 ἄνωθεν
420 1381 574 1448 παρὰ
607 1379 702 1433 τοῦ
729 1379 864 1432 Θεοῦ
904 1378 1075 1448 αὐτὴν
1126 1378 1443 1447 ἐκδέχεσθαι
1491 1378 1761 1446 λέγοντες.

172 1477 358 1542 Ὅπερ
411 1477 461 1526 οἱ
512 1474 611 1541 μὲν
639 1472 846 1540 ἔλεγον,
877 1471 1009 1533 Θεὸς
1038 1470 1094 1523 δὲ
1144 1472 1224 1531 είς
1264 1469 1423 1539 ἔργον
1451 1468 1638 1537 ἐξῆγε,
1672 1469 1766 1521 καὶ

174 1568 302 1633 περὶ
322 1564 423 1633 τὴν
450 1562 672 1633 πρώτην
697 1559 945 1631 φυλακὴν
967 1561 1066 1629 τῆς
1091 1559 1307 1621 νυκτὸς,
1332 1558 1560 1628 οὐρανία
1589 1558 1763 1627 τροφὴ

169 1658 282 1717 τοῖς
314 1654 551 1717 δικαίοις
576 1653 681 1707 ὑπό
704 1669 850 1713 τινος
878 1652 1085 1705 ἄνωθεν
1113 1652 1432 1720 ἐχορηγεῖτο
1457 1648 1760 1717 δυνάμεως,

172 1748 264 1799 καὶ
296 1746 546 1813 ἀγγέλων
573 1745 721 1817 ἄρτῳ
754 1745 1045 1814 ἐτρέφοντο
1072 1742 1371 1810 ἄνθρωποι.

250 1840 392 1891 .‘IA'.
425 1837 624 1906 Συχναὶ
645 1838 776 1904 γοῦν
802 1834 991 1905 ἐτρίϐη
1002 1852 1097 1887 σαν
1118 1834 1301 1895 αὐτοῖς
1321 1833 1463 1886 κατὰ
1488 1832 1578 1887 τὸν
1594 1831 1763 1886 πλοῦν

177 1933 409 2000 ἡμέραι,
438 1902 533 1983 καί
559 1929 637 1991 είς
658 1902 757 1996 τὴν
793 1902 1380 1995 Ῥόδονκατασχόντες,
1407 1928 1455 1979 οἱ
1490 1928 1588 1995 μὲν
1610 1928 1761 1982 ἄλλοι
1798 1902 1835 1957 Β
1867 1924 2168 1992 navigando
2218 1944 2229 1978 :

174 2023 381 2084 πάντες
434 2018 846 2073 ἐπισιτίσασθαι
903 2016 1259 2087 βουληθέντες
1288 2018 1379 2069 τοῦ
1424 2018 1609 2070 πλοίου
1659 2019 1761 2070 ἁπ-

175 2114 408 2184 έϐηεαν,
434 2115 549 2175 τοῖς
570 2112 627 2165 δέ
659 2128 725 2180 γε
759 2110 1008 2180 φυλακῆς
1059 2109 1221 2180 χάριν
1252 2110 1359 2163 τῶν
1417 2110 1589 2177 ἁγίων
1628 2111 1761 2165 ὑπο-ο

174 2208 449 2277 λειφθεῖτι
479 2204 836 2275 προσέκειντο
862 2201 1225 2272 λιπαροῦντες
1270 2201 1425 2255 αὐτοὶ
1466 2203 1557 2256 καὶ
1578 2203 1763 2272 δεόμε-

174 2318 282 2363 νοι,
327 2297 531 2362 ἐξεῖναί
578 2313 635 2349 τε
668 2297 853 2359 αὐτοῖς
885 2298 949 2365 τῇ
991 2294 1099 2347 τῶν
1128 2294 1470 2364 Χριστιανῶν
1500 2296 1761 2367 ἐκκλησία

175 2392 544 2461 παραϐαλεῖν,
577 2390 669 2443 καὶ
711 2389 820 2443 τῶν
870 2388 1158 2460 ἀχράντων
1212 2391 1505 2457 μετασχεῖν
1558 2406 1765 2458 μυστη-

178 2485 335 2553 ρίων.
377 2482 635 2554 Κυριακὴ
671 2483 769 2552 μὲν
798 2481 893 2535 οὖν
925 2481 1230 2552 τηνικαῦτα
1253 2480 1440 2551 ἡμέρα
1467 2481 1650 2549 ἧγετο,
1672 2484 1764 2535 καὶ

176 2580 388 2641 πάντες
442 2578 559 2630 ὅσοι
605 2576 746 2630 κατὰ
769 2575 867 2646 τὴν
903 2576 1069 2643 νῆσον
1114 2575 1672 2645 Χριστιανοὶ,(ὀλίγοι
1704 2575 1763 2628 δὲ

174 2666 352 2737 οὗτοι)
409 2670 543 2740 πρὸς
591 2669 683 2722 τὸν
736 2669 863 2722 ναὸν
915 2668 1265 2737 συνέτρεχον.
1320 2667 1536 2719 Τούτων
1573 2669 1630 2719 δέ
1680 2685 1764 2731 τις

176 2761 430 2830 ἀκριϐῶς
458 2763 607 2825 ὅπως
643 2759 756 2831 εἶχε
777 2760 847 2814 τὰ
876 2760 1018 2814 κατὰ
1049 2762 1173 2823 τοὺς
1207 2760 1396 2828 ἁγίους
1430 2758 1639 2828 μαθὼν,
1662 2777 1765 2829 μη-

174 2854 299 2906 νύει
336 2854 511 2907 πάντα
544 2853 624 2924 τῷ
680 2853 779 2923 τῆς
826 2853 1009 2906 Ῥόδου
1060 2852 1329 2923 προέδρῳ,
1366 2852 1630 2914 Φωτεινὺς
1688 2850 1764 2921 τῷ

170 2950 467 3017 ἐπισκόπῳ
510 2949 705 3017 ὄνομα.
745 2948 1015 3009 Κάκεῖνος
1064 2946 1217 2999 οὐδὲν
1268 2944 1348 2997 ἔτι
1374 2944 1763 3014 διαμελλήσας,

172 3040 518 3110 παραλαϐὼν
572 3040 774 3093 αὐτίκα
838 3040 984 3109 μάλα
1037 3039 1268 3109 συχνοὺς
1322 3038 1429 3091 τῶν
1480 3038 1765 3107 παρόντων

168 3131 547 3198 Χριστιανῶν,
581 3131 661 3193 εἰς
684 3128 773 3183 τὸν
792 3128 1041 3197 αἰγιαλὸν
1068 3129 1399 3198 ἀφικνεῖται,
1423 3145 1468 3196 ῳ
1488 3144 1553 3196 γε
1585 3129 1617 3197 ἡ
1643 3128 1766 3191 τοὺς

1201 448 1376 506 ΥΙΤΛ
1418 448 1480 505 S.
1523 445 1952 507 CLEMENTIS
1991 448 2395 511 ANCYRANI.

539 562 654 614 οὐδὲ
689 558 838 628 παρὰ
875 560 971 627 τὴν
1006 559 1177 627 ἀρχὴν
1210 558 1489 627 ἐμέλησεν,
1520 558 1655 619 ὅλως
1688 557 1763 623 τῷ

1869 556 2114 613 (ἶΙειιιειις
2168 560 2364 613 nullam
2412 574 2594 613 curam
2640 561 2890 627 gessisset
2924 558 3147 610 numiuo
3193 574 3204 609 :

3331 444 3439 507 850

3258 571 3434 607 VWIIIII

1867 659 2045 703 autem
2091 667 2280 718 panem
2314 652 2366 705 in
2402 653 2563 706 corde
2612 662 2667 705 et
2700 654 2873 704 vivam
2916 651 3059 703 illam
3107 662 3300 715 aquam
3339 647 3433 699 ha-

1869 741 2090 807 bentes,
2142 744 2333 810 quibus
2385 746 2612 796 obscure
2658 742 2941 794 alebantur
2985 748 3039 792 et
3089 740 3429 806 putabantur.

1870 830 2144 887 Diuturnae
2169 848 2297 902 ergo
2327 834 2564 897 illorum,
2590 841 2645 884 ιιι
2676 832 2978 893 videbatur,
3011 830 3198 883 inediae
3228 828 3437 880 miserit

1869 924 2064 977 milites
2102 926 2343 993 motique
2378 926 2559 978 animo
2582 964 2596 987 ,
2632 925 2968 993 benigneque
3004 932 3057 978 et
3104 923 3337 975 humane
3389 922 3437 972 in

1866 1028 1959 1068 eos
1987 1014 2159 1068 ati‘ecti
2182 1054 2195 1077 ,
2225 1029 2319 1069 eos
2352 1015 2489 1069 cibis
2530 1015 2774 1069 volebant
2819 1012 3102 1080 impertiri.
3138 1013 3212 1065 Illi
3260 1021 3437 1065 autem

1868 1104 2155 1159 laudabant
2185 1107 2400 1175 quidem
2447 1106 2641 1160 bonum
2678 1106 2911 1160 militum
2949 1104 3224 1169 animum,
3256 1104 3437 1157 cibum

1867 1215 1996 1254 vero
2031 1214 2134 1254 non
2188 1202 2558 1270 accipiebant,
2603 1202 2844 1256 dicentes
2891 1217 2948 1256 se
2981 1214 3101 1254 eum
3150 1201 3381 1266 desuper
3410 1215 3436 1249 ιι

1868 1292 1976 1347 Deo
2016 1294 2280 1360 accipere.
2317 1294 2467 1361 Quod
2499 1305 2678 1347 autem
2710 1295 2782 1347 illi
2828 1294 3102 1358 dicebant,
3138 1294 3277 1347 Deus
3311 1289 3438 1344 eﬂ'cv

1868 1394 2011 1437 ctum
2046 1380 2309 1444 reddidit,
2346 1391 2400 1437 et
2439 1384 2581 1438 circa
2632 1384 2861 1452 primam
2894 1382 3067 1437 noctis
3101 1380 3436 1436 custodiam.

1868 1475 2090 1529 cmleste
2125 1474 2438 1529 alimentum
2490 1475 2649 1543 iustis
2698 1475 3163 1544 suppeditabatur,
3205 1481 3259 1527 et
3302 1485 3439 1540 pane

1868 1566 2181 1638 angelorum
2219 1566 2595 1621 nutriebantur
2624 1566 2893 1622 homines.

1940 1829 2075 1885 XLI.
2123 1830 2273 1885 Multi
2309 1847 2439 1886 vero
2482 1832 2598 1886 dies
2646 1832 2949 1899 consumpti
2995 1838 3122 1884 sunt
3165 1830 3231 1883 ab
3276 1829 3353 1883 eis
3388 1829 3439 1880 in

2287 1933 2341 1979 et
2407 1938 2527 1977 cmn
2578 1922 2823 1978 Rhodum
2910 1922 3277 1990 appulissent,
3349 1918 3440 1972 alii

1864 2016 2081 2085 quidem
2112 2030 2300 2071 omnes
2334 2031 2363 2070 e
2406 2016 2526 2069 navi
2568 2014 2965 2071 descenderunt
3000 2013 3063 2067 ad
3092 2010 3440 2081 quaerendum

1863 2116 2260 2171 commeatum;
2290 2106 2370 2160 eis
2402 2115 2581 2160 autem
2603 2147 2618 2171 ,
2648 2105 2738 2175 qui
2772 2105 2943 2159 relicti
2983 2104 3195 2157 fuerant
3219 2117 3313 2171 pro
3344 2116 3441 2155 cu-

1864 2198 2037 2253 stodia
2092 2206 2446 2263 sanctorum,
2486 2199 2757 2252 instabant
2803 2196 2903 2264 ipsi
2954 2201 3306 2249 vehementer
3352 2207 3445 2248 ro-

1865 2296 2060 2360 gantes
2086 2299 2138 2341 et
2166 2299 2406 2353 orantes,
2440 2298 2499 2342 ut
2543 2289 2729 2343 liceret
2766 2288 2844 2343 eis
2875 2288 3135 2341 accedere
3171 2285 3238 2339 ad
3268 2285 3441 2341 eccle-

1865 2380 2000 2433 siam
2035 2378 2469 2433 Christianormn
2493 2418 2507 2442 ,
2550 2389 2603 2433 et
2638 2392 2759 2432 esse
2797 2378 3239 2432 intemeratorum
3279 2375 3445 2444 parti--

1868 2470 2018 2540 cipes
2071 2479 2551 2524 sacramentorum.
2620 2472 2795 2539 Atque
2860 2478 2987 2522 tunc
3040 2468 3256 2537 quidem
3329 2466 3446 2522 dies

1867 2562 2244 2616 celebrabatur
2294 2561 2643 2627 Dominicus,
2699 2571 2750 2617 et
2804 2562 3111 2630 quicunque
3170 2567 3327 2613 erant
3390 2558 3442 2611 in

1868 2654 2042 2708 insula
2087 2654 2417 2718 Christiani,
2446 2655 2597 2721 pauci
2631 2662 2810 2706 autem
2858 2659 3047 2719 erant,
3088 2652 3153 2705 ad
3187 2649 3441 2719 templum

1868 2746 2279 2800 concurrebant.
2336 2745 2409 2798 Ex
2464 2746 2548 2799 his
2597 2761 2726 2799 vero
2761 2760 2883 2799 cum
2925 2744 3145 2813 quidam
3197 2750 3447 2797 accurate

1867 2840 2176 2901 didicisset,
2211 2838 2481 2909 quomodo
2528 2853 2585 2892 se
2641 2837 2903 2891 haberent
2964 2851 3051 2891 res
3094 2845 3443 2900 sanctorum,

1868 2930 2091 2984 antistiti
2143 2929 2315 2983 Rhodi
2350 2929 2530 2983 omnia
2582 2929 2850 2999 signiﬁcat
2889 2945 2902 2982 :
2941 2929 3198 2997 episcopo
3246 2941 3443 2982 nomen

1867 3030 1984 3076 erat
2019 3022 2297 3076 Photinus.
2341 3020 2431 3074 Ille
2463 3030 2641 3075 autem
2686 3020 2817 3074 nihil
2854 3020 3085 3088 amplius
3121 3028 3443 3083 Cunctatus,

1871 3125 1992 3164 cum
2044 3111 2226 3164 Statim
2268 3110 2567 3178 accepisset
2616 3108 2812 3162 multos
2856 3122 2923 3162 ex
2978 3109 3041 3162 iis
3089 3109 3176 3177 qui
3224 3109 3448 3162 aderant

170 3222 369 3289 ἁγίους
397 3222 594 3291 ἔχουσα
622 3220 751 3284 ναῦς
779 3219 1215 3291 προσωρμίζετο,
1242 3219 1336 3272 καὶ
1364 3218 1532 3282 πολὺς
1562 3214 1629 3290 ἦν
1658 3220 1763 3272 τῶν

1871 3202 2216 3266 Christianis,
2241 3203 2386 3257 venit
2412 3204 2475 3255 ad
2501 3203 2672 3269 littus,
2694 3203 2759 3255 ad
2793 3205 2932 3272 quod
2962 3203 3242 3273 appulerat
3268 3203 3444 3264 navis,

171 3313 442 3382 φυλάκων
469 3314 741 3382 δεόμενος,
766 3310 907 3365 ῶστε
938 3310 1164 3381 λυθῆναι
1194 3313 1318 3374 τοὺς
1351 3311 1636 3383 μάρτυρας
1657 3311 1764 3363 τῶν

169 3404 426 3473 δεσμῶν,
459 3406 553 3457 καὶ
585 3403 683 3475 τὴν
710 3404 802 3456 ἐπὶ
839 3403 938 3473 τῆς
964 3402 1263 3472 ἐκκλησίας
1297 3404 1485 3465 αὐτοῖς
1509 3403 1764 3473 ἀνεθῆναι

172 3499 251 3547 1:1'
262 3496 447 3566 ροδον.

243 3586 388 3640 MB'.
432 3584 688 3637 Ἐκείνων
720 3584 898 3637 τοίνυν
922 3583 1019 3654 τὴν
1056 3584 1291 3638 ἱκετείαν
1313 3585 1763 3657 δυσωπηθέντων,

173 3678 284 3732 ὑπὸ
317 3675 532 3737 πολλοῖς
566 3678 677 3737 τοῖς
708 3675 1155 3745 εὐχαριστηρίοις
1180 3675 1370 3744 ὓμνοις
1400 3677 1448 3727 oi
1489 3678 1766 3748 μάρτυρες

169 3771 266 3823 ἐπὶ
293 3768 398 3838 τὴν
431 3766 725 3835 ἐκκλησίαν
748 3767 1191 3836 προπέμπονται,
1212 3769 1304 3820 καὶ
1329 3768 1637 3831 ἀκολούθως
1666 3768 1767 3838 τῆς

172 3862 340 3931 ἱερᾶς
380 3842 741 3926 προτεθείσης
787 3858 977 3927 βίϐλου
1016 3860 1199 3912 ἐκεῖνα
1235 3840 1559 3927 παραδόξως
1592 3861 1625 3930 ή
1656 3860 1767 3914 τῶν

174 3950 539 4016 [εὐαγγελίων
581 3948 769 4018 ἐδήλου
826 3949 997 4017 φωνὴ,
1037 3948 1073 4002 ὃ.
1120 3949 1214 4001 καὶ
1261 3948 1340 4018 τῷ
1373 3948 1552 4019 καιρῷ
1598 3965 1767 4019 προσ-

172 4046 388 4114 ήκοντα
430 4043 523 4094 καὶ
572 4043 686 4103 τοῖς
730 4041 905 4108 ἁγίοις
936 4039 1248 4109 ἁρμόζοντα
1275 4034 1366 4109 ἦν.
1392 4038 1529 4094 Τίνα
1571 4039 1628 4094 δὲ
1659 4041 1767 4111 ἄρα

170 4136 391 4200 est-Ita;
415 4134 507 4204 Μῆ
531 4132 785 4201 φοϐεῖσθε
811 4133 921 4186 ἀπὸ
942 4132 1053 4186 τῶν
1069 4131 1477 4186 ἀποκτεινόντων
1501 4131 1560 4185 τὸ
1583 4132 1764 4202 σῶμα,

171 4229 272 4299 τὴν
303 4227 364 4279 δὲ
394 4226 574 4297 ψυχὴν
594 4226 910 4278 ἀποκτεῖναι
940 4224 1012 4293 μὴ
1038 4222 1377 4295 δυναμένων.
1409 4222 1580 4277 Τοῦτο
1603 4223 1767 4277 οἱονεί

170 4340 296 4377 τινα
328 4321 650 4391 γλυκύτητα
700 4319 852 4375 θείαν
880 4319 1131 4383 ἐνέσταξε
1168 4320 1289 4382 ταῖς
1322 4319 1431 4372 τῶν
1461 4319 1631 4387 ἁγίων
1668 4318 1768 4388 ψυ-

172 4415 318 4482 χαῖς,
352 4413 451 4464 καὶ
482 4408 793 4477 ὀφθαλμοὺς
814 4406 949 4476 ὁμοῦ
975 4408 1070 4460 καὶ
1092 4410 1277 4477 χεῖρας
1311 4407 1474 4471 εὐθὺς
1502 4412 1582 4471 είς
1601 4408 1767 4479 οὐρα-

174 4506 299 4565 νοῦς
332 4500 687 4569 ἀνασχόντες,
709 4500 771 4551 ἐκ
799 4498 1153 4569 περιχαρείας
1181 4499 1573 4571 δεδακρυμένοι
1595 4516 1765 4571 προσ-

1870 3295 1922 3349 in
1954 3309 2056 3365 qua
2087 3305 2240 3349 erant
2271 3294 2466 3358 sancti,
2497 3303 2548 3347 et
2577 3294 2828 3348 custodes
2856 3294 3204 3367 vehementer
3239 3291 3442 3354 oravit,

1868 3393 1926 3437 ut
1961 3395 2227 3456 martyres
2257 3385 2597 3438 solverentur
2628 3399 2656 3437 a
2689 3384 2940 3450 vinculis,
2969 3392 3023 3439 et
3057 3386 3134 3439 eis
3164 3382 3446 3453 permitte-

1869 3484 2018 3530 retur
2053 3477 2233 3531 venire
2269 3477 2319 3531 in
2355 3477 2658 3531 ecclesiam.

1939 3602 2096 3657 XLII.
2137 3604 2272 3658 Cum
2315 3604 2386 3658 illi
2423 3614 2599 3660 autem
2660 3606 2956 3661 cessissent
2990 3606 3279 3677 precibus,
3324 3622 3445 3662 cum

1869 3697 2050 3750 multis
2085 3698 2299 3769 hymnis
2322 3736 2336 3762 ,
2372 3700 2569 3767 quibus
2605 3697 2713 3753 Deo
2747 3708 2980 3770 aguntur
3011 3701 3230 3767 gratiae,
3268 3700 3317 3754 in
3353 3716 3447 3755 ec-

1868 3784 2088 3838 clesiam
2108 3786 2446 3839 deducuntur
2466 3796 2771 3855 martyres;
2794 3795 2848 3838 et
2872 3797 3267 3855 consequenter
3289 3802 3446 3843 sacro

1868 3873 2006 3927 libro
2046 3874 2357 3942 proposito,
2395 3873 2794 3927 admirabiliter
2823 3883 2877 3927 et
2909 3883 3104 3943 praeter
3138 3874 3445 3941 opinionem

1868 3964 2166 4018 declaravit
2214 3980 2314 4017 vox
2359 3963 2775 4032 Evangeliorum
2804 3964 2924 4028 illa,
2971 3979 3089 4031 quae
3135 3973 3189 4018 et
3228 3973 3441 4035 tempus

1869 4055 2150 4119 decebant,
2186 4064 2239 4108 et
2264 4054 2467 4109 sanctis
2521 4053 2935 4109 conveniebant.
2981 4053 3237 4119 Quaenam
3265 4065 3444 4109 autent

1869 4158 1929 4198 ea
1967 4145 2134 4199 sunt?
2183 4144 2357 4198 Nolite
2400 4145 2589 4198 timere
2631 4160 2756 4209 eos,
2785 4145 2875 4215 qui
2914 4159 3110 4213 corpus
3149 4144 3442 4208 occidunt,

1869 4240 2107 4290 animam
2147 4246 2327 4289 autem
2368 4250 2477 4290 non
2514 4245 2743 4305 possunt
2781 4235 3031 4290 occidere
3052 4235 3095 4289 δ.
3123 4234 3233 4291 11οο
3277 4236 3444 4291 veluti

1867 4325 2163 4394 quamdam
2188 4324 2425 4377 divinam
2456 4325 2795 4379 dulcedinem
2828 4334 3140 4381 sanctorum
3167 4326 3446 4381 instillavit

1868 4418 2064 4472 animis
2084 4456 2098 4481 ,
2140 4417 2438 4484 oculosque
2469 4416 2629 4471 simul
2658 4429 2711 4472 et
2738 4432 2931 4472 manus
2960 4418 3139 4472 statim
3174 4419 3240 4472 ad
3274 4419 3444 4473 caelos

1874 4508 2157 4568 tollentes,
2188 4522 2296 4575 prae
2335 4508 2533 4576 gaudio
2564 4509 2796 4562 orabant
2829 4507 3210 4578 lacrymantes.
3256 4506 3447 4562 IEdiIi~

172 4594 433 4662 ηὶχοντο.
469 4590 829 4658 οἰκοδόμησις
874 4584 966 4641 οὖν
1014 4590 1071 4641 ἐν
1101 4591 1166 4659 τῇ
1224 4590 1404 4644 πίστει
1439 4590 1500 4643 τὸ
1531 4592 1763 4661 πρᾶγμα

1871 4600 2018 4655 catio
2050 4610 2229 4653 autem
2266 4599 2318 4652 in
2357 4598 2459 4652 ﬁde
2490 4599 2590 4651 fuit
2627 4615 2712 4653 res
2745 4613 2805 4654 ea
2834 4599 2899 4653 iis
2929 4599 3021 4667 qui
3054 4600 3297 4664 aderant,
3331 4615 3447 4655 om-

172 4689 287 4749 τοῖς
317 4680 592 4752 παροῦσιν
621 4680 856 4747 ἐγένετο,
890 4679 985 4731 καὶ
1025 4681 1224 4743 πάντες
1254 4683 1332 4744 είς
1365 4681 1561 4744 αὐτοὺς
1595 4683 1764 4753 όρῶν-

174 4793 263 4840 τες
298 4776 380 4836 είς
404 4772 614 4842 φανερὰ
643 4772 733 4823 καὶ
756 4769 905 4823 αυτοὶ
932 4770 1234 4839 κατήγοντο
1272 4771 1503 4841 δάκρυα,
1537 4773 1763 4827 καὶτῶν

177 4867 528 4937 σκαμμὰτων
551 4861 873 4929 κοινωνῆσαι
897 4863 989 4913 καὶ
1016 4861 1123 4915 τῶν
1147 4863 1438 4933 βραϐείων,
1467 4868 1575 4930 τοῖς
1614 4866 1756 4936 μάρ-

176 4978 333 5011 τυσιν
358 4956 616 5026 ηὖχοντο.

246 5048 385 5104 ΜΓ.
458 5045 591 5101 Εἶτα
653 5051 680 5101 ὁ
736 5049 985 5119 θεοφιλὴς
1047 5049 1253 5109 ἐκεῖνος
1324 5049 1619 5113 ἐπίσκοπος
1702 5052 1767 5103 τὰ

176 5144 274 5207 τῖς
350 5142 519 5208 ἁγίας
596 5143 871 5212 ἀναφορᾶς
932 5139 1241 5191 ἐπιτελέσαι
1318 5139 1594 5207 μυστήρια
1673 5140 1764 5191 τὸν

180 5234 484 5304 ἱερώτατον
522 5234 817 5303 Κλήμεντα
856 5233 1009 5304 ἠξίου
1034 5249 1047 5263 ο
1088 5226 1161 5283 ὧν
1202 5231 1264 5302 δὴ
1312 5231 1453 5284 κατὰ
1481 5232 1539 5283 τὸ
1576 5232 1763 5289 είωθὶς

177 5330 270 5382 ὑπ’
322 5326 496 5381 αὑτοῦ
547 5327 925 5397 τελουμένων,
981 5326 1073 5379 καὶ
1124 5325 1341 5378 πάντων
1396 5326 1451 5375 ἐν
1502 5325 1759 5394 συντριϐῇ

180 5422 414 5491 καρδίας
472 5420 726 5489 καθάπερ
782 5420 962 5487 γυμνῇ
1017 5420 1081 5487 τῇ
1136 5416 1303 5486 ψυχῇ
1348 5416 1761 5484 προσεχόντων,

178 5516 349 5583 ὁρῶσι
384 5513 574 5565 πολλοὶ
602 5513 711 5565 τῶν
746 5513 1050 5581 παρόντων,
1078 5511 1189 5562 ὅσοι
1225 5508 1288 5578 δὴ
1321 5509 1414 5560 καὶ
1451 5508 1517 5560 τὰ
1542 5509 1766 5561 τοιαῦτα

179 5605 315 5674 ὁρᾷν
340 5604 509 5668 ἄξιοι,
539 5604 794 5674 φοϐερὸν,
831 5596 873 5656 ὧ
904 5604 1170 5662 Δέσποτα,
1204 5600 1381 5669 θέαμα
1404 5602 1494 5652 καὶ
1519 5600 1760 5669 φρικτόνο

179 5696 432 5767 ᾶιθρακσ.
472 5696 571 5765 μέν
604 5696 779 5765 φωτὸς
814 5692 1166 5766 ὑπερμεγέθη
1200 5692 1297 5758 τῆς
1354 5692 1622 5761 ἁχράντου
1672 5693 1766 5745 καὶ

255 5884 275 5902 ⁴
316 5871 509 5928 Matth.
550 5888 605 5940 Χ,
639 5874 731 5928 28.

1874 4704 2078 4758 nosque
2106 4703 2199 4743 eos
2227 4690 2517 4751 intuentes,
2546 4690 2644 4757 ipsi
2675 4702 2891 4757 quoque
2916 4698 3102 4757 aperte
3128 4690 3447 4744 emittebant

1872 4780 2159 4849 Iacrymas,
2191 4789 2600 4849 martyrutnque
2629 4779 2924 4833 cerlamina
2959 4790 3009 4834 et
3040 4794 3273 4836 coronas
3324 4796 3448 4851 pan-

1871 4871 2091 4938 ticipare
2124 4869 2431 4940 cupiebant.

1952 5053 2133 5111 XLIII.
2186 5056 2384 5111 Deinde
2420 5057 2537 5127 pius
2584 5059 2673 5113 ille
2704 5068 2757 5113 et
2799 5057 2889 5113 Dei
2939 5074 3128 5113 amans
3163 5059 3447 5129 episcopus

1878 5147 2097 5214 togabat
2131 5145 2461 5201 Clementem
2494 5150 2921 5213 sanctissimum,
2962 5160 3021 5204 ut
3048 5161 3250 5206 sanctae
3280 5152 3448 5205 obla-

1877 5239 2038 5291 tionis
2099 5250 2377 5306 peiageret
2414 5242 2691 5310 mysteria.
2755 5242 2883 5308 Quae
2944 5243 3158 5311 quidem
3211 5258 3332 5298 cum
3380 5243 3446 5297 de

1876 5345 2024 5382 more
2058 5330 2124 5383 ab
2155 5346 2217 5382 eo
2249 5342 2653 5400 peragerentur,
2690 5343 2744 5387 et
2785 5349 2978 5389 omnes
3025 5337 3076 5387 in
3122 5336 3450 5389 contritione

1876 5421 2088 5487 cordis,
2138 5421 2301 5474 veluti
2346 5423 2486 5475 nuda
2527 5434 2582 5477 ct
2620 5436 2807 5495 aperta
2847 5426 3045 5490 anima,
3083 5428 3162 5480 eis
3198 5427 3448 5481 attende-

1878 5521 2032 5575 rent,
2088 5511 2272 5566 vident
2304 5514 2454 5568 multi
2487 5530 2551 5569 ex
2589 5516 2654 5570 iis
2703 5518 2792 5585 qui
2826 5520 3084 5585 aderant,
3117 5519 3448 5588 quicumque

1876 5604 2077 5659 scilicet
2107 5614 2261 5659 erant
2292 5605 2435 5674 digni
2476 5609 2599 5662 talia
2640 5609 2859 5675 intueri,
2890 5611 3238 5680 stupendum,
3284 5626 3317 5664 ο
3345 5609 3450 5665 Do-

1877 5694 2041 5762 mine,
2079 5706 2130 5751 et
2173 5697 2419 5753 mirabile
2463 5701 2869 5769 spectaculum;
2908 5702 3042 5757 lucis
3075 5702 3292 5773 quidem
3328 5716 3449 5757 car-
