4154 6490
148 436 249 494 dat}

1172 437 1344 498 Vle
1386 442 1445 501 S.
1483 441 1914 503 CLEMENTIS
1950 446 2354 507 ANCYRANI.

3292 462 3396 527 854

146 543 368 611 ἀπειλῆς
410 539 575 594 οὖσαν
631 541 875 610 μεέζο.·ο;,
925 546 1066 613 πρὸς
1106 548 1161 600 δὲ
1190 550 1281 601 τὸν
1322 549 1717 617 Ἀγαθαγγελον

1828 567 1989 621 quam
2021 565 2077 609 ιιι
2120 557 2279 611 minis
2312 573 2430 612 eam
2466 558 2811 628 signiliaarct.
2861 565 2938 617 Ad
2980 568 3404 640 .\g.~ilbangolum

145 635 373 701 ἀπιδὼν,
408 634 479 687 Σὺ
526 635 583 687 δὲ
622 634 709 697 τίς
759 630 842 703 ei;
878 635 1005 705 ἔφη,
1038 640 1159 693 οὐδὲ
1198 640 1308 712 γὰρ
1333 642 1580 708 ἕγκεισαι
1611 646 1725 705 τοῖς

146 726 529 797 Διοκλητιανοῦ
563 726 876 796 γράμμασι.
919 730 1186 794 Κάκεῖνος
1218 734 1316 803 τὴν
1348 735 1539 804 ὅρασιν
1570 752 1726 805 μερι-

148 815 313 880 σθεὶς,
368 815 467 869 καὶ
494 817 629 886 πρὸς
661 816 752 871 τὸν
789 818 1020 890 οὐρανὸν
1043 821 1183 891 ἄρας
1214 823 1350 892 ὁμοῦ
1372 826 1497 887 τοὺς
1527 827 1726 892 ὀφθαλ-

149 907 274 975 μοῦ,
308 905 405 961 καὶ
430 907 523 959 τὸν
553 908 849 979 Κλήμεντα
875 909 1240 983 (ἑκατέρωθεν
1278 915 1383 984 γὰρ
1404 917 1557 987 ἥξειν
1578 919 1726 990 αὑτῷ

144 998 233 1066 τὴν
290 996 547 1067 βοήθειαν
601 1000 968 1071 προσεδόκα),
1022 1005 1191 1073 Κάγὼ
1226 1006 1550 1077 Χριστιανός
1585 1013 1721 1081 είμι,

147 1090 266 1159 ἔφη,
311 1092 401 1144 aia
452 1093 547 1146 τοῦ
585 1093 774 1147 δούλου
828 1095 920 1148 τοῦ
954 1097 1192 1167 Χριστοῦ
1250 1101 1593 1170 Κλήμεντος,
1624 1106 1725 1175 τῆς

147 1183 426 1251 μσκαρῖας
469 1180 675 1251 ταύτης
704 1183 960 1249 ἀξιωθεὶς
1002 1186 1271 1255 κλήσεως,
1309 1191 1442 1242 Τότε
1492 1191 1721 1263 Ἀγρεπ,

150 1287 291 1339 tum;
321 1271 537 1325 κελεύει
574 1273 868 1342 Κλήμεντα
908 1275 1006 1344 μὲν
1041 1280 1478 1349 μετεωρισθέντα
1516 1285 1724 1336 σπαθί-

146 1358 352 1424 ζεςθαι,
406 1363 814 1432 Ἀγαθάγγελον
870 1367 927 1420 δὲ
968 1368 1281 1438 βουνεύροις
1340 1373 1445 1425 ὑπὸ
1512 1376 1724 1444 δημίων

146 1450 403 1518 ὡμότατα
438 1453 756 1509 τύπτεσθαι.
807 1458 958 1510 Ἐπεὶ
985 1459 1041 1511 δὲ
1077 1462 1170 1513 καὶ
1217 1463 1313 1531 τὴν
1343 1465 1600 1534 τοιαύτην
1632 1468 1725 1537 βά-

149 1559 302 1593 σανον
350 1545 380 1594 ὁ
439 1545 610 1612 μέγας
646 1548 878 1619 Κλήμης
912 1550 1054 1602 οῦτω
1086 1571 1136 1604 τι
1164 1556 1428 1619 γενναίως
1460 1558 1721 1628 ὑπέμενε,

143 1633 395 1685 τοσούτου
423 1635 541 1687 δεον
574 1638 630 1689 ὲν
679 1638 821 1706 λόγῳ
854 1641 962 1692 τινὶ
1012 1641 1108 1695 καὶ
1142 1646 1347 1715 μετρίῳ
1375 1647 1474 1709 τὰς
1512 1649 1724 1719 πληγὰς

144 1719 402 1787 τίθεσθαι,
435 1723 509 1785 ὡς
539 1726 678 1796 ὑπὲρ
703 1729 896 1783 ἑαυτοῦ
935 1748 993 1783 τε
1021 1736 1113 1785 καὶ
1157 1735 1558 1805 ’Λγαθαγγέλου
1583 1742 1719 1793 ἀττε-

147 1812 458 1883 ρισπάστως
476 1816 753 1886 εὔχεσθαι,
778 1821 805 1872 ό
834 1820 1072 1893 ἔπαρχος
1108 1828 1278 1896 μικρὰ
1304 1828 1474 1882 ταῦτα
1499 1835 1723 1901 νομίσας

1830 654 2011 698 autem
2049 648 2324 715 aspiciens
2358 666 2369 701 :
2398 650 2477 702 Tu
2513 666 2640 705 vero
2682 654 2805 722 quis
2841 656 2943 709 es?
2980 657 3172 726 inquit.
3222 658 3408 729 Neque

1828 737 1971 790 enim
2021 740 2318 794 contineris
2373 742 2423 794 iu
2467 742 2660 799 litteris
2707 745 3045 802 Diocletiani.
3096 750 3188 805 ille
3228 761 3405 807 autem

1826 841 1946 881 cum
1992 828 2165 883 visum
2206 846 2360 885 suum
2395 833 2696 898 divisisset,
2731 848 2785 891 et
2816 837 2973 891 simul
3020 841 3072 892 in
3106 840 3298 894 coelum
3350 852 3407 897 et

1827 918 1893 971 ad
1947 918 2280 975 Clementem
2329 925 2640 980 sustulisset
2708 928 2895 982 oculos
2937 928 3216 999 (utrinque
3260 933 3402 985 enim

1828 1010 1891 1062 ad
1926 1026 1984 1063 se
2008 1022 2285 1066 Venturum
2328 1017 2578 1081 sperabat
2609 1019 2907 1087 auxilium)
2940 1038 2953 1074 :
2990 1020 3099 1089 Ego
3143 1038 3361 1090 quoque
3387 1064 3399 1085 .

1828 1098 2037 1166 inquit,
2090 1116 2206 1154 sum
2248 1104 2627 1170 Christianus,
2663 1122 2757 1176 per
2783 1123 3001 1162 sermm
3034 1109 3235 1165 Christi
3278 1112 3401 1165 Cle-

1830 1194 2061 1241 mentem
2100 1189 2238 1243 hanc
2291 1189 2501 1245 beatam
2542 1203 2732 1248 nactus
2771 1196 3216 1264 appellationem.
3254 1197 3404 1251 Tunc

1828 1279 2150 1348 :‘lgrippinus
2182 1282 2335 1349 jubet
2369 1283 2702 1337 Clementem
2739 1287 2953 1353 quidem
2984 1289 3036 1342 in
3070 1290 3236 1343 altum
3271 1291 3399 1343 sub-

1828 1372 1991 1424 latum
2074 1373 2205 1425 caedi
2282 1390 2345 1427 ac
2397 1376 2671 1443 mutilari;
2736 1378 3164 1450 Agathangelum
3223 1392 3401 1435 autem

1828 1462 1985 1514 boum
2042 1466 2220 1517 nervis
2274 1480 2301 1518 a
2345 1466 2620 1521 lictoribus
2674 1470 3053 1527 crudelissime
3108 1472 3402 1527 verberari.

1828 1553 2094 1618 Qu0niam
2134 1571 2259 1608 vero
2302 1574 2527 1625 magnus
2557 1561 2807 1615 Clemens
2853 1556 3135 1630 ejusmodi
3160 1574 3401 1618 tormen—

1830 1654 1938 1696 tum
1966 1652 2072 1697 tam
2110 1662 2302 1716 magno
2328 1658 2381 1700 et
2409 1652 2626 1704 excelso
2649 1655 2829 1704 animo
2862 1651 3091 1717 ferebat,
3117 1664 3166 1708 et
3196 1664 3401 1708 tantum

1827 1736 2050 1800 aberat,
2105 1748 2165 1792 ut
2206 1739 2483 1808 plagarum
2537 1742 2620 1794 vel
2658 1742 2923 1795 modicam
2974 1744 3135 1797 ullam
3184 1746 3403 1799 duceret

1826 1829 2133 1891 rationem,
2168 1839 2226 1882 ut
2276 1846 2371 1897 pro
2422 1844 2480 1884 se
2520 1841 2574 1885 et
2616 1848 2712 1900 pro
2762 1835 3130 1903 Agathangelo
3185 1836 3403 1891 assidue

145 1905 229 1955 καὶ
261 1906 340 1974 μὴ
364 1907 639 1978 δυνάμενα
670 1911 993 1968 καθικέσθαι
1037 1917 1212 1989 ψυχῆς
1246 1922 1385 1975 οὕτω
1415 1925 1614 1991 πάγιον
1663 1929 1717 1979 ἐν

1822 1928 2038 1984 oraret;
2079 1920 2362 1989 praefectus
2388 1922 2501 1975 “330
2528 1940 2691 1990 parva
2717 1940 2834 1979 esse
2856 1928 3175 1991 arbitratus,
3201 1936 3255 1981 et
3281 1943 3402 1997 qure

140 1996 269 2066 αὐτῇ
326 1998 562 2070 θεμένης
592 2000 653 2054 τὸ
680 2005 1103 2074 ἀμετάπειστον,
1136 2012 1337 2081 ἀνῆκεν
1369 2017 1565 2079 αὐτοὺς
1620 2018 1719 2085 τῆς

144 2088 409 2155 κολάσεως
440 2094 534 2145 καὶ
555 2096 899 2167 ἀμφοτέρους
924 2104 989 2171 τῇ
1012 2104 1226 2175 φυλακῇ
1245 2106 1430 2160 δίδωσι
1452 2126 1464 2138 ο
1495 2110 1719 2181 θέατρον

143 2180 192 2231 δὲ
227 2182 306 2242 εὶς
334 2183 437 2252 τὴν
467 2184 595 2255 ἑξῆς
644 2189 796 2259 αὐτῷ
841 2194 934 2245 καὶ
964 2192 1131 2263 θηρία
1181 2197 1575 2269 ἐτοιμασθῆναι
1616 2220 1716 2254 κε-

145 2268 301 2332 λεύει,
334 2272 432 2324 καὶ
483 2273 545 2325 τὸ
596 2274 802 2345 πλῆθος
836 2280 1028 2346 πολλὰ,
1068 2284 1161 2336 καὶ
1190 2285 1254 2338 τὸ
1276 2288 1428 2355 γένος
1460 2268 1714 2361 διάφορα,

144 2363 224 2414 καὶ
253 2364 514 2436 ὑπερφυᾶ
530 2366 630 2439 τὴν
648 2368 931 2441 ὠμότητα.

202 2632 350 2698 Μετ’.
381 2634 567 2702 ’Ἅγιοι
592 2637 669 2706 τῷ
700 2639 1059 2713 δεσμωτηρίῳ
1096 2644 1563 2714 καταλειφθέντες.
1594 2666 1718 2701 συν-

142 2724 401 2795 τονωτέρᾳ
434 2726 638 2794 μᾶλλον
669 2731 1056 2800 ἐπηγρύπνουν
1096 2738 1160 2806 τῇ
1202 2741 1480 2808 προσευχῇ
1505 2756 1517 2767 ·
1553 2739 1720 2807 ἄγγε-

143 2810 214 2864 λοι
236 2814 289 2866 δὲ
318 2816 509 2879 αὐτοῖς
537 2817 741 2873 ἀνωθεν
796 2824 1118 2889 ἐπιστάντες
1152 2830 1286 2898 πρῆις
1328 2829 1389 2882 τὸ
1421 2831 1717 2901 μαρτύριον

143 2903 371 2972 ἡλειφον.
407 2907 564 2961 Ὅσοι
595 2909 726 2978 γοῦν
748 2913 844 2964 καὶ
877 2914 1028 2968 ἄλλοι
1066 2918 1208 2971 κατά
1255 2936 1406 2982 τινας
1436 2921 1531 2974 καὶ
1561 2922 1718 2976 αὐτοὶ

144 2998 306 3061 ait-Ia;
335 2999 516 3070 ᾤκουν
546 3006 607 3055 τὸ
633 3004 1031 3078 δεσμωτήριον,
1065 3010 1189 3063 τότε
1218 3012 1320 3081 τῆς
1359 3015 1598 3084 δεήσεως
1620 3016 1717 3069 αὑ-

143 3089 240 3141 τῶν
270 3093 493 3156 ἐκτενὲς
517 3094 737 3162 ἰδόντες,
773 3094 891 3150 εἶτα
919 3102 1013 3153 καὶ
1061 3103 1157 3171 τῆς
1210 3105 1317 3156 τῶν
1350 3106 1599 3173 ἀγγέλων
1626 3111 1715 3162 ai-

1823 2009 2062 2063 animum
2096 2026 2201 2064 non
2238 2012 2583 2081 attingerent,
2623 2014 2672 2066 in
2701 2032 2807 2083 quo
2854 2017 2953 2072 hoc
2985 2017 3121 2073 adeo
3152 2018 3317 2073 ﬁxum
3350 2029 3403 2074 et

1823 2102 2037 2155 ﬁrmum
2086 2103 2393 2169 insederat,
2428 2121 2493 2158 ne
2536 2107 2601 2159 ad
2642 2110 2970 2162 contrariam
3023 2110 3403 2167 traduceretur

1820 2196 2180 2261 sententiam;
2218 2204 2508 2266 utrumque
2548 2198 2768 2265 quidem
2804 2200 3069 2256 relaxarit
3096 2217 3126 2256 a
3164 2204 3399 2274 castiga-

1822 2285 1988 2349 tione,
2026 2294 2078 2338 et
2110 2286 2332 2340 tradidit
2362 2288 2414 2341 in
2444 2291 2742 2343 custodiam
2777 2308 2790 2344 :
2821 2294 3067 2361 sequenti
3099 2303 3278 2347 autem
3315 2294 3400 2348 die

1816 2374 1967 2443 jubet
1994 2376 2265 2430 theatrum
2298 2380 2476 2447 parari
2507 2388 2561 2433 et
2588 2381 2812 2446 bestias,
2840 2393 2893 2437 et
2925 2398 3152 2439 numero
3174 2384 3395 2450 multas,

1818 2479 1873 2523 et
1898 2485 2095 2539 genere
2123 2470 2389 2536 diversas,
2413 2482 2467 2526 et
2499 2473 2816 2530 crudelitate
2839 2474 3098 2546 insignes.

1892 2649 2073 2704 XLVI.
2122 2651 2297 2720 Atque
2339 2653 2515 2706 sancti
2564 2654 2780 2723 quidem
2835 2653 3007 2709 relicti
3051 2657 3101 2709 in
3144 2652 3397 2723 carcere,

1820 2742 2194 2797 vehementius
2224 2752 2278 2796 et
2318 2744 2581 2798 inteusius
2610 2745 2928 2811 vigilantes,
2966 2746 3232 2802 vacabant
3270 2763 3394 2803 ora-

1823 2832 1954 2886 tioni
1986 2850 1999 2885 :
2035 2832 2208 2900 angeli
2237 2843 2415 2886 autem
2443 2833 2508 2887 ad
2530 2849 2622 2887 eos
2648 2833 2880 2901 desuper
2902 2835 3234 2899 advolantes,
3265 2854 3402 2906 pra-.-

1818 2923 2079 2990 parabant
2123 2933 2177 2977 et
2227 2924 2621 2978 conﬁrmabant
2673 2926 2739 2978 ad
2782 2927 3397 2997 martyriuanuicun-

1820 3028 1923 3081 que
1952 3028 2080 3067 vero
2112 3015 2202 3067 alii
2230 3024 2448 3083 pr0pter
2477 3015 2611 3069 alias
2640 3017 2805 3070 etiam
2840 3033 3033 3074 causas
3079 3019 3395 3075 habitabant

1821 3103 1874 3157 in
1918 3119 2156 3167 carcere,
2189 3121 2310 3159 cum
2347 3121 2534 3161 eorum
2571 3109 2837 3163 iutensam
2874 3112 3135 3166 vidissent
3181 3114 3390 3169 oratio-

147 3181 382 3252 σθόμενοι
415 3190 743 3259 παρουσίας,
773 3195 865 3246 καὶ
896 3194 994 3265 τὴν
1027 3196 1346 3269 θαυμαστὴν
1376 3201 1590 3273 ἐκείνην
1621 3206 1715 3256 ὲκ-

1833 3211 1977 3262 nem,
2010 3206 2062 3251 et
2088 3196 2282 3252 deinde
2313 3199 2475 3251 etiam
2512 3200 2811 3255 sensissent
2846 3203 3134 3258 adventum
3171 3205 3394 3275 angelo-

149 3276 434 3344 πλαγέντες
457 3282 824 3353 παράκλησιν.
857 3286 1036 3360 θέρμῃ
1082 3291 1189 3342 τινὶ
1227 3292 1345 3363 θείᾳ
1393 3293 1491 3363 τὴν
1539 3295 1715 3365 ψυχὴν

144 3371 467 3439 κινηθέντες,
495 3376 901 3444 προσπίπτουσξ
924 3397 982 3432 τε
1014 3384 1126 3445 τοῖς
1152 3385 1350 3451 ἁγίοις,
1383 3389 1475 3440 καὶ
1495 3392 1561 3441 τὰ
1588 3392 1717 3457 περὶ

142 3459 222 3512 τοῦ
250 3464 492 3530 Χριστοῦ
519 3466 616 3520 καὶ⁵
642 3469 827 3533 αὐτοῖς
873 3471 953 3535 είς
1004 3473 1207 3539 γνῶσιν
1260 3477 1437 3531 ἐλθεῖν
1479 3479 1715 3544 ἀξιοῦσι,

144 3548 224 3599 xii.
248 3550 342 3618 τῆς
371 3552 588 3606 ἐκείνου
619 3556 872 3622 γενέσθαι
897 3560 1189 3629 ὁμολογίας
1230 3563 1483 3628 ἀναξίους
1523 3568 1598 3638 μὴ
1630 3569 1716 3621 λο-

143 3640 403 3711 γισθῆναι.
449 3644 513 3697 Oi
548 3646 650 3715 μὲν
677 3646 770 3701 οῦν
827 3648 956 3723 ἄχρι
990 3652 1174 3722 μέσων
1209 3658 1417 3709 νυκτῶν
1451 3661 1564 3722 τοῖς
1617 3661 1713 3712 ἀν-

143 3730 280 3797 δράσι
326 3735 728 3807 διαλεγόμενοι,
779 3744 1197 3812 παραινοῦντες,
1259 3747 1604 3812 διδάσκοντες
1653 3751 1713 3803 οὐ

147 3824 391 3896 πρότερον
414 3829 734 3899 ἀπέστησαν
780 3834 882 3897 ἕως
909 3834 1105 3899 αὐτοὺς
1139 3839 1217 3899 είς
1255 3838 1353 3908 τὴν
1380 3840 1552 3910 ἀληθῆ
1580 3858 1716 3895 κατ-

146 3916 353 3982 ήρτισαν
389 3919 600 3985 πίστιν,
658 3926 752 3977 καὶ
784 3926 859 3995 τῷ
895 3929 1025 3998 θείῳ
1082 3928 1427 4000 βαπτίσματι
1456 3934 1716 4003 ἐσφραγί-

148 4023 307 4063 say-:0.
350 4011 587 4065 Ἔπειτα
634 4013 767 4077 ὅλως
814 4018 841 4069 ό
876 4019 1049 4087 μέγας
1099 4020 1335 4089 Κλήμης
1365 4025 1461 4083 τὰς
1502 4024 1591 4075 τοῦ
1631 4025 1715 4077 δε-

148 4103 443 4172 σμωτηρίου
474 4103 653 4166 πύλας
680 4107 862 4168 αὐτοῖς
884 4109 1017 4179 εὐχῇ
1048 4111 1186 4183 μόνῃ
1214 4113 1548 4177 διαπετάσας
1574 4117 1717 4167 ὲκεί-

146 4207 252 4253 von;
294 4194 391 4262 μὲν
462 4196 671 4266 χαίρων
718 4200 896 4269 ἀφῆκε
963 4204 1275 4273 χαίροντας,
1320 4206 1482 4269 αὐτὸς
1524 4208 1581 4260 δὲ
1617 4209 1715 4261 σὺν

144 4282 206 4349 τῷ
253 4284 660 4359 Ἀγαθαγγέλῳ,
724 4290 871 4359 μόνοι
930 4294 1082 4364 παρὰ
1135 4298 1202 4365 τῇ
1262 4296 1477 4367 φυλακῇ
1531 4299 1718 4351 ὑπελί-

146 4391 304 4432 arma.

1826 3304 1961 3349 rum.
1995 3298 2049 3342 et
2083 3289 2173 3342 illa
2203 3291 2506 3346 admirabili
2551 3293 2904 3362 obstupefacti
2936 3305 3118 3351 essent
3150 3298 3399 3353 consola-

1823 3380 1989 3443 tione,
2020 3380 2201 3435 divino
2221 3383 2455 3451 quodam
2483 3384 2679 3438 ardore
2701 3399 2889 3442 eorum
2910 3386 3150 3443 incitatis
3180 3390 3397 3456 animis,

1820 3470 2106 3541 procidunt
2151 3475 2217 3528 ad
2264 3472 2428 3544 pedes
2465 3487 2803 3542 sanctorum,
2852 3488 2905 3533 et
2957 3490 3151 3553 rogant
3199 3490 3259 3537 ut
3299 3483 3398 3554 ipsi

1818 3580 2031 3634 quoque
2056 3568 2273 3620 veniant
2305 3569 2370 3622 ad
2398 3569 2603 3626 Christi
2639 3572 3022 3642 cognitionem,
3059 3583 3114 3630 et
3142 3590 3209 3631 ne
3236 3592 3399 3647 repu-

1823 3662 2003 3708 tentur
2044 3656 2268 3727 indigni,
2318 3659 2408 3727 qui
2455 3660 2602 3715 illum
2642 3664 3025 3722 conﬁteantur.
3083 3666 3166 3721 Illi
3218 3677 3397 3724 autem

1819 3757 1941 3795 eum
1987 3743 2066 3796 eis
2094 3745 2158 3798 ad
2196 3746 2427 3800 mediam
2459 3764 2627 3817 usque
2659 3762 2868 3806 noctem
2898 3754 3245 3823 disserentes,
3274 3772 3400 3812 sua-

1821 3836 2029 3900 dentes,
2077 3839 2448 3906 admonentes,
2500 3840 2779 3906 docentes,
2829 3860 2935 3898 non
2974 3847 3124 3914 prius
3172 3850 3395 3904 destite-

1820 3938 1966 3989 runt,
1997 3943 2158 3997 quam
2205 3944 2299 3984 eos
2332 3932 2385 3984 in
2417 3947 2544 3986 vera
2590 3932 2693 3989 ﬁde
2732 3936 3086 4004 instituerint,
3122 3948 3176 3994 et
3217 3942 3399 3994 divino

1818 4018 2087 4088 baptismo
2130 4022 2556 4093 obsignaverint.
2608 4025 2810 4081 Deinde
2834 4043 2955 4082 cum
3010 4045 3239 4100 magnus
3280 4033 3400 4088 Cle«

1818 4126 1971 4165 meus
1999 4114 2109 4165 sola
2137 4115 2384 4169 oratione
2410 4117 2488 4170 eis
2524 4120 2758 4173 carceris
2791 4129 2957 4174 totam
2998 4124 3398 4191 aperuissetja-

1819 4217 2003 4268 nuam,
2038 4205 2156 4259 illos
2184 4208 2399 4276 quidem
2432 4208 2583 4264 lzetus
2616 4212 2766 4268 betos
2797 4213 2999 4268 dimisit
3029 4234 3043 4269 :
3074 4216 3184 4285 ipse
3213 4225 3393 4273 autem

1817 4291 1963 4347 solus
1983 4309 2107 4348 cum
2142 4297 2512 4367 Agathaugelo
2537 4302 2733 4356 mansit
2763 4302 2815 4355 in
2845 4306 3110 4360 custodia.

204 4557 516 4610 ΜΖ’.Τοῦτο
547 4560 781 4629 ἰσχυρῶς
807 4562 1057 4632 ὲκμαίνει
1088 4563 1179 4616 τὸν
1217 4564 1707 4636 Ἀγριππῖνον,καὶ

1887 4563 2093 4622 XLVII.
2147 4565 2259 4621 lloe
2308 4567 2660 4639 Agrippinum
2718 4572 2872 4627 valde
2916 4588 3112 4643 magno
3144 4574 3253 4632 ciet
3312 4576 3395 4631 fu-

148 4648 467 4717 παραγαγὼν
500 4650 698 4714 αὐτοὺς
728 4653 808 4715 είς
842 4652 901 4705 τὸ
939 4654 1188 4725 θέατρον,
1221 4657 1314 4710 καί
1346 4676 1399 4710 τι
1444 4659 1711 4731 πρότερον

147 4740 285 4804 αὐτὸς
331 4742 477 4795 κατὰ
523 4740 635 4798 τῶν
681 4743 855 4812 ἁγίων
908 4744 1112 4817 βρύξας
1169 4747 1429 4812 λεόντιον,
1466 4745 1585 4803 εἶτα
1617 4754 1710 4806 καὶ

146 4826 339 4893 λέοντας
398 4832 589 4894 αὐτοῖς
644 4833 741 4885 καὶ
814 4833 1041 4897 πολλοὺς
1096 4837 1205 4888 τῶν
1253 4836 1433 4907 θηρῶν
1483 4838 1707 4909 ἐτέρους

149 4920 389 4990 ἀφεθῆναι
421 4921 657 4976 κελεύει.
708 4925 770 4977 Ol
819 4924 864 4977 δ’
903 4926 1187 4991 ἀνεθέντες
1231 4930 1357 4992 τοὺς
1385 4931 1486 5000 μὲν
1521 4933 1708 5000 ἁγίους

148 5010 275 5063 οὐδὲν
334 5015 395 5066 τὸ
454 5015 719 5083 παράπαν
764 5018 950 5080 κακῶς
985 5019 1231 5082 ἐποίουν,
1283 5022 1419 5076 ἀλλὰ
1460 5026 1551 5076 καὶ
1608 5026 1705 5094 ἡδὺ

151 5103 323 5167 μᾶλλον
345 5106 442 5156 καὶ
471 5106 679 5175 ἥμερον
704 5109 783 5170 ei;
811 5109 1008 5171 αὐτοὺς
1031 5109 1239 5180 ἐώρων,
1268 5115 1362 5164 καὶ
1389 5113 1483 5166 νῦν
1512 5117 1612 5185 μὲν
1640 5118 1707 5171 τὰ

152 5192 249 5263 ἴχνη
269 5197 471 5249 τούτων
509 5197 705 5267 ἱλαρῶς
756 5202 1115 5272 περιέλειχον,
1142 5203 1233 5255 νῦν
1261 5205 1316 5258 δὲ
1350 5207 1444 5259 καὶ
1468 5210 1705 5279 πρθσήλ“

150 5284 276 5338 ὶοντο
306 5290 611 5359 προσηνῶς,
659 5291 755 5344 οὐκ
796 5294 1026 5362 ἀνόμοια
1053 5298 1161 5358 τοῖς
1188 5298 1313 5349 κυσὶ
1340 5300 1640 5363 ποιοῦντες,
1670 5303 1703 5355 3t

152 5379 262 5447 rip-‘3;
292 5382 412 5443 τοὺς
445 5383 717 5447 δεσπότας
746 5387 872 5449 τοὺς
903 5387 1115 5439 ἑαυτῶν
1148 5390 1345 5441 ἐκεῖνοι
1378 5390 1546 5459 δρῶσι
1579 5392 1703 5443 πολ-

150 5466 282 5532 λάκις
306 5476 441 5541 μετά
486 5475 678 5543 χρόνον
725 5477 1077 5541 ἐπανιόντας*
1110 5480 1236 5542 τοὺς
1267 5481 1365 5549 μὲν
1396 5476 1489 5535 οῦν
1517 5483 1702 5549 ἁγίους

152 5560 278 5613 οὐδὲν
309 5566 355 5615 οἱ
407 5566 577 5634 θῆρες
608 5567 926 5635 εἰργάζοντο
979 5570 1235 5640 πονηρὸν,
1280 5572 1623 5642 Ἀγριππίνῳ
1648 5573 1703 5625 δὲ

153 5650 231 5719 τὴν
263 5656 483 5723 καρδίαν
537 5659 771 5727 ἰσχυρῶς
842 5658 1129 5730 ἔπληττον,
1177 5664 1536 5734 ἀπορουμένῳ
1590 5668 1704 5727 τοῖς

155 5741 299 5805 ῖὶιοις.
333 5750 424 5799 καὶ
478 5748 639 5801 τοῦτο
686 5751 746 5821 δὴ
786 5753 846 5803 τὸ
892 5754 1152 5823 ᾀδόμενον
1183 5756 1466 5825 ἀνηνύτοις
1495 5760 1703 5827 ἐπιχει-

159 5831 331 5898 ρτιῖττν,
359 5840 459 5891 κᾶν
483 5841 544 5893 τὸ
583 5842 679 5912 τῆς
710 5844 914 5913 Titium;
957 5845 1145 5909 σκότος
1180 5846 1323 5899 οὕτω
1355 5848 1559 5916 βαθέως
1611 5852 1699 5902 αὑ-

1815 4673 1958 4725 rore,
1993 4670 2045 4713 et
2087 4674 2208 4714 cum
2249 4674 2342 4715 eos
2386 4662 2699 4716 deduxisset
2735 4664 2786 4716 in
2823 4664 3117 4729 theatrum,
3173 4678 3227 4721 et
3281 4669 3393 4738 ipse

1810 4749 1961 4819 prius
1992 4765 2140 4804 more
2172 4750 2341 4805 leonis
2372 4752 2423 4805 in
2453 4762 2672 4807 sanctos
2698 4755 2976 4825 rugiisset,
3006 4756 3197 4810 deinde
3224 4759 3275 4811 in
3299 4774 3391 4815 eos

1808 4855 2024 4909 quoque
2089 4841 2270 4896 leones
2318 4854 2372 4897 et
2424 4843 2621 4899 multas
2668 4845 2802 4900 alias
2856 4846 3059 4902 bestias
3099 4848 3250 4915 jubet
3292 4850 3385 4902 im-

1807 4932 1966 4986 mitti.
2001 4932 2078 4986 llli
2131 4945 2313 4988 autem
2371 4937 2619 5001 immissi,
2672 4938 2806 4990 nihil
2850 4939 3068 5007 quidem
3104 4941 3225 4993 mali
3258 4958 3387 4995 san-

1812 5026 1916 5078 ctis
1941 5026 2163 5079 omnino
2188 5027 2492 5094 faciebant;
2524 5028 2618 5083 sed
2639 5028 2851 5084 blandis
2873 5032 3052 5100 potius
3077 5041 3129 5085 et
3148 5032 3389 5101 benignis

1810 5131 1904 5171 eos
1938 5117 2287 5171 intuebantur
2329 5120 2520 5183 oculis,
2555 5131 2607 5174 et
2637 5137 2782 5175 nunc
2832 5123 3047 5189 quidem
3081 5129 3264 5177 eo'ruin
3292 5143 3375 5191 pe.

1810 5210 1903 5261 des
1953 5209 2196 5261 hilariter
2237 5210 2538 5279 lingebaut;
2593 5228 2736 5266 nunc
2771 5225 2950 5267 autem
2992 5215 3041 5267 iu
3090 5231 3183 5270 eos
3225 5218 3384 5269 etiam

1810 5299 2019 5367 placide
2062 5301 2404 5364 insiliebant,
2442 5318 2544 5354 non
2597 5303 2936 5358 dissimiliter
2986 5304 3244 5361 facientes
3299 5309 3383 5370 iis,

1810 5406 1927 5459 qua:
1959 5405 2119 5443 canes
2152 5407 2292 5460 saepe
2336 5391 2538 5446 iaciunt
2567 5396 2683 5447 suis
2710 5396 2966 5459 dominis,
2999 5397 3087 5463 qui
3123 5408 3240 5463 post
3269 5397 3386 5451 lon-

1813 5498 1935 5553 gum
1976 5493 2183 5551 tempus
2218 5484 2461 5536 redeunt.
2498 5485 2676 5552 Atque
2715 5486 2920 5540 sanctis
2948 5487 3166 5555 quidem
3199 5488 3388 5543 be5tizc

1814 5574 1942 5627 nihil
1976 5576 2098 5626 ntali
2133 5574 2400 5628 faciebant
2435 5593 2449 5629 :
2484 5576 2763 5644 Agrippini
2805 5592 2930 5631 vero
2960 5579 3198 5632 animum
3233 5580 3387 5635 valde

1819 5668 2198 5736 percellebant,
2238 5670 2327 5736 qui
2360 5677 2476 5721 erat
2508 5670 2572 5722 de
2601 5679 2711 5722 tota
2744 5685 2803 5721 re
2837 5670 3138 5724 mirandum
3174 5672 3223 5724 in
3272 5686 3385 5725 mo-

1810 5757 1932 5807 dum
1966 5757 2246 5825 perplexus
2263 5768 2315 5811 et
2341 5759 2502 5810 animi
2533 5758 2743 5821 dubius,
2778 5768 2851 5823 et,
2873 5767 2931 5812 ut
2957 5761 3173 5819 dicitur,
3211 5776 3273 5812 ea
3295 5776 3384 5831 ag-

1812 5852 2144 5921 grederetur,
2186 5868 2301 5920 qua:
2348 5868 2450 5905 non
2488 5858 2702 5917 possent
2743 5851 2875 5904 eliit‘i
2910 5869 2922 5899 τ
2962 5866 3271 5920 quanquam
3304 5868 3387 5906 er-
