4154 6490
1946 442 1996 498 Μ
2014 440 2227 498 ὶκῖίἱδ
2283 441 2313 499 J

2428 442 2516 499 UA
2534 443 2731 501 iiiUE).
3894 440 3947 496 ‘ié
3962 440 4010 496 -ῖ

2197 658 2422 715 CAPUT
2461 661 2548 716 la.

1396 867 1616 939 Ancyra:
1645 883 1827 922 rursus
1851 867 2068 920 tolerata
2090 875 2371 920 tormenta.
2398 863 2582 931 Pueri,
2607 865 2718 935 ejus
2747 863 2969 930 alumni,
3005 874 3284 935 martyres.

826 1055 954 1109 LtV.
993 1055 1128 1108 Cum
1155 1068 1282 1123 ergo
1308 1053 1422 1106 hate
1451 1067 1667 1120 quoque
1712 1054 1985 1108 didicisset
2015 1051 2317 1120 praefectus,

2497 1040 2620 1103 NA’.
2646 1047 2850 1103 Μαθὼν
2876 1049 3061 1102 τοίνυν
3085 1049 3178 1102 καὶ
3208 1048 3380 1102 ταῦτα
3411 1051 3437 1103 ὁ
3464 1050 3702 1122 ἔπαρχος
3728 1053 3824 1106 καὶ
3859 1055 4011 1126 αὐτῇ

753 1157 804 1199 et
839 1149 945 1215 ipsa
982 1145 1319 1215 cognovisset
1366 1147 1696 1213 experientia
1723 1188 1735 1208 ,
1763 1161 1821 1198 se
1867 1161 1969 1200 non
1997 1143 2153 1198 modo
2183 1143 2316 1196 nihil

753 1240 1015 1305 psoticere
1063 1239 1184 1289 dum
1219 1236 1431 1306 puniret
1462 1247 1742 1305 martyres,
1803 1237 1895 1288 sed
1943 1248 2090 1287 suam
2143 1235 2318 1302 potius

752 1328 945 1380 izrtlere
977 1327 1318 1396 religionem,
1348 1337 1404 1378 ιιι
1436 1329 1524 1394 qui
1571 1327 1765 1380 mullos
1814 1328 2021 1380 videret
2047 1341 2110 1379 ex
2141 1327 2318 1395 genti-

750 1420 908 1483 libus,
956 1420 1021 1474 iis
1071 1435 1189 1488 qua:
1239 1430 1431 1484 pra‘ter
1479 1418 1783 1486 οιιίιιίοιιυιιι
1820 1420 1887 1471 ab
1938 1418 2070 1486 ipsis
2122 1419 2319 1473 ﬁebant

752 1513 1048 1571 miraculis,
1086 1511 1416 1579 transfugere
1462 1512 1526 1562 ad
1561 1511 1811 1578 pietatem
1837 1527 1850 1575 ;
1879 1526 1982 1564 non
2017 1511 2178 1564 audet
2202 1513 2319 1579 qui-

751 1608 870 1660 ιιι-ιη
921 1607 1028 1672 ipse
1063 1604 1291 1671 ainplius
1338 1613 1612 1656 certamen
1655 1603 1950 1670 suscipere,
1998 1603 2090 1656 sed
2124 1603 2189 1655 de
2240 1604 2318 1658 eis

753 1699 816 1748 ad
851 1696 1233 1748 Maximianum
1271 1696 1435 1749 refert
1478 1695 1877 1761 imperatorem,
1936 1696 2024 1761 qui
2064 1693 2248 1762 procul
2289 1710 2316 1747 a

751 1788 1063 1841 Nicomedia
1104 1802 1224 1839 cum
1264 1795 1374 1839 toto
1416 1785 1728 1837 versabatur
1775 1784 2055 1842 exercitu:
2089 1800 2316 1853 cumque

753 1880 852 1930 alia
884 1877 1189 1946 singulatim
1233 1875 1529 1938 retulisset,
1559 1885 1615 1928 et
1662 1873 1800 1942 quod
1848 1875 1950 1928 orti
1989 1875 2200 1942 quidem
2233 1889 2317 1928 es-

754 1977 872 2020 kcut
901 1969 952 2020 in
985 1967 1197 2035 regione
1232 1963 1564 2024 Galatarum,
1593 1963 1760 2030 patria
1793 1975 1971 2016 autem
2003 1965 2314 2032 Ancyrano-

754 2082 909 2130 rum;
963 2079 1081 2116 cum
1137 2078 1229 2116 eas
1272 2061 1565 2129 accepisset
1589 2058 1974 2122 Maximianus,
2016 2067 2067 2111 et
2097 2059 2312 2128 legisset

751 2172 810 2208 ea
855 2170 974 2223 qua:
1004 2153 1435 2216 continebantur,
1480 2166 1601 2204 cum
1633 2162 1848 2204 veretur
1895 2165 2081 2204 rursus
2111 2150 2316 2205 exami-

753 2262 883 2298 nare
906 2284 918 2305 ,
952 2245 1052 2298 hoc
1095 2252 1352 2312 pra-textu
1393 2257 1502 2295 rem
1535 2240 1719 2293 volens
1759 2242 1979 2293 evitare.
2032 2240 2160 2294 Nam
2193 2257 2310 2294 eum

751 2353 844 2387 νος
889 2335 1113 2402 Ani-yra:
1151 2347 1272 2384 esse
1315 2339 1464 2384 ortos
1510 2329 1700 2382 litterae
1749 2329 2148 2398 signiﬁcarent,
2190 2331 2313 2384 illuc

2429 1137 2596 1208 πείρᾳ
2647 1139 2809 1206 γνοὺς
2856 1138 2931 1202 ὼς
2982 1140 3090 1208 ἀρα
3117 1139 3268 1192 οὐδὲν
3297 1139 3504 1207 ὀνίνησι
3553 1147 3678 1205 τοὺς
3711 1144 4012 1212 μάρτυρας

2427 1229 2854 1300 τιμωρούμενος,
2885 1231 2978 1282 κα)⁵
3007 1229 3187 1300 ἐαυτῷ
3212 1231 3412 1299 μᾶλλον
3434 1232 3527 1285 καὶ
3549 1236 3614 1302 τῇ
3641 1233 3838 1287 ἑαυτοῦ
3866 1235 3893 1285 θ
3903 1253 4012 1305 pq-

2431 1323 2586 1392 σκείᾳ
2637 1321 2975 1393 λυμαίνεται,
3041 1315 3130 1374 οἷα
3162 1321 3390 1386 πολλοὺς
3441 1324 3670 1376 καὶτῶν
3728 1326 4012 1396 Ἑλλήνων

2427 1415 2564 1484 ὁρῶν
2597 1417 2708 1478 τοῖς
2744 1413 3063 1483 παραδόξως
3083 1415 3430 1482 τελουμένοις
3461 1416 3551 1468 ὑπ’
3582 1417 3758 1469 αὐτῶν
3787 1416 3889 1470 θαύ
3897 1436 4013 1486 μα-

2430 1525 2511 1559 σιν
2549 1506 2985 1576 αὐτομολοῦντας
3019 1506 3156 1574 πρὸς
3206 1508 3305 1566 τὴν
3359 1508 3662 1572 εὐσέϐειαν,
3694 1509 3859 1571 αὐτὸς
3903 1511 4010 1579 μὲν

2424 1596 2522 1648 οὐκ
2547 1595 2624 1648 ἔτι
2658 1594 2843 1648 λοιπὸν
2875 1594 2966 1646 τὸν
2995 1593 3183 1661 ἀγῶνα
3228 1593 3442 1665 θαρρεῖ,
3468 1594 3799 1666 Μαξιμιανῷ
3831 1597 3887 1648 δὲ
3925 1597 4010 1662 τῷ

2429 1687 2646 1755 μεγάλῳ
2681 1685 2889 1756 βασιλεῖ
2917 1684 2984 1737 τά
3024 1685 3147 1737 κατ’
3182 1685 3380 1748 αὐτοὺς
3437 1687 3720 1756 ἀναφέρει,
3780 1693 4011 1757 μακράν

2425 1795 2526 1828 που
2556 1777 2923 1846 Νικομηδείας
2950 1775 3085 1845 ὁμοῦ
3111 1776 3188 1845 τῷ
3211 1775 3376 1830 παντὶ
3403 1778 3615 1848 στρατῷ
3644 1781 4009 1850 διατρίϐοντι·

2421 1868 2590 1920 τᾶλλα
2620 1884 2678 1918 τε
2715 1868 2853 1920 κατά
2887 1869 3055 1939 μέρος
3083 1868 3392 1934 διεξελθὼν,
3425 1870 3521 1921 καὶ
3551 1871 3630 1922 ὃτι
3675 1871 3858 1940 χώρας
3901 1873 4010 1942 μὲν

2420 1958 2521 2026 τῆς
2546 1959 2653 2009 τῶν
2688 1959 2960 2023 Γαλατῶν,
2995 1961 3255 2030 πατρίδος
3277 1962 3335 2013 δὲ
3367 1964 3468 2032 τῆς
3509 1961 3861 2032 ’Λγκυρανῶν
3887 1964 4011 2033 ὦρο

2425 2067 2643 2120 μηνται.
2695 2050 2996 2120 Δεξάμενος
3029 2049 3124 2106 οὖν
3154 2052 3224 2105 τὰ
3259 2055 3565 2124 γράμματα
3599 2055 3627 2106 ὁ
3655 2055 4008 2124 Μαξιμιανὸς

2423 2141 2516 2192 καὶ
2542 2141 2610 2192 τὰ
2633 2141 2926 2210 ἐγκείμενοι
2959 2142 3225 2207 ἐπελθὼν,
3261 2139 3416 2206 αὖθις
3440 2145 3592 2197 ὀκνεῖ
3609 2145 3708 2216 τὴν
3732 2146 4007 2213 ἐξέτασιν,

2422 2231 2590 2304 ταύτῃ
2643 2250 2723 2285 τοι
2782 2235 2874 2286 καὶ
2944 2235 3167 2305 ἀφορμῇ
3235 2235 3400 2289 πάλιν
3460 2237 3803 2308 εὖπροσώπῳ
3846 2257 4011 2310 περι-

2422 2326 2623 2377 στεῖλαι
2645 2325 2704 2377 τὸ
2734 2327 2968 2395 πρᾶγμα
2993 2326 3335 2396 βουλόμενος.
3379 2329 3531 2381 Ἐπεὶ
3551 2330 3644 2382 καὶ
3670 2330 3771 2398 τῆς
3796 2332 4010 2396 Ἀγκυ-

752 2435 970 2478 sanctos
1017 2424 1082 2477 ad
1138 2421 1421 2490 quemdam
1469 2425 1659 2474 ducem
1703 2421 2055 2482 transmittit.
2104 2423 2320 2477 nomine

2428 2415 2599 2484 ρανῶν
2634 2416 2925 2486 ὡρμῆσθαι
2947 2418 3144 2481 αὐτοὺς
3167 2418 3352 2490 ἐδήλου
3376 2420 3444 2472 τὰ
3475 2422 3801 2492 γράμματα,
3824 2425 4011 2475 ἐκεῖσε

751 2518 1047 2577 Curicium,
1081 2517 1266 2569 dicens
1302 2531 1315 2568 :
1352 2513 1588 2582 Equum
1623 2521 1726 2579 est,
1758 2525 1812 2567 ut
1845 2529 1964 2583 quae
1989 2515 2194 2584 genuit,
2227 2530 2319 2570 eos

753 2618 808 2662 tt
843 2611 1052 2672 habeat,
1087 2619 1137 2660 et
1169 2605 1308 2670 alat,
1345 2614 1399 2658 et
1434 2604 1637 2674 puniat.

824 2787 933 2838 LV.
980 2784 1213 2837 Tantum
1249 2782 1465 2835 solertia
1509 2789 1558 2834 et
1594 2779 1858 2850 sapientia
1901 2789 1955 2834 et
1979 2780 2320 2850 excogitandi

758 2876 1016 2930 laeilitate
1045 2875 1182 2927 valet
1219 2873 1309 2926 Dei
1355 2871 1692 2939 providentia
1719 2909 1733 2934 ,
1763 2880 1814 2922 et
1850 2870 1902 2923 in
1941 2873 2099 2926 rebus
2144 2872 2321 2927 dubiis

754 2967 956 3020 exitum
985 2975 1092 3017 tam
1134 2963 1290 3017 facile
1324 2963 1549 3027 invenit,
1585 2971 1638 3015 et
1677 2962 1948 3025 Clemens,
1979 2963 2068 3030 qui
2114 2971 2318 3016 tantum

757 3069 914 3111 terra:
953 3067 1006 3110 ct
1037 3056 1204 3109 maris
1235 3055 1462 3116 obierat,
1492 3062 1544 3108 et
1577 3053 1778 3108 tamdiu
1810 3055 1982 3107 fuerat
2010 3054 2322 3122 peregrina-

754 3159 861 3214 tus,
885 3151 934 3202 in
964 3148 1332 3201 charissimam
1355 3157 1406 3200 et
1430 3146 1897 3214 jucundissimam,
1919 3146 2060 3199 sicut
2078 3145 2317 3213 optabat,

753 3245 981 3309 patriam
1007 3243 1318 3295 revertitur.
1351 3240 1521 3305 Quam
1551 3255 1669 3294 cum
1701 3240 1824 3294 lazto
1862 3248 1915 3294 et
1944 3241 2109 3294 alacri
2144 3242 2322 3293 animo

756 3343 898 3386 esset
950 3333 1222 3402 ingressus
1261 3351 1274 3386 :
1315 3331 1498 3385 Gloria
1533 3331 1650 3396 tibi,
1691 3331 1916 3385 Domine
1947 3329 2074 3386 Jesu
2106 3332 2322 3387 Christe

760 3427 932 3486 Dens,
965 3424 1212 3488 dicebat,
1257 3424 1398 3490 quod
1435 3437 1584 3476 meas
1623 3437 1811 3490 preces
1846 3422 2186 3487 exaudieris,
2224 3437 2322 3491 pa-

750 3516 980 3582 trimqne
1029 3524 1081 3568 et
1130 3529 1368 3566 meorum
1423 3512 1683 3580 majorum
1745 3513 2004 3581 sepulcris
2063 3527 2148 3567 me
2197 3528 2318 3567 cum

753 3605 980 3673 pulchra
1015 3605 1314 3660 reddideris
1343 3605 1673 3668 accessione,
1700 3619 1822 3658 cum
1868 3604 2036 3669 socio,
2076 3605 2318 3673 inquam,

750 3697 1074 3750 certaminis
1117 3695 1486 3764 Agatliangelo
1535 3711 1548 3746 :
1585 3705 1644 3748 ut
1687 3696 1776 3748 ubi
1826 3704 1983 3748 natus
2011 3709 2126 3748 sum
2155 3735 2169 3758 ,
2216 3694 2321 3748 illic

758 3789 922 3840 etiam
955 3788 1233 3842 decedam.
1262 3787 1463 3841 Deinde
1522 3787 1588 3840 ad
1627 3785 1902 3839 (luricium
1947 3785 2322 3855 praesidentem

763 3879 813 3929 in
845 3880 1073 3945 quodam
1128 3877 1245 3932 loco
1271 3918 1284 3942 ,
1321 3877 1412 3946 qui
1452 3877 1742 3932 vocabatur
1789 3876 2052 3945 Cryptos,
2100 3876 2151 3928 id
2200 3883 2281 3929 est
2307 3915 2324 3942 ,

763 3967 856 4020 OCt
875 3966 1036 4029 ultus,
1076 3966 1163 4020 ubi
1192 3967 1351 4020 etiam
1385 3982 1551 4035 parva
1580 3967 1824 4035 quadam
1855 3965 2122 4020 aediﬁcata
2147 3964 2327 4020 fuerat

763 4056 994 4110 ecclesia
1017 4098 1029 4120 ,
1062 4058 1161 4110 viri
1207 4058 1478 4110 sistuntur
1511 4056 1736 4125 egregii.
1773 4055 1865 4110 Ille
1907 4063 2087 4110 autem
2118 4071 2326 4112 conans

753 4162 856 4200 eos
884 4148 1168 4210 inducere,
1201 4156 1253 4201 et
1283 4145 1350 4200 ad
1391 4162 1450 4201 se
1487 4147 1738 4216 pellicere
1770 4147 1968 4217 ingenii
2003 4149 2249 4202 acumine
2273 4159 2327 4202 et

759 4237 1020 4301 solertia,
1058 4252 1152 4291 eos
1179 4238 1250 4290 ita
1283 4248 1366 4292 est
1397 4239 1661 4292 allocutus
1691 4239 1872 4292 statim
1915 4238 1968 4291 in
2004 4239 2265 4307 principio
2308 4256 2322 4292 :

830 4327 965 4381 LVI.
1012 4329 1146 4382 Cum
1174 4338 1443 4392 accurate,
1479 4344 1512 4381 ο
1551 4329 1672 4392 viri,
1713 4328 1780 4382 de
1821 4329 1972 4384 vobis
2004 4329 2324 4393 didicerim,

763 4430 811 4475 et
841 4429 1102 4489 quantum
1133 4429 1290 4474 terra:
1319 4421 1582 4483 oliieritis,
1609 4431 1662 4475 et
1693 4431 1844 4490 quot,
1882 4430 1936 4476 et
1964 4430 2162 4488 quanta
2193 4422 2323 4475 sub-

759 4511 938 4564 ieritis
975 4510 1234 4580 pericula,
1258 4520 1312 4564 et
1341 4520 1470 4580 quot
1499 4513 1690 4566 mortis
1718 4527 1913 4580 genera
1937 4512 2091 4566 vobis
2120 4513 2323 4564 intenta

761 4599 1082 4669 ell'ugeritis,
1117 4601 1231 4667 ipse
1261 4616 1479 4670 quoque
1502 4602 1682 4654 animo
1705 4600 1928 4667 allicior,
1955 4612 2010 4655 et
2034 4601 2116 4654 Vel
2137 4617 2324 4655 eorum

755 4693 877 4746 sola
928 4693 1147 4761 frangor
1191 4693 1497 4760 auditione,
1545 4703 1599 4748 et
1639 4692 1845 4747 ellieior
1873 4695 2026 4748 VOltlS
2067 4696 2328 4761 quodam-

766 4786 924 4837 modo
955 4785 1133 4838 socius
1163 4783 1531 4837 calamitatum
1564 4801 1578 4836 ε
1621 4793 1675 4838 et
1716 4785 1834 4840 ideo
1861 4784 1948 4837 illa
1982 4786 2326 4852 magistratus

763 4874 1003 4940 deposita
1045 4874 1370 4936 severitate,
1403 4882 1509 4926 tam
1550 4873 1778 4943 benigne
1816 4874 2089 4928 vobiscum
2125 4884 2177 4928 ct
2214 4877 2326 4943 pla-

760 4964 880 5018 cide
930 4962 1225 5031 colloquor.
1261 4961 1473 5018 Videris
1507 4965 1648 5017 enim
1687 4965 1812 5018 mihi
1860 4965 2117 5028 omnino,
2147 4982 2178 5020 ο
2205 4966 2327 5020 Cle-

2424 2507 2546 2569 τοὺς
2583 2508 2770 2574 ἁγίους
2797 2510 2934 2579 πρὸς
2967 2511 3208 2580 ἡγεμόνα
3239 2511 3359 2563 τινὰ
3390 2513 3684 2583 Κουρίκιον
3709 2516 4012 2586 παραπέμ-

2425 2613 2516 2649 πει
2543 2596 2712 2660 οῦτως
2737 2599 2908 2653 εἰπών
2929 2615 2943 2629 ⁸
2972 2601 3082 2670 Τὴν
3103 2603 3518 2674 γεννησαμένην
3545 2603 3690 2674 ἔχειν
3718 2623 3776 2658 τε
3804 2608 4014 2672 αὐτοὺς

2425 2687 2518 2737 καί
2550 2686 2794 2756 τρέφειν,
2826 2689 2920 2741 καὶ
2954 2691 3314 2760 τιμωρεῖσθαι
3347 2692 3577 2746 δίκαιον.

2495 2777 2622 2830 NE’.
2657 2779 2844 2843 Οὕτως
2897 2781 3208 2851 εὐμήχανός
3263 2800 3323 2834 τε
3359 2787 3452 2836 καὶ
3509 2785 3644 2855 σοφὴ
3686 2789 3781 2840 καὶ
3807 2789 3866 2842 ὲν
3895 2792 4016 2852 τοῖς

2424 2869 2648 2939 ἀπόροις
2674 2869 2905 2941 εὔπορος
2929 2876 2962 2941 ὴ
2994 2872 3086 2924 τοῦ
3109 2872 3243 2926 Θεοῦ
3269 2876 3519 2945 πρόνοια,
3549 2879 3643 2930 καὶ
3670 2880 3698 2931 ὁ
3728 2881 4014 2951 τοσαύτην

2425 2957 2668 3010 ἐπελθὼν
2698 2959 2802 3028 γῆν
2831 2977 2890 3011 τε
2915 2962 3007 3012 καὶ
3046 2960 3322 3018 Θάλασσαν
3347 2966 3598 3036 Κλήμης,
3623 2970 3716 3021 καὶ
3741 2971 4018 3038 τηλικαύ-

2422 3064 2522 3117 της
2547 3050 2857 3118 ἀποδημίας
2885 3053 3254 3123 στειλάμενος,
3285 3058 3384 3122 τὴν
3427 3059 3586 3126 φίλην
3642 3061 3798 3125 αὖθις
3831 3065 4015 3116 καθά-

2425 3153 2532 3207 περ
2552 3136 2748 3208 ηὔχετο
2771 3141 2867 3191 καὶ
2887 3141 3112 3211 ἡδίστην
3135 3143 3507 3213 ἀπολαμΰάνει
3535 3149 3784 3218 πατρίδα.
3813 3146 3923 3215 'H;
3946 3153 4014 3222 δή

2426 3246 2527 3280 που
2569 3231 2662 3284 καὶ
2690 3232 2786 3284 σὺν
2812 3232 2972 3304 ἡδονῇ
2999 3233 3196 3298 ἐπιϐὰς
3223 3235 3323 3290 καὶ
3351 3237 3685 3308 φαιδρότητι,
3735 3242 3872 3309 Δόξα
3903 3261 4014 3311 σοι,

2425 3321 2600 3390 Κύριε
2648 3323 2825 3393 Ἰησοῦ
2883 3327 3090 3395 Χριστὲ
3121 3329 3149 3380 ὁ
3180 3327 3334 3392 Θεὸς,
3381 3330 3584 3398 ἔλεγεν,
3638 3334 3754 3386 ἀνθ’
3784 3329 3860 3388 ὧν
3903 3339 4015 3390 είσ-

2427 3415 2668 3483 ήκουσας
2698 3415 2798 3483 τῆς
2827 3418 3138 3486 προσευχῆς
3173 3435 3300 3488 μου,
3342 3421 3435 3472 καὶ
3472 3424 3536 3491 τῇ
3564 3438 3623 3474 τε
3655 3425 3876 3495 πατρίδι
3916 3428 4018 3481 καὶ

2423 3513 2539 3574 τοῖς
2561 3513 2905 3580 προγονικοῖς
2929 3529 2996 3581 με
3035 3513 3226 3580 τάφοις
3276 3517 3415 3583 μετὰ
3437 3516 3608 3584 καλῆς
3637 3518 3735 3587 τῆς
3761 3523 4016 3594 προσθή-

2424 3618 2527 3670 κης
2556 3602 2650 3654 τοῦ
2686 3601 2969 3668 συνάθλου,
3018 3605 3181 3674 φημὶ,
3221 3607 3627 3675 Ἀγαθαγγέλου
3687 3612 4012 3680 ἀπέδωκας,

2428 3692 2492 3744 ἶν’
2519 3693 2652 3745 ὅπου
2681 3693 2780 3763 τὴν
2822 3695 3080 3766 γέννησιν
3113 3696 3291 3766 ἔσχον,
3336 3698 3432 3750 καὶ
3457 3701 3554 3769 τὴν
3604 3703 3863 3773 τελευτὴν
3894 3709 4018 3761 ἐκεῖ

2431 3781 2688 3851 δέξωμαι.
2726 3779 2857 3835 Εἶτα
2891 3783 3287 3852 προκαθίσαντι
3340 3786 3418 3855 τῷ
3453 3789 3726 3860 Κουρικίῳ
3778 3797 3837 3846 ἐν
3858 3797 4017 3866 τόπῳ

2431 3873 2539 3926 τινὶ
2563 3873 2621 3936 ὃς
2641 3873 2886 3926 ἐκαλεῖτο
2915 3875 3192 3944 Κρυπτὸς,
3220 3875 3351 3930 ἔνθα
3373 3895 3456 3940 τις
3478 3883 3571 3932 καὶ
3603 3884 3774 3952 μικρὰ
3803 3884 4016 3954 (broad-

2437 3980 2576 4032 μητο
2633 3965 2921 4035 ἐκκλησία,
2960 3967 3010 4018 οἱ
3059 3969 3295 4033 γενναῖοι
3356 3971 3741 4038 παρίστανται.
3802 3977 3901 4038 Ὃς
3957 3979 4018 4032 δὲ

2433 4055 2807 4122 ἐπαγαγέσθαι
2845 4055 3040 4118 αὐτοὺς
3067 4057 3162 4109 καὶ
3191 4058 3494 4128 ὑποκλέψαι
3534 4065 3821 4136 περιουσίᾳ
3848 4067 4018 4135 δῆθεν

2432 4144 2710 4212 ἀγχινοίας
2737 4145 3095 4216 πειρώμενος,
3119 4147 3345 4200 τοιαῦτα
3367 4151 3425 4202 ἐν
3446 4155 3747 4222 προοιμίοις
3769 4157 3851 4210 ἔτι
3872 4159 4018 4228 πρὸς

2433 4236 2630 4296 αὐτοὺς
2650 4235 2939 4303 διελέγετοο

2503 4325 2644 4393 Νςςθ.
2683 4326 2886 4381 Μαθὼν
2916 4329 3180 4398 ἀκριϐῶς,
3210 4323 3256 4383 ὧ
3287 4331 3495 4400 ἄνδρες,
3554 4335 3622 4387 τὰ
3674 4337 3796 4390 καθ’
3844 4338 4015 4407 ὑμᾶς,

2432 4419 2563 4487 ὅσην
2590 4434 2650 4470 τε
2673 4418 2994 4488 περιήλθετε
3031 4422 3157 4492 γῆν,
3185 4424 3342 4486 ὅσους
3373 4443 3430 4477 τε
3463 4427 3789 4496 ὑπεμείνατε
3824 4431 4017 4485 κινδύο

2433 4525 2576 4573 νους,
2607 4509 2702 4560 καὶ
2731 4508 2928 4578 ἡλίκας
2950 4510 3198 4565 θανάτων
3223 4515 3517 4582 ἐπαγωγὰς
3564 4518 3878 4586 διεφύγετε,
3912 4522 4017 4574 πά-

2436 4617 2546 4669 σχω
2576 4601 2669 4653 καὶ
2710 4601 2874 4665 αὐτὸς
2922 4601 3020 4673 τὴν
3066 4604 3268 4674 ψυχὴν,
3327 4607 3589 4678 καὶπρὸς
3618 4612 3788 4680 αὐτὴν
3842 4614 4016 4682 μόνην

2435 4692 2794 4762 κατακλῶμαι
2822 4693 2920 4762 τὴν
2951 4695 3140 4764 ἀκοὴν,
3165 4698 3258 4749 καὶ
3278 4700 3440 4750 οἱονεὶ
3464 4703 3716 4764 κοινωνὸς
3751 4704 3887 4773 ὑμῖν
3908 4707 4014 4758 τῶν

2435 4783 2728 4854 συμφορῶν
2767 4785 2990 4854 γίνομαι
3008 4801 3023 4816 ο
3054 4786 3142 4840 διὰ
3161 4787 3318 4840 τοῦτο
3343 4790 3439 4842 καὶ
3468 4793 3788 4860 ἀρχοντικδν
3831 4798 4015 4851 πάντα

2431 4875 2594 4940 ὄγκον
2643 4875 2932 4929 ἀποϐαλὼν
2982 4877 3153 4941 οὕτως
3185 4880 3361 4948 ἠπίως
3423 4882 3551 4950 ὑμῖν
3594 4888 3687 4936 καὶ
3720 4891 4016 4956 προσηνῶς

2431 4966 2766 5034 διαλέγομαι.
2794 4969 2979 5025 Δοκεϊς
3003 4985 3094 5036 μοι
3117 4969 3226 5038 γάρ
3256 4972 3496 5035 πάντως,
3514 4967 3560 5025 ὦ
3587 4974 4015 5044 θαυμασιώτατε

757 5069 913 5107 mens
941 5054 1172 5106 maxime
1197 5064 1248 5106 et
1274 5053 1626 5115 admirabilis,
1658 5068 1722 5108 eo
1744 5054 1884 5123 quod
1937 5070 2003 5109 ex
2051 5056 2152 5110 hac
2191 5074 2320 5123 prte-

2434 5055 2654 5125 Κλήμη,
2689 5056 2766 5125 τῷ
2795 5056 2893 5126 τῆς
2919 5058 3148 5128 ἀρίστης
3193 5062 3397 5130 ταύτης
3425 5063 3586 5130 φῦναι
3613 5067 3842 5132 πόλεως,
3882 5089 4016 5139 τραο

763 5145 1101 5197 stantissima
1133 5153 1286 5198 natus
1325 5146 1399 5198 sis
1427 5146 1676 5207 civitate,
1714 5146 1764 5198 in
1799 5161 1969 5214 eaque
1996 5148 2230 5200 creveris
2267 5155 2322 5200 et

760 5235 952 5286 doctus
981 5233 1058 5284 sis
1101 5243 1156 5286 et
1201 5232 1464 5286 caueatus
1487 5273 1501 5296 ,
1530 5248 1592 5287 ea
1624 5234 1689 5288 de
1721 5249 1884 5288 causa
1938 5250 2005 5288 ne
2037 5236 2154 5299 pius
2197 5237 2320 5304 qui-

761 5325 880 5379 dem
922 5323 976 5376 in
1012 5322 1140 5375 deos
1171 5324 1219 5376 in
1269 5324 1371 5375 alia
1423 5324 1588 5377 videri
1639 5323 1872 5378 voluisse
1923 5325 2178 5391 civitate,
2214 5325 2318 5378 nisi

756 5417 911 5486 prius
937 5416 991 5470 in
1029 5425 1172 5468 tuam
1205 5416 1456 5470 rediisses
1487 5416 1713 5484 patriam
1741 5455 1754 5479 ,
1791 5432 1886 5485 pro
1923 5417 2048 5483 alia,
2088 5428 2144 5470 ut
2176 5418 2324 5470 vide-

765 5518 872 5571 tur,
927 5509 1360 5561 rctrtmcratione
1407 5508 1508 5562 hoc
1556 5507 1628 5561 illi
1672 5522 1978 5563 reservans.
2029 5509 2162 5562 Sunt
2200 5524 2327 5571 ergo

766 5613 910 5651 nunc
949 5614 975 5648 a
1029 5613 1077 5651 te
1121 5597 1324 5652 civitati
1356 5608 1410 5651 et
1445 5600 1599 5651 nobis
1629 5600 1846 5668 agendae
1879 5603 2083 5668 gratiae.
2126 5601 2200 5654 Te
2232 5617 2327 5653 att-

769 5701 876 5745 tem
910 5700 1271 5757 consequatur
1324 5690 1614 5757 ριέιιςιιιτιιδ
1657 5678 1868 5758 duoque
1910 5693 2325 5758 Agathaugelus.

772 5783 944 5837 Nolite
996 5798 1123 5850 ergo
1153 5783 1386 5848 differre,
1431 5786 1658 5838 SCtl'tllls‘
1704 5787 1768 5838 tle
1809 5799 1956 5837 more
2002 5786 2325 5838 sacritit'ate.

764 5878 950 5932 1‘iancti
988 5895 1113 5932 vero
1149 5896 1159 5932 ι
1199 5879 1501 5945 ίηξιιοιιιοάιιΔ
1540 5877 1809 5943 dixerunt,
1865 5877 2027 5931 luetis
2065 5877 2212 5931 nobis
2245 5892 2331 5931 so-

2431 5148 2594 5215 φῆναί
2629 5165 2687 5200 τε
2716 5150 2775 5201 ὲν
2801 5151 2959 5220 αὐτῇ,
2995 5153 3089 5204 καὶ
3138 5152 3439 5222 αὐξηθῆναι
3490 5160 3582 5210 καὶ
3627 5160 4016 5232 παιδευθῆναι,

2427 5240 2616 5292 τούτου
2641 5240 2795 5310 χάριν
2830 5242 2961 5312 μηδὲ
2995 5243 3220 5313 θελῆσαι
3254 5247 3400 5311 ὅσιος
3433 5248 3502 5301 τὰ
3547 5253 3676 5321 περὶ
3703 5253 3830 5315 τοὺς
3858 5255 4019 5317 θεοὺς

2432 5334 2487 5382 ἐν
2521 5332 2683 5402 ἑτέρα
2749 5335 3093 5402 ἀναφανῆναι
3125 5339 3216 5404 γῇ,
3273 5339 3320 5388 εἰ
3381 5341 3455 5408 μὴ
3495 5342 3603 5409 ἄρα
3642 5343 3743 5410 τῆς
3799 5347 4020 5410 οἰκείας

2429 5423 2622 5492 ἐπιϐῇς
2654 5425 2836 5492 πάλιν,
2866 5425 2979 5479 ἀντ’
3019 5427 3206 5494 ἄλλης,
3236 5429 3310 5490 ὡς
3333 5430 3530 5500 ἔοικεν,
3565 5435 3820 5504 ἀμοιεῆς.
3856 5439 4021 5493 τοῦτο

2431 5516 2496 5582 τῇ
2528 5515 2743 5582 πατρίδι
2772 5518 3184 5584 ταμιευόμενος.
3223 5521 3364 5589 Ὥρα
3411 5523 3540 5589 γοῦν
3569 5542 3649 5576 σοι
3679 5529 3920 5596 χάριτας
3955 5536 4017 5599 τῆ

2432 5622 2490 5656 τε
2528 5606 2677 5657 πόλει
2703 5607 2799 5660 καὶ
2826 5609 2956 5676 ἡμῖν
2982 5609 3296 5664 ἀποδοῦναι.
3325 5615 3644 5668 Συνεπέσθω
3669 5619 3723 5669 δέ
3757 5617 3839 5670 σοι
3866 5625 3963 5674 καὶ
3996 5627 4019 5674 δ

2435 5697 2600 5758 καλὸς
2647 5697 3074 5766 ’.ἄγἀθάγγελος·
3117 5703 3190 5772 μὴ
3220 5700 3314 5756 οὖν
3369 5706 3612 5773 μέλλετε,
3670 5709 3803 5762 ἀλλὰ
3859 5713 4018 5767 θὲετε

2440 5787 2581 5847 θεοῖς
2629 5790 2696 5840 τὰ
2747 5791 3122 5859 νενομισμένα.
3186 5795 3247 5844 Οἱ
3281 5794 3337 5846 δὲ
3388 5797 3552 5864 ἅγιοι,
3609 5799 3732 5861 Πῶς
3766 5801 3823 5852 6‘;
3890 5807 4022 5872 ἦμῖι

3764 5888 3787 5904 τ

2442 5881 2694 5944 rumve;
2742 5881 2822 5944 ὃν,
2883 5879 3052 5942 εἶπαι,
3099 5885 3204 5936 τῶν
3238 5886 3470 5940 “illam;
3502 5890 3559 5940 vi
3597 5907 3696 5944 '1'.
3733 5888 3809 5945 ετξ
3855 5897 3944 5936 r'--"
3989 5901 4019 5930 4'-
