4154 6490
756 451 866 513 803

1992 453 2273 513 MENSIS
2301 452 2756 512 JANUARlUS.

3894 442 4021 509 εει

759 581 889 634 pore
920 562 1272 616 lli-certaverit
1293 603 1307 626 ,
1346 571 1399 616 et
1427 562 1675 631 quisnam
1698 560 1800 623 sit,
1837 560 1927 629 qui
1962 576 2082 615 cum
2117 575 2183 614 eo
2215 560 2316 615 sub

2428 560 2723 628 ὓπομείνοι,
2784 559 2929 620 ὅπως
2963 574 3021 610 τε
3077 556 3167 612 τὸν
3217 556 3466 610 τοσοῦτον
3496 555 3745 627 ἀθλήσειε
3779 557 4021 627 χρόνον,

760 657 861 709 hoc
884 655 1014 707 duce
1044 651 1423 713 decertaverit,
1455 660 1507 705 et
1541 666 1661 704 cmn
1707 665 1770 705 eo
1809 666 1996 705 rursus
2029 661 2111 705 est
2148 650 2321 704 inclu-

758 761 885 810 sus,
931 743 1140 813 singula
1192 752 1377 813 aperte
1426 743 1796 813 interrogavit.
1851 741 2142 812 Postquam
2193 758 2323 797 vero

757 851 984 907 magnus
1033 834 1283 890 Clemens
1334 834 1640 903 singulatim
1684 834 1860 887 omnia
1887 876 1902 898 ,
1947 833 2218 903 quomodo
2265 848 2323 888 se

757 929 1051 993 haberent,
1086 929 1362 995 exposuit,
1402 941 1521 980 cum
1575 938 1762 978 eorum
1815 925 2159 980 abstersisset
2194 939 2321 979 san-

757 1022 1003 1089 guinem,
1034 1030 1087 1074 et
1123 1019 1335 1074 mundis
1372 1019 1553 1073 linteis
1584 1020 1892 1071 mundasset
1940 1016 2160 1071 vulnera
2183 1057 2199 1081 ,
2242 1016 2322 1071 eis

758 1097 976 1181 apponit
1004 1110 1279 1173 alimenta,
1310 1111 1507 1179 quibus
1539 1111 1741 1165 sciebat
1764 1110 2093 1165 Clementem
2127 1110 2318 1164 nutriri

758 1210 825 1263 ab
859 1208 1073 1261 ineunte
1108 1214 1284 1259 mtate.

826 1316 962 1372 le.
1000 1316 1135 1370 Cum
1169 1314 1384 1370 interim
1414 1322 1593 1368 autem
1616 1312 2013 1367 considerasset
2050 1311 2319 1381 Curicius,

756 1412 897 1480 quod
955 1408 1095 1462 nihil
1147 1409 1214 1460 ab
1255 1420 1317 1459 eo
1374 1413 1555 1472 posset
1592 1404 1854 1473 ejusmodi
1906 1403 2200 1474 excogitari
2254 1406 2322 1458 ad

755 1500 1103 1567 supplicium,
1153 1498 1210 1549 ut
1249 1497 1487 1549 virorum
1537 1507 1738 1548 tantam
1770 1503 2048 1564 superaret
2090 1495 2323 1548 toleran-

756 1595 918 1652 tiam,
950 1589 1154 1643 vicario
1181 1589 1413 1652 cuidam,
1445 1588 1529 1641 cui
1587 1597 1712 1641 t-znc
1763 1587 2152 1640 Amesenorum
2195 1586 2319 1640 data

754 1695 871 1738 erat
906 1684 1304 1738 administratio
1332 1683 1487 1752 (erat
1515 1691 1693 1737 autem
1728 1680 1774 1734 ei
1807 1694 2000 1734 nomen
2024 1679 2318 1749 Domitius)

756 1777 823 1830 de
849 1776 927 1829 eis
957 1773 1178 1828 mandat
1199 1773 1582 1839 cognitionem.
1607 1770 1741 1826 Cum
1765 1786 1890 1825 vero
1914 1771 1978 1826 ad
2007 1787 2126 1825 eum
2151 1771 2317 1825 dedu-

2422 651 2516 704 καὶ
2557 652 2640 715 τίς
2698 651 2726 702 ὁ
2756 650 2850 703 καὶ
2885 647 3223 719 συναθλήσας
3286 648 3379 701 ἐπὶ
3415 646 3510 701 τοῦ
3544 645 3813 716 ἡγεμόνος
3847 646 4022 715 αὐτῷ

2423 745 2517 797 καὶ
2546 744 2661 815 μετ’
2685 741 2849 797 αὑτοῦ
2878 742 3040 797 πάλιν
3073 740 3549 809 ὲγκεκλεισμένος,
3577 740 3782 791 ἕκαστα
3810 740 4024 809 σαφῶς

2422 832 2698 903 ἀνηρώτα.
2743 833 2893 886 Ἐπεὶ
2921 832 2977 885 δὲ
2999 832 3027 885 ό
3056 831 3228 900 μέγας
3261 832 3493 898 Κλήμης
3512 830 3657 893 ὅπως
3681 826 3793 898 εἶχε
3820 832 4020 882 πάντα

2421 923 2565 978 κατά
2594 923 2753 991 μέρος
2786 921 3137 990 ἀπήγγειλεν,
3175 921 3507 988 ἀποψήσασα
3528 919 3734 972 τούτων
3752 919 3813 971 τὸ
3835 914 4017 987 αἷμα,

2423 1015 2514 1068 καὶ
2544 1013 2810 1084 καθαραῖς
2839 1013 2909 1066 τὰ
2940 1009 3231 1081 τραύματα
3260 1011 3492 1064 σινδόσιν
3529 1009 3843 1078 ἐκμάξασα,
3873 1026 4021 1079 τρο-

2422 1106 2528 1174 φὰς
2552 1108 2733 1168 αὐτοῖς
2762 1103 3125 1175 παρατίθησιν
3155 1098 3243 1167 αίς
3275 1104 3341 1157 ὲκ
3366 1102 3557 1166 παιδὸς
3580 1104 3671 1156 τὸν
3702 1103 4022 1173 Κλήμεντα

2421 1195 2537 1266 ⁴ᾔδει
2561 1194 2915 1265 τρεφόμενον.

2491 1296 2617 1355 ΝΘ¹,
2670 1299 2757 1351 Ἐν
2783 1297 2956 1369 τούτῳ
3014 1297 3072 1350 δὲ
3131 1297 3468 1368 σκεψάμενος
3507 1300 3536 1350 ό
3572 1297 3892 1368 Κουρίκιος,
3930 1297 4021 1362 ὡς

2422 1394 2529 1463 ἀρα
2558 1393 2712 1447 οὐδὲν
2762 1393 2912 1464 αὐτῷ
2944 1392 3264 1463 τηλικοῦτον
3299 1394 3616 1463 ἐπινοηθείη
3649 1394 3788 1463 πρὸς
3822 1411 4017 1465 τιμω-

2425 1484 2566 1553 ρίαν,
2587 1482 2727 1536 ὥστε
2750 1485 3044 1556 καρτερίας
3067 1484 3275 1555 ἀνδρῶν
3297 1485 3567 1556 τοσαύτης
3591 1486 4017 1556 περιγενέσθαι,

2423 1572 2654 1642 βικαρίῳ
2683 1574 2793 1627 τινὶ
2836 1576 2935 1647 τὴν
2997 1575 3308 1647 Ἀμισηνῶν
3354 1577 3533 1648 ἀρχὴν
3583 1578 3646 1631 τὸ
3700 1577 4020 1647 τηνικαῦτα

2419 1663 2656 1718 διέποντι
2683 1666 2960 1736 (Δομέτιος
2987 1667 3136 1739 αὐτῷ
3156 1668 3346 1739 ὄνομα)
3388 1670 3458 1722 τά
3503 1669 3644 1724 κατά
3663 1669 3790 1731 τοὺς
3813 1669 4019 1736 ἀγίους

2420 1755 2757 1825 ἀνατίθησιν.
2797 1757 3111 1829 Ἀγομὲνοις
3133 1758 3191 1812 δὲ
3223 1762 3337 1821 τοῖς
3369 1759 3607 1831 μάρτυσι
3638 1761 3776 1830 πρὸς
3809 1760 4011 1824 αὐτὸν,

1776 1818 1887 1825 --.ν
1914 1818 1978 1826 __

755 1876 1009 1922 cereutur
1036 1876 1298 1934 martyres
1318 1904 1333 1926 ,
1365 1880 1483 1935 qua!
1518 1864 1745 1917 ﬁliorum
1780 1872 1871 1917 aut
1902 1872 2194 1934 martyrum
2225 1878 2323 1933 po-

2428 1846 2456 1915 ἡ
2488 1818 2762 1914 φιλόπαις,
2787 1848 2820 1918 ή
2853 1818 3188 1919 (ριλόμαρτυς
3229 1818 3427 1920 μᾶλλον
3450 1818 3550 1904 οὐκ
3576 1818 3734 1920 ἔσχεν
3755 1818 4018 1902 -ἀπολειέ

753 1961 860 2014 tius
892 1971 1076 2011 amore
1108 1957 1410 2019 tenebatur,
1445 1955 1512 2009 ab
1541 1956 1618 2010 eis
1648 1957 1837 2010 abesse
1867 1972 1969 2008 non
2001 1956 2193 2021 potuit,
2228 1954 2319 2009 sed

756 2060 1009 2118 prompto
1046 2055 1099 2102 et
1149 2046 1312 2101 alacri
1351 2047 1527 2101 animo
1572 2048 1899 2115 sequebatur
1952 2062 2073 2100 cum
2108 2048 2175 2102 iis
2231 2049 2321 2115 qui

755 2140 823 2194 ab
868 2153 929 2193 ea
982 2137 1286 2199 alebantur,
1341 2137 1560 2205 pueris;
1596 2151 1732 2206 quos
1782 2136 2020 2206 quidem,
2072 2146 2128 2189 ut
2174 2138 2324 2207 prius

755 2227 991 2280 diximus
1011 2267 1026 2292 ,
1065 2227 1111 2278 ci
1143 2225 1393 2279 Clemens
1422 2224 1710 2279 asciverat.

826 2335 938 2389 LX.
968 2335 1103 2388 Cum
1136 2342 1313 2386 autem
1340 2331 1404 2387 ad
1437 2330 1819 2386 Maximianum
1849 2333 2032 2387 statim
2066 2341 2209 2389 esset
2234 2348 2324 2389 re-

754 2426 917 2479 latum
953 2424 1016 2478 de
1043 2422 1224 2492 pueris
1245 2460 1261 2484 ,
1288 2420 1443 2490 jubet
1468 2429 1554 2486 ut,
1594 2420 1640 2475 si
1673 2420 1939 2473 voluerint
1970 2421 2185 2490 quidem
2217 2421 2326 2475 dis-

753 2513 944 2567 cedere
980 2526 1008 2564 a
1061 2510 1332 2565 Clemente
1356 2547 1371 2571 ,
1404 2510 1484 2563 eis
1515 2508 1792 2576 permittat
1824 2511 2039 2563 (tornum
2092 2510 2271 2565 redire
2308 2528 2321 2563 :

754 2603 838 2658 sin
896 2617 1026 2656 vero
1057 2602 1124 2655 ah
1172 2616 1239 2655 eo
1264 2614 1370 2654 non
1427 2598 1583 2653 facile
1619 2601 1905 2665 recedant,
1949 2607 2005 2652 ut
2034 2613 2128 2651 eos
2162 2598 2322 2652 morti

750 2695 933 2751 dedat.
966 2694 1098 2750 Cum
1132 2693 1244 2747 haec
1272 2706 1400 2761 ergo
1424 2691 1477 2744 in
1505 2704 1694 2760 pueros
1722 2691 1829 2744 lata
1855 2698 2002 2745 esset
2032 2692 2321 2757 sententia,

758 2801 851 2841 eos
907 2784 1378 2854 apprehendentes
1430 2780 1658 2848 milites,
1712 2782 2048 2834 conabantur
2097 2795 2190 2834 eos
2230 2795 2327 2850 per

759 2882 868 2934 vim
905 2878 1136 2933 avellere
1169 2892 1199 2931 a
1228 2884 1484 2945 martyre.
1518 2872 1652 2928 Cum
1684 2870 1751 2925 ab
1779 2886 1843 2926 eo
1878 2882 2056 2925 autem
2093 2872 2323 2941 disjungi

753 2988 862 3026 non
895 2970 1258 3034 sustinerent,
1301 2966 1450 3035 ipsos
1482 2979 1541 3020 se
1576 2963 1727 3018 humi
1769 2961 2105 3030 dejicientos,
2125 2973 2178 3016 et
2207 2977 2327 3016 am-

755 3066 923 3120 babus
953 3062 1205 3116 manibus
1233 3060 1396 3130 pedes
1417 3058 1561 3111 illius
1591 3057 2015 3125 amplectentes,
2042 3071 2146 3108 non
2176 3058 2325 3125 prius

2423 1936 2621 2006 φθῆναι
2676 1938 2863 2006 Σοφία,
2894 1937 3028 1992 ἀλλὰ
3083 1939 3380 2010 προθύμως
3413 1940 3552 2012 μετά
3580 1942 3690 1994 τῶν
3737 1940 3832 1995 ὑπ’
3866 1941 4015 2011 αὐτῇ

2420 2026 2767 2096 τρεφομένων
2788 2028 3072 2095 ἠκολούθει
3101 2029 3352 2093 παιδίων,
3378 2031 3520 2102 ἅπερ
3546 2031 3683 2101 αὐτῇ
3716 2030 4015 2101 πρότερον,

2421 2117 2495 2182 ὡς
2520 2116 2764 2188 έφθημεν
2787 2119 3050 2185 εἰπόντες,
3078 2122 3106 2174 ὁ
3142 2120 3373 2192 Κλήμης
3407 2123 3818 2193 εἰσεποιήσατο.

2498 2304 2576 2365 ε’.
2622 2310 2931 2381 Ἀνενεχθὲν
2954 2311 3009 2366 δὲ
3035 2312 3285 2384 περὶτῶν
3312 2316 3521 2370 παίδων
3549 2317 3710 2381 εὐθὺς
3730 2319 4020 2390 Μαξιμια-

2423 2401 2521 2471 νῷ,
2564 2402 2776 2456 κελεύει
2800 2404 2940 2458 ὥστε
2966 2407 3014 2458 εί
3053 2407 3151 2477 μὲν
3184 2407 3521 2479 ἀποσχέσθαι
3541 2410 3862 2481 Κλήμεντος
3888 2412 4019 2466 £0:-

2422 2494 2665 2563 λήσειαν,
2695 2490 3049 2567 παραχωρεῖν
3080 2498 3281 2563 αὐτοὺς
3327 2501 3509 2554 οἴκαδε
3532 2502 3927 2574 ἀναστρέφειν,
3963 2506 4018 2557 εἰ

2424 2585 2477 2639 δὲ
2502 2587 2694 2640 τούτου
2728 2588 2803 2657 μὴ
2829 2575 3068 2658 εύχερῶς
3099 2588 3444 2661 ἀπόσχοιντο,
3476 2592 3691 2665 θανάτῳ
3715 2595 4024 2665 παραδιδόο

2424 2695 2532 2732 ναι.
2567 2677 2787 2746 Ταύτης
2812 2680 3103 2750 τοιγαροῦν
3132 2681 3274 2735 κατὰ
3304 2682 3414 2736 τῶν
3450 2684 3658 2738 παίδων
3690 2687 3788 2755 τῆς
3819 2686 4020 2756 ψήφου

2424 2769 2694 2841 δοθείσης,
2748 2772 3043 2843 ἁπτόμενοι
3087 2774 3293 2829 τούτων
3321 2777 3371 2830 oi
3425 2778 3773 2849 στρατιῶται,
3819 2779 4026 2847 βιαίως

2426 2864 2681 2935 ἀποσπᾷν
2711 2864 2852 2918 αὐτὰ
2907 2864 3001 2918 τοῦ
3037 2868 3313 2939 μάρτυρος
3345 2871 3648 2939 ἐπειρῶντο
3668 2889 3682 2901 ·
3724 2872 3793 2923 τὰ
3822 2872 3880 2925 δὲ
3914 2875 4028 2944 οὐχ

2428 2952 2771 3021 ὑπομένοντα
2821 2954 2919 3026 τὴν
2956 2956 3251 3024 διάζευξιν,
3305 2959 3561 3029 ρίπτοντα
3614 2961 3783 3013 ἑαυτὰ
3808 2964 4024 3032 χαμαὶ,

2428 3047 2520 3098 καὶ
2549 3040 2750 3122 χερσίν⁵
2786 3048 3126 3120 ἀμφοτέραις
3187 3049 3314 3111 τοὺς
3365 3051 3574 3105 ἐκείνου
3612 3053 4028 3123 περιϐάλλοντα

755 3154 1114 3214 dimiserunt,
1163 3165 1324 3218 quam
1376 3148 1747 3217 unusquisque
1791 3160 1980 3200 eorum
2022 3160 2151 3201 ense
2201 3148 2322 3200 vita:

2436 3136 2599 3200 πόδας
2646 3138 2708 3190 οὐ
2756 3139 3023 3210 πρότερον
3068 3141 3326 3210 μεθίεσαν
3373 3143 3480 3208 ἓως
3512 3144 3609 3213 τὴν
3669 3145 3757 3199 διὰ
3820 3146 4029 3214 ξίφους

758 3248 914 3299 linem
968 3243 1275 3311 acceperit,
1330 3254 1454 3294 cum
1508 3237 1870 3293 constantiam
1900 3246 1954 3290 et
1983 3236 2324 3303 prudentiam

756 3348 918 3405 supra
951 3342 1160 3389 multem
1189 3332 1575 3395 ostendissent,
1603 3338 1656 3384 et
1690 3338 1871 3398 aperte
1905 3339 2319 3393 monstrassent,

762 3428 1062 3496 perfectum
1099 3426 1204 3481 hoc
1230 3427 1425 3479 donum
1464 3421 1813 3477 descendisse
1848 3421 2079 3489 desuper
2113 3435 2139 3473 a
2172 3419 2330 3476 Patre

761 3522 1045 3584 luminum,
1069 3519 1192 3572 boni
1223 3515 1388 3570 animi
1423 3523 1477 3568 et
1505 3513 1735 3569 instituti
1765 3511 2326 3567 muniﬁcentissimam

756 3613 1279 3667 "remunerationem.
1326 3609 1502 3677 Atque
1544 3608 1695 3661 locus
1725 3605 1963 3675 quidem,
2006 3606 2089 3659 cui
2137 3618 2332 3675 puero-

766 3720 881 3757 rum
907 3716 1131 3773 corpora
1156 3708 1300 3754 sorte
1324 3697 1658 3770 obtigerunt,
1685 3696 2059 3767 appellabatur
2078 3694 2327 3764 Campus.

762 3793 857 3847 Fia
893 3800 1069 3846 autem
1124 3789 1323 3858 Sophia
1350 3828 1365 3853 ,
1398 3798 1613 3857 propter
1658 3802 1924 3842 summam
1954 3801 2107 3842 suam
2150 3785 2202 3839 in
2235 3799 2331 3839 eos

764 3881 1233 3946 benevolentiam,
1279 3878 1501 3947 gerebat
1549 3878 1713 3933 etiam
1760 3890 1944 3930 curam
1995 3881 2330 3930 mortuorum

764 3988 1082 4038 corporum,
1133 3986 1233 4025 nec
1266 3985 1326 4024 se
1358 3971 1575 4039 dignum
1623 3982 1744 4023 esse
1776 3966 2119 4021 existimabat
2142 4003 2158 4031 ,
2192 3966 2236 4020 si
2268 3978 2329 4019 ea

768 4062 914 4114 humi
971 4060 1178 4114 videret
1222 4060 1503 4130 jacentis;
1564 4060 1657 4115 sed
1716 4058 1798 4112 vel
1852 4057 2017 4113 invita
2072 4072 2101 4111 a
2142 4071 2334 4125 magno

767 4148 1046 4205 Clemente
1075 4149 1340 4217 disjuncta
1374 4158 1454 4202 est
1480 4157 1534 4202 et
1566 4148 1749 4201 divino
1787 4146 2180 4217 Agathaugelo,
2211 4160 2333 4199 cum

765 4240 846 4295 eis
894 4241 1042 4309 prius
1075 4240 1193 4293 vale
1241 4239 1497 4305 fecisset,
1549 4248 1604 4292 et
1647 4239 1872 4292 dixisset
1921 4236 2065 4305 quod
2095 4236 2141 4291 si
2196 4236 2335 4289 Deus

768 4333 944 4397 daret,
980 4333 1045 4385 ad
1078 4346 1172 4385 eos
1203 4346 1386 4385 rursus
1418 4331 1639 4386 rediret.
1688 4328 2051 4397 Quamobrem
2090 4342 2211 4382 cum
2247 4326 2335 4381 illa

767 4440 1056 4495 puerorum
1107 4440 1332 4496 corpora
1385 4428 1635 4483 manibus
1685 4429 1887 4483 sanctis
1942 4436 2130 4483 sancte
2172 4427 2335 4483 humo

770 4518 1012 4584 texisset,
1046 4517 1134 4572 illa
1166 4518 1384 4587 quidem
1412 4517 1535 4573 lmta
1566 4519 1784 4573 domum
1816 4526 1896 4574 cst
1927 4532 2165 4574 reversa.

2429 3230 2660 3284 ἕκαστον
2685 3231 2865 3285 αὐτῶν
2887 3232 3097 3302 ἐδέχετο
3119 3235 3396 3305 τελευτὴν,
3419 3234 3667 3288 ἔνστασιν
3690 3237 3783 3289 καὶ
3806 3239 4029 3306 φρένας

2430 3321 2571 3390 ὑπὲρ
2620 3322 2840 3391 ἡλικίαν
2890 3323 3298 3394 ὲπιδειξάμενα,
3338 3327 3431 3378 καὶ
3469 3326 3709 3396 ἀκριϐῶς
3756 3327 4030 3393 δείξαντα

2428 3405 2655 3478 δώρημα
2681 3407 2841 3461 τοῦτο
2896 3409 3103 3464 τέλειον
3150 3413 3213 3463 ὲκ
3262 3412 3361 3465 τοῦ
3423 3413 3636 3482 Πατρδς
3668 3414 3780 3466 τῶν
3816 3414 4031 3482 φώτων

2429 3498 2634 3552 ἀνωθεν
2652 3500 2978 3570 καταϐῆναι,
3004 3501 3377 3573 προαιρέσεως
3408 3504 3619 3575 ἀγαθῆς
3663 3507 3758 3558 καὶ
3786 3506 4032 3578 γνώμης

2430 3592 2698 3645 ἀντίδοσιν
2729 3593 3172 3665 φιλοτιμοτάτην.
3200 3597 3266 3650 '0
3298 3598 3396 3666 μὲν
3422 3592 3514 3651 οὗν
3534 3598 3697 3662 τόπος
3719 3598 3777 3660 ὃς
3809 3599 3879 3652 τὰ
3908 3601 4032 3653 τῶν

2432 3683 2637 3737 παίδων
2676 3685 2964 3759 ἐκληρώθη
2999 3687 3250 3758 σώματα,
3284 3689 3518 3758 Κάμπος
3554 3692 3820 3745 ἐκαλεῖτο.
3862 3692 3935 3747 Ἦ
3968 3694 4030 3747 δὲ

2433 3776 2881 3847 θεοφιλὴςοΣοφία
2909 3781 2973 3850 τῇ
2999 3780 3099 3849 τῆς
3130 3780 3257 3850 περὶ
3279 3781 3417 3834 αὐτὰ
3442 3782 3827 3854 φιλοστοργίας
3848 3786 4032 3855 ὕπερ-

2433 3867 2585 3938 6ολῇ,
2620 3869 2717 3922 καὶ
2770 3870 2979 3941 νεκρῶν
3041 3871 3268 3942 ἐκήδετο
3311 3872 3422 3925 τῶν
3470 3875 3758 3940 σωμάτων.
3792 3877 3890 3929 καὶ
3923 3877 4032 3930 οὒκ

2433 3957 2583 4023 ἄξιον
2623 3958 2797 4028 αὐτῆς
2846 3960 3127 4027 ἐλογίσατο
3173 3963 3438 4033 περιιδεῖν
3497 3965 3634 4016 αὐτὰ
3668 3965 3903 4033 κείμενα
3938 3969 4030 4020 ἐπ’

2436 4049 2693 4119 ἐδάφουςο
2727 4050 2865 4103 ἀλλὰ
2900 4052 2993 4104 καὶ
3023 4053 3231 4107 ἄκουσα
3255 4055 3349 4107 τοῦ
3393 4071 3451 4107 τε
3483 4055 3722 4124 μεγάλου
3759 4057 4030 4126 Κλήμεν-

2433 4156 2524 4206 τος
2546 4144 2642 4197 καὶ
2669 4143 2764 4197 τοῦ
2792 4144 2937 4198 θείου
2982 4144 3387 4213 Ἀγαθαγγέλου
3412 4145 3706 4207 διίσταται,
3742 4148 4027 4212 συνταξα-

2440 4233 2577 4303 μένη
2628 4234 2890 4306 πρότερον
2951 4237 3133 4299 αὐτοῖς
3164 4238 3257 4289 καὶ
3316 4238 3569 4300 είποῦσα,
3613 4238 3688 4301 ὡς
3737 4241 3849 4310 ἄρα
3884 4242 4031 4295 Geo-3

2435 4324 2666 4389 διδόντος
2692 4327 2854 4379 πάλιν
2878 4327 3075 4392 αὐτοὺς
3096 4329 3435 4399 ἀπολήψεται
3458 4350 3469 4362 ·
3501 4330 3622 4383 ὅθεν
3649 4332 3745 4383 καὶ
3776 4333 3847 4384 τὰ
3882 4351 4034 4405 μαρ-

2436 4418 2635 4487 τυρικά
2684 4419 2796 4472 τῶν
2838 4420 3044 4474 παίδων
3103 4422 3287 4475 ἐκεῖνα
3345 4422 3570 4493 σώματα
3605 4424 3793 4492 χερσὶν
3847 4426 4034 4489 tis-31::

2364 4500 2409 4555 Ῑ)
2436 4511 2599 4573 ὁσίως
2622 4512 2688 4581 τῇ
2712 4514 2781 4583 γῇ
2806 4513 3229 4584 κατακρύψασα,
3260 4515 3293 4585 ἡ
3330 4514 3430 4585 μὲν
3462 4514 3645 4568 οἴκαδε
3674 4514 3797 4584 μεθ’
3830 4517 4031 4587 ἡδονῆς

2444 4599 2730 4669 ἐπανήκει.

2280 4801 2505 4859 CAPUT
2546 4800 2612 4858 Χ.

1391 5011 1670 5066 Cruciatus
1702 5013 1871 5067 Atuisi
1910 5012 2069 5068 illati.
2112 5011 2216 5069 SS.
2258 5010 2578 5084 Pltengontis
2625 5022 2674 5069 et
2723 5011 2959 5083 Eucarpi
3002 5018 3339 5087 ntartyrium.

846 5218 980 5276 ωιι.
1008 5220 1269 5292 Martyres
1300 5236 1428 5277 vero
1456 5237 1574 5277 cum
1612 5226 1678 5280 ad
1717 5227 2109 5290 Amesenorum
2150 5242 2339 5296 perve-

777 5312 982 5366 uissent
1021 5313 1294 5368 civitatem
1317 5353 1331 5378 ,
1361 5322 1415 5368 et
1453 5329 1626 5385 genua
1663 5316 1718 5371 in
1769 5328 1965 5373 terram
2007 5320 2336 5387 aliquamdiu

776 5402 1038 5458 inclinant
1065 5444 1079 5469 ,
1119 5413 1173 5458 et
1207 5420 1328 5459 cum
1381 5416 1438 5460 ut
1481 5407 1622 5462 Deus
1669 5409 1749 5464 eis
1787 5424 1972 5465 rursus
2023 5412 2235 5467 adesset
2274 5413 2339 5467 ad

775 5495 1054 5551 auxilium.
1095 5510 1215 5549 cum
1247 5497 1437 5551 calidis
1463 5498 1803 5555 invocassent
1828 5502 2103 5572 laerymis,
2138 5519 2166 5558 a
2198 5504 2337 5558 mili-

777 5584 922 5640 tibus
993 5591 1337 5642 addummtur
1403 5592 1470 5643 ad
1543 5590 1857 5648 Domitium.
1917 5594 2021 5648 Sed
2071 5594 2163 5649 ille
2216 5609 2337 5648 cum

770 5682 931 5729 esset
972 5683 1265 5744 occupatus
1316 5676 1366 5730 in
1400 5680 1772 5735 examinandis
1819 5680 1938 5734 aliis
1979 5680 2342 5743 Christianis,

778 5781 873 5821 cos
904 5764 956 5820 in
989 5766 1131 5820 diem
1163 5778 1476 5837 sequentem
1510 5782 1749 5836 reservat
1789 5773 1951 5827 curtis
1992 5774 2347 5829 tribunalibus

774 5869 834 5910 act
868 5858 1166 5928 suppliciis,
1217 5860 1399 5917 dicens
1447 5878 1549 5916 non
1590 5878 1707 5919 (ξεν)
1750 5865 2057 5931 honestum,
2090 5875 2143 5920 ut
2176 5867 2240 5922 de
2271 5867 2347 5921 eis

2510 5229 2630 5282 ΞΑι,
2658 5228 2721 5281 οἱ
2753 5226 3028 5300 μάρτυρες
3052 5227 3107 5281 δὲ
3131 5227 3229 5298 τὴν
3272 5228 3579 5297 Ἀμισηνῶν
3607 5231 3764 5285 πόλιν
3788 5237 3965 5290 κατα)
3982 5254 4039 5289 1-

2443 5317 2648 5382 δόντες,
2683 5318 2752 5370 τὰ.
2778 5333 2838 5369 τε
2871 5316 3072 5385 γόνατα
3102 5318 3183 5381 εἰς
3227 5318 3328 5386 γῆν
3359 5318 3620 5382 κλίνουσι,
3650 5322 3744 5374 καὶ
3781 5323 3879 5375 τδν
3904 5325 4041 5378 Θεὶν

2445 5408 2788 5476 παραστῆναι
2818 5408 2912 5459 καὶ
2950 5407 3112 5461 πάλιν
3163 5411 3243 5470 εις
3295 5415 3612 5479 συμμαχίαν
3667 5411 3861 5474 αὖτεῖς
3897 5418 4045 5483 μετὰ

2447 5498 2663 5569 θερμῶν
2692 5499 2801 5553 τῶν
2833 5499 3085 5568 δακρύων
3114 5502 3559 5569 ὲγκαλεσὰμενοι,
3583 5502 3758 5565 οὓτως
3790 5505 3907 5560 ὑπὸ
3931 5510 4043 5560 τῶν

2447 5590 2794 5659 στρατιωτῶν
2840 5590 2917 5661 τῷ
2956 5590 3186 5663 βικαρίῳ
3220 5596 3606 5661 προσάγονται.
3649 5596 3791 5649 Ἀλλ’
3818 5600 4046 5663 ἐκεῖνος

2447 5680 2577 5749 περὶ
2633 5680 2826 5752 ἑτέραν
2855 5681 3156 5749 τηνικαῦτα
3192 5683 3539 5752 Χριστιανῶν
3567 5684 3816 5748 ἐξέτασιν
3869 5690 4048 5757 ἀσχο-

2450 5772 2730 5840 λούμενος,
2765 5775 2844 5836 εξς
2876 5773 2975 5843 τὴν
3005 5773 3133 5843 ἑξῆς
3158 5776 3354 5840 αὖτοὺς
3415 5777 3508 5830 ἐπὶ
3564 5777 3905 5847 ὡρισμέιοις
3944 5784 4047 5835 κεί

2455 5866 2655 5935 βήματι
2714 5870 2803 5920 καὶ
2853 5867 3100 5921 κολάσεσι
3164 5871 3504 5938 ταμιεύεται,
3560 5870 3632 5940 μὴ
3675 5871 3837 5924 καλὸν
3900 5870 4047 5928 εἷται
