4154 6490
113 5776 916 6296 ί

764 467 866 528 86⁸1

1989 451 2275 514 MENSIS
2311 445 2770 510 JANUARIUS.

3952 435 4060 496 868

749 576 1110 639 Sustinuissc;
1145 573 1246 628 sed
1283 571 1486 625 habere
1516 568 1752 624 divinam
1791 563 2079 632 quamdam
2117 561 2343 631 gratiam

2465 557 2537 610 Ξὲν
2598 556 2699 625 μὲν
2750 553 2857 608 ἀπδ
2892 551 2992 623 τῆς
3047 553 3313 607 ἀσϐέστου
3373 551 3608 623 χαλεπὸν
3672 549 4054 604 ὑποστάντας.

745 668 798 721 ἰιι
832 678 930 720 suo
955 662 1105 716 vultu
1129 661 1587 721 t'ﬂlorescentem,
1613 667 1666 711 et
1688 671 1718 710 e
1750 654 1886 709 facie
1911 653 2120 707 dulcem
2147 667 2343 720 quem-

748 757 872 811 dam
906 757 1114 809 radium
1161 754 1434 807 emittere.
1471 751 1605 806 Cum
1636 764 1730 804 eos
1763 763 1891 818 ergo
1923 763 1954 802 e
1988 748 2220 800 cisterna
2249 760 2344 797 ex-

747 847 1066 904 traxissent,
1112 844 1180 896 de
1239 842 1508 896 militibus
1553 840 1762 893 vicario
1805 837 2122 891 renuntiant
2155 835 2349 907 (erant

749 950 927 994 autem
975 954 1162 991 eorum
1217 936 1434 990 nomina
1483 934 1740 1004 Phengon
1798 942 1852 986 et
1914 929 2256 999 Eucarpus),
2294 938 2348 982 et

749 1034 841 1088 illo
880 1033 1117 1103 jubente
1164 1031 1418 1100 protinus
1465 1029 1617 1084 fuere
1667 1027 1919 1084 crucifixi
1954 1026 2100 1081 clara
2131 1038 2348 1093 quoque

753 1125 851 1194 ipsi
879 1125 998 1178 luce
1039 1121 1405 1178 confessionis
1449 1121 1712 1176 habentes
1760 1119 1948 1174 oculos
1989 1118 2343 1176 illuminatos,

751 1219 937 1288 ctjam
977 1216 1482 1272 remunerationum
1524 1215 1767 1270 fruentes
1797 1212 2056 1284 praamiis.

830 1529 990 1585 LXV.
1028 1529 1281 1584 Clemens
1301 1545 1428 1594 vero
1462 1539 1516 1580 et
1538 1525 1938 1596 Agathangelus
1969 1525 2142 1577 adhuc
2167 1539 2350 1576 curri»-

755 1627 883 1679 hant
919 1626 971 1678 in
1000 1623 1175 1678 stadio
1200 1620 1470 1691 martyrii.
1507 1617 1756 1673 Vicarius
1786 1628 1968 1671 autem
1996 1616 2249 1670 studebat
2283 1615 2350 1669 iis

753 1731 972 1788 quoque
1012 1716 1176 1768 vitam
1215 1721 1542 1782 praesentem
1593 1711 1865 1774 adimere,
1896 1718 1956 1762 ut
1992 1708 2082 1777 qui
2124 1721 2224 1762 nec
2271 1707 2352 1760 vi-

756 1813 909 1863 deret
939 1822 1033 1863 eos
1069 1805 1386 1876 persuaderi
1422 1803 1690 1858 bonorum
1730 1801 2205 1871 promissionibus,
2251 1813 2350 1853 nec

754 1900 980 1954 omnino
1023 1896 1290 1951 malorum
1333 1894 1530 1949 cedere
1579 1891 1902 1956 insultibus,
1950 1890 2131 1960 plures
2172 1888 2350 1942 adhuc

2453 644 2606 698 θείαν
2630 644 2687 697 δέ
2725 660 2850 697 τινα
2887 643 3047 714 χάριν
3085 643 3430 698 ἐπανθοῦσαν
3487 641 3667 696 αὐτῶν
3695 642 3818 702 ταῖς
3849 640 4059 707 ὄψεσιν

2450 737 2700 807 ἔχοντας,
2762 735 2859 790 καὶ
2893 737 3090 790 ἀκτῖνα
3119 737 3214 790 τοῦ
3279 735 3574 806 προσώπου
3603 732 3729 786 τινὰ
3774 733 4058 800 γλυκεῖαν

2449 828 2809 899 ὲπαφιέντας.
2877 829 3305 899 Ἀνιμησάμενοι
3363 828 3544 880 τοίνυν
3580 825 3780 886 αὑτοὺς
3832 825 3897 876 ὲκ
3953 821 4057 874 τοῦ

2448 922 2654 976 λάκκου
2692 921 2770 991 τῷ
2814 920 3046 994 βικαρίῳ
3081 921 3210 992 περὶ
3242 921 3351 974 τῶν
3375 917 3724 989 στρατιωτῶν
3751 915 4053 984 ἀπαγγέλ-

2447 1015 2599 1068 λουσι
2656 1014 2902 1086 (Φέγγων
2959 1009 3028 1086 ἦν
3051 1015 3235 1077 αὑτοῖς
3283 1013 3379 1067 καὶ
3410 1011 3703 1080 Εῦκαρπος
3735 1011 3805 1062 τὰ
3839 1009 4054 1077 ὀνόμαο

2447 1110 2560 1179 τα).
2592 1111 2848 1164 κάκείνου
2879 1109 3308 1181 προστάξαντος,
3334 1105 3497 1169 εὐθὺς
3527 1101 4052 1165 ἀνεσκολοπίζοντο,

2449 1201 2693 1272 λαμπρῷ
2737 1201 2832 1255 καὶ
2861 1200 3018 1254 αὑτοὶ
3055 1203 3156 1271 τῆς
3192 1198 3489 1269 ὁμολογίας
3536 1196 3733 1265 φέγγει
3759 1195 3862 1256 τὰς
3895 1193 4056 1262 ὄψεις

2454 1295 2948 1366 περιλαμπόμενοι,
3012 1295 3106 1352 καὶ
3167 1293 3436 1364 προοίμια
3490 1291 3592 1361 ἤδη
3650 1289 3763 1350 τῶν
3795 1287 4054 1358 ἀμοιϐὦν·

2451 1402 2520 1437 κα
2528 1382 2665 1455 ρπού
2674 1401 2849 1454 μενοι.

2519 1530 2638 1584 EE’.
2661 1531 2894 1601 Κλήμης
2923 1529 3108 1600 μέντοι
3142 1531 3236 1583 καὶ
3267 1529 3672 1598 ’Δγαθάγγελος
3701 1529 3783 1582 ἔτι
3823 1529 3917 1582 τὸν
3949 1530 4052 1582 τοῦ

2455 1622 2763 1692 μαρτυρίου
2790 1621 3014 1675 δίαυλον
3040 1622 3260 1692 ἔτρεχον
3282 1638 3297 1654 ο
3325 1623 3354 1674 6
3385 1621 3631 1692 βικάριος
3648 1619 3707 1674 δὲ
3722 1621 3819 1672 καὶ
3845 1620 4054 1680 αὐτοὺς

2452 1713 2680 1769 ἔσπευδε
2709 1714 2808 1784 τῆς
2840 1714 3123 1785 παρούσης
3155 1714 3299 1783 ζωῆς
3344 1713 3732 1782 ὑπεξαγαγεῖν,
3779 1708 3871 1766 οἷα
3903 1714 4054 1782 μήτε

2453 1808 2676 1878 ἀγαθῶν
2715 1810 3071 1878 ἐπαγγελίαις
3100 1809 3462 1881 πειθομένους
3493 1809 3654 1879 ὀρῶν,
3681 1809 3822 1879 μήτε
3852 1807 4052 1862 κακῶν

2455 1903 2774 1970 ἐπαγωγαῖς
2821 1901 2960 1966 δλως
3007 1903 3278 1966 εἴκοντας,
3327 1902 3548 1965 πλείους
3595 1902 3779 1966 αὑτοῖς
3834 1901 3918 1954 ἔτι
3953 1902 4056 1954 καὶ

757 1991 1134 2060 lirzeclariores
1196 1987 1383 2042 volens
1427 1987 1508 2040 eis
1554 1999 1787 2040 coronas
1837 1985 2076 2039 contexi.
2147 1983 2347 2037 Dehinc

2465 1992 2867 2064 λαμπροτέρους
2899 1993 3175 2065 πλακῆναι
3205 1994 3335 2056 τοὺς
3366 1995 3666 2061 στεφάνους
3692 1992 4050 2063 βουλόμενος.

765 2094 916 2138 certe
967 2082 1210 2136 vicarius
1253 2078 1415 2148 jussu
1475 2077 1582 2131 duo
1641 2077 1753 2130 lora
1807 2075 2048 2131 exscindi
2081 2089 2146 2129 ex
2185 2075 2350 2146 tergis

758 2175 1190 2244 uniuscujusque
1223 2189 1238 2227 :
1277 2171 1471 2226 deinde
1511 2181 1690 2224 autem
1735 2172 1881 2238 ipsos
1915 2183 2131 2239 quoque
2163 2170 2350 2222 verbe-

758 2271 868 2324 rari
897 2268 1065 2337 virgis
1117 2273 1230 2319 toto
1279 2276 1509 2331 corpore
1550 2261 2050 2315 vehementissime.
2084 2259 2162 2313 llli
2189 2272 2348 2322 vero,

758 2377 883 2415 cum
915 2359 1082 2413 etiam
1116 2357 1195 2409 eis
1235 2368 1429 2408 carnes
1481 2351 1924 2417 conciderentur,
1966 2358 2020 2405 et
2061 2364 2184 2403 ossa
2223 2364 2353 2402 con-

764 2458 1094 2512 tererentur,
1131 2445 1345 2500 fortiter
1373 2453 1553 2497 tamen
1585 2453 1640 2495 et
1669 2451 1986 2495 constanter
2013 2438 2354 2494 sustinebant

759 2539 1074 2612 prasentia,
1129 2547 1387 2604 tanquam
1442 2535 1507 2588 ad
1555 2533 1913 2602 impatibilem
1958 2533 2070 2602 jam
2120 2531 2351 2586 traducti

761 2646 1037 2694 naturam,
1070 2640 1126 2684 et
1171 2627 1370 2681 nullam
1412 2625 1710 2680 sentientes
1745 2625 2124 2680 necessitatem
2162 2637 2355 2692 corpo-

764 2726 865 2779 ris.
912 2721 1220 2778 Prarclarus
1265 2730 1446 2772 autem
1483 2717 1737 2773 Clemens
1770 2716 1904 2772 tales
1938 2731 2154 2786 quoque
2192 2730 2354 2770 voces

763 2817 830 2875 ad
859 2815 1026 2873 Deum
1061 2813 1404 2882 loquebatur,
1429 2810 1642 2865 dicens:
1674 2810 1900 2864 Domine
1948 2808 2072 2864 Jesu
2117 2807 2354 2874 Christe,

764 2911 854 2976 qui
890 2905 1153 2976 quidquid
1207 2905 1411 2973 Spirat,
1459 2917 1489 2955 e
1526 2903 1635 2958 luto
1685 2902 1920 2972 propriis
1958 2901 2256 2956 fabricatus
2298 2915 2356 2954 es

766 2999 1039 3059 manibus.
1085 3007 1138 3049 et
1184 2995 1389 3048 homini
1438 3005 1635 3048 nervos
1681 3003 1737 3048 et
1787 3006 1911 3046 ossa
1947 3000 2001 3046 et
2030 2991 2190 3046 aliam
2228 3005 2358 3046 con-

766 3091 1010 3146 struxisti
1047 3088 1298 3156 ﬁgurant,
1333 3085 1425 3154 qui
1449 3085 1612 3138 etiam
1636 3098 1738 3138 nos
1765 3099 1907 3152 saepe
1944 3084 2207 3137 contritos
2228 3098 2360 3137 con-

766 3183 1021 3247 firmasti,
1073 3191 1127 3235 et
1184 3179 1533 3235 concidentcs
1583 3177 1880 3242 stabiliisti,
1934 3175 2269 3244 alllictosque
2305 3185 2358 3229 et

769 3282 1069 3345 prostratos
1116 3269 1364 3331 erexisti,
1407 3268 1524 3335 ipse
1568 3282 1688 3320 ossa
1734 3281 1950 3335 quoque
2001 3276 2184 3320 nostra
2216 3280 2358 3318 nunc

2457 2086 2655 2140 Ἔνθεν
2718 2086 2900 2140 τοίνυν
2962 2088 3057 2138 καὶ
3106 2084 3200 2139 δύο
3247 2084 3348 2153 μὲν
3397 2085 3629 2150 ίμάντας
3658 2084 3766 2138 τῶν
3805 2086 4052 2137 ἑκάστου

2454 2177 2640 2232 νώτων
2665 2179 2693 2230 6
2723 2177 2969 2248 βικάριος
2996 2176 3359 2245 διεκκοπῆναι
3384 2176 3614 2238 κελεύει,
3647 2176 3839 2229 ἔπειτα
3863 2175 3920 2228 δὲ
3951 2173 4057 2228 καὶ

2458 2270 2680 2339 ῥάϐδοις
2727 2269 2928 2331 αὑτοὺς
2957 2267 3077 2322 ὅλον
3129 2268 3190 2324 τὸ
3223 2267 3382 2337 σῶμα
3427 2268 3807 2339 σφοδροτάτως
3843 2267 4056 2319 τύπτε-

2456 2363 2602 2418 σθαι.
2638 2361 2701 2414 Οί
2731 2361 2787 2415 δὲ
2814 2362 2908 2414 καὶ
2938 2361 3038 2422 τὰς
3070 2359 3278 2430 σάρκας
3305 2361 3650 2431 τεμνόμενοι,
3682 2362 3778 2413 καὶ
3808 2360 3878 2412 τὰ
3913 2358 4056 2412 ὀστᾶ

2458 2453 2895 2524 συντριϐόμενοι,
2935 2452 3086 2523 ὅμως
3123 2453 3410 2524 καρτερῶς
3451 2452 3519 2505 τὰ
3551 2453 3796 2522 παρόντα
3831 2455 3929 2505 καὶ
3956 2452 4058 2503 5-3-

2456 2546 2625 2607 τόνως
2657 2545 2956 2614 ὑπέμενον,
2979 2543 3170 2614 ὥσπερ
3194 2543 3295 2613 ήδη
3331 2543 3468 2613 πρὸς
3515 2543 3612 2613 τὴν
3644 2541 3829 2611 ἀπαθῆ
3885 2558 4061 2609 μετα.

2458 2634 2677 2705 θέμενοι
2712 2629 2896 2703 φύσιν,
2933 2636 3027 2688 καὶ
3088 2635 3358 2704 μηδεμιᾶς
3386 2633 3635 2702 ἀνάγκης
3664 2631 3760 2684 τοῦ
3795 2628 4062 2698 σώματος

2459 2725 2863 2796 αἱσθανόμενὸι.
2927 2725 2990 2778 '0
3021 2724 3077 2777 δὲ
3109 2726 3359 2793 γενναῖος
3418 2724 3652 2794 Κλήμης
3707 2722 3802 2774 καὶ
3862 2721 4065 2790 φωνὰς

2459 2818 2596 2889 πρδς
2627 2819 2718 2870 τὸν
2774 2818 2909 2871 Θεὸν
2960 2815 3215 2879 τοιαύτας
3263 2815 3598 2884 ἐφθέγγετοο
3645 2813 3818 2884 Κύριε
3871 2811 4064 2882 Ἰησοῦ

2459 2909 2686 2978 Χριστὲ,
2715 2908 2913 2976 λέγων,
2968 2909 2997 2961 ὀ
3025 2909 3208 2959 πᾶσαν
3235 2908 3298 2959 ὲκ
3329 2906 3503 2975 πηλοῦ
3557 2905 3725 2975 πνοὴν
3754 2905 3950 2975 χερσὶν
3982 2908 4068 2958 οε-

2460 3002 2640 3064 κείαις
2685 3001 3124 3072 δημιουργήσας,
3182 2999 3277 3052 καὶ
3307 2999 3473 3069 νεῦρα
3527 2998 3609 3068 τῷ
3636 2998 3918 3069 ἀνθρώπῳ
3961 2999 4067 3051 καὶ

2459 3093 2592 3146 ὀστᾶ
2622 3095 2715 3146 καλ⁹
2758 3093 2858 3164 τὴν
2887 3093 3054 3164 ἀλλην
3084 3093 3502 3154 κατασκευάσας
3553 3092 3867 3158 διάπλασιν,
3906 3093 3937 3144 ό
3962 3093 4067 3144 καί⁵

2464 3186 2852 3256 συντριϐέντας
2884 3186 3150 3249 πολλάκις
3182 3187 3331 3256 ἡμᾶς
3358 3183 3699 3257 ἐπιρρώσας,
3748 3187 3843 3237 καὶ
3876 3202 4064 3239 κατα·

2463 3278 2763 3342 πίπτοντας
2781 3277 3173 3348 ὑποστηρίξας,
3200 3278 3296 3331 καὶ
3321 3277 3643 3347 ἀνορθώσας
3673 3280 4068 3349 κατερραγμέ-

771 3367 1006 3420 contrita
1037 3361 1203 3430 erige,
1251 3369 1304 3413 et
1330 3369 1416 3412 tua
1449 3358 1608 3426 imple
1655 3357 2040 3412 exsultatione.
2077 3354 2192 3424 Ipse
2213 3357 2357 3410 enim

2465 3387 2606 3432 νους,
2635 3371 2796 3433 αὐτὸς
2820 3371 2916 3422 καὶ
2943 3371 3012 3422 τὰ
3042 3370 3402 3441 συντριϐέντα
3428 3372 3460 3439 ὴ
3470 3369 3584 3438 μῶν
3607 3370 3744 3422 ὀστᾶ
3767 3368 3862 3421 νῦν
3897 3371 4070 3439 ἀνόρο

771 3472 852 3522 es,
887 3471 920 3507 ο
957 3469 1046 3507 rex
1107 3453 1332 3514 invicte,
1381 3451 1470 3520 qui
1504 3451 1554 3503 in
1606 3451 1759 3504 nobis
1808 3451 1912 3504 hoc
1949 3459 2222 3504 certamen
2271 3449 2365 3505 dc-

774 3560 954 3602 ccrtas
985 3564 998 3600 :
1040 3555 1099 3600 ut
1141 3561 1236 3614 per
1267 3552 1506 3599 nostram
1547 3543 1971 3597 imbecillitatem
2003 3551 2090 3595 tua
2125 3542 2366 3610 apertius

775 3640 1094 3696 ostendatur
1127 3638 1389 3706 potentia.
1433 3637 1712 3702 Quomodo
1739 3635 1884 3689 enim
1912 3637 2012 3688 hoc
2043 3649 2262 3703 corpus,
2311 3635 2363 3686 in

776 3735 920 3802 quod
953 3732 1104 3786 cadit
1139 3730 1409 3792 interitus,
1448 3729 1580 3781 tales
1617 3728 1807 3781 vicerit
1842 3726 2260 3796 perpessiones?
2291 3724 2364 3778 lla

782 3839 1011 3894 magnus
1040 3823 1288 3878 Clemens
1317 3836 1437 3876 cum
1467 3821 1578 3875 Deo
1605 3820 1947 3889 loquebatur.

856 4127 1040 4183 LXVI.
1088 4127 1334 4181 Vicarius
1369 4135 1547 4180 autem
1577 4127 1767 4181 videns
1798 4140 1892 4182 eos
1925 4141 2186 4197 superare
2235 4141 2372 4196 pra:-

787 4221 982 4286 sentia,
1005 4220 1073 4274 ad
1105 4219 1270 4274 alium
1301 4220 1519 4274 modum
1554 4219 1821 4288 processit
1849 4219 2099 4288 supplicii
2134 4238 2145 4272 :
2173 4229 2368 4274 etcum

793 4314 930 4368 duos
987 4311 1194 4366 ferreos
1253 4310 1646 4366 candefecisset
1699 4312 1978 4382 grabatos,
2035 4311 2165 4365 facit
2215 4321 2267 4363 ut
2319 4311 2373 4364 in

789 4403 966 4474 alterq
1013 4417 1199 4456 eorum
1251 4403 1391 4456 alter
1444 4404 1744 4457 recumbat.
1785 4404 1923 4458 Cum
1969 4419 2094 4458 vero
2145 4403 2371 4456 multum

792 4495 934 4565 ignis
965 4492 1193 4549 inferius
1221 4494 1630 4558 substravisset,
1667 4495 1844 4549 oleum
1881 4506 1935 4549 et
1982 4495 2160 4565 ignem
2195 4504 2248 4548 et
2289 4495 2374 4564 pi-

791 4600 909 4644 cem
945 4595 1000 4641 et
1029 4587 1259 4656 sulphur
1307 4586 1561 4642 infundit.
1601 4587 1736 4642 Cum
1783 4587 1980 4642 multus
2010 4603 2155 4659 ergo.
2201 4598 2259 4641 ut
2292 4595 2373 4641 est

2468 3462 2644 3519 θωσον
2673 3462 2902 3533 καὶτῆς
2957 3466 3057 3533 σῆς
3111 3463 3489 3531 ἀγαλλιάσεως
3539 3462 3850 3532 ἔμπλησονο
3892 3465 4070 3526 αὐτὸς

2467 3555 2576 3624 γὰρ
2609 3550 2680 3618 εί,
2716 3553 2942 3624 ἀνίκητε
2979 3553 3222 3623 βασιλεῦ,
3256 3556 3283 3606 6
3334 3554 3392 3606 ἐν
3422 3556 3556 3624 ἡμῖν
3577 3555 3669 3607 τὸν
3704 3555 3905 3621 ἀγῶνα
3939 3555 4071 3608 τοῦ-

2466 3662 2559 3697 τον
2589 3645 3011 3715 ἀγωνιζόμενος,
3069 3644 3210 3698 ὥστε
3261 3646 3356 3699 καὶ
3414 3647 3759 3714 σαφεστέραν
3811 3645 3902 3698 διὰ
3965 3647 4071 3715 τῆς

2470 3737 2749 3807 ἡμετέρας
2775 3736 3060 3799 ἀσθενείας
3084 3737 3184 3808 τὴν
3223 3737 3324 3808 σὴν
3370 3739 3744 3808 ἐπιδειχθῆναι
3781 3738 4027 3809 δύναμιν
4051 3757 4065 3769 ο

2469 3829 2593 3880 ἐπεὶ
2637 3829 2755 3892 πῶς
2811 3830 2878 3882 ἂν
2928 3830 2989 3882 τὸ
3021 3830 3261 3900 φθαρτὸν
3317 3829 3477 3884 τοῦτο
3517 3831 3675 3900 σῶμα
3715 3831 4069 3901 τηλικούτων

2473 3919 2822 3988 περιεγένετο
2879 3919 3258 3988 παθημάτων;
3309 3920 3494 3973 Ταῦτα
3529 3925 3556 3973 6
3613 3922 3787 3988 μέγας
3825 3923 4074 3992 Κλήμης

2471 4011 2550 4082 τῷ
2581 4011 2702 4081 Θεῷ
2727 4010 3023 4079 διελέγετο.

2542 4138 2676 4208 EG’.
2711 4142 2820 4194 Καὶ
2857 4143 2885 4194 6
2940 4140 3185 4212 βικάριος
3219 4142 3504 4211 κρείττους
3555 4143 3754 4204 αὑτοὺς
3807 4143 3905 4195 καὶ
3953 4144 4068 4197 τῶν

2476 4234 2760 4302 παρόντων
2790 4232 2932 4302 ὁρῶν
2970 4234 3106 4303 πρὸς
3137 4233 3326 4304 ἕτερόν
3377 4251 3500 4287 τινα
3540 4236 3816 4305 τιμωρίας
3861 4238 4074 4305 τρόπον

2475 4324 2692 4395 ἐχώρει,
2753 4324 2848 4377 καὶ
2901 4323 2992 4376 δύο
3035 4323 3291 4394 σιδηροῦς
3322 4325 3652 4395 ἑκπυρώσας
3691 4325 4072 4396 κραϐϐάτους,

2479 4419 2538 4469 ὲν
2573 4416 2822 4487 ἑκατέρῳ
2847 4415 3059 4469 τούτων
3093 4415 3356 4487 ἑκάτερον
3384 4419 3683 4471 άνακλίνει.
3715 4418 3988 4472 Κάτωθεν
4020 4422 4077 4473 δὲ

2478 4508 2589 4579 πῦρ
2627 4508 2860 4575 ἄφθονον
2894 4506 3278 4580 ὑποστρώσας,
3315 4508 3494 4563 ἔλαιόν
3523 4527 3584 4562 τε
3611 4511 3706 4563 καὶ
3734 4511 3948 4564 πίσσαν
3984 4515 4078 4563 καὶ

2479 4599 2622 4652 θεῖον
2656 4598 2862 4652 ἄνωθεν
2888 4598 3120 4668 έπιχέει.
3154 4600 3380 4653 Καπνοῦ
3408 4601 3608 4663 τοίνυν,
3629 4601 3705 4665 ώς
3735 4603 3904 4667 εἰκὸς,
3943 4605 4081 4656 πολ-

792 4689 1240 4745 consentaneum,
1287 4678 1468 4734 fumus
1511 4690 1566 4734 et
1610 4679 1823 4734 ﬂamma
1873 4680 2068 4734 sublati
2103 4692 2284 4734 essent
2324 4681 2355 4732 it

2481 4691 2574 4744 λοῦ
2612 4693 2707 4745 καὶ
2740 4691 2936 4760 φλογὸς
2975 4693 3208 4745 ἐπιπολὺ
3240 4691 3333 4745 τοῦ
3367 4693 3530 4763 ἀέρος
3558 4693 3860 4764 ἀρθέντων,
3890 4697 3948 4749 οἱ
3981 4697 4081 4767 μὲν

795 4784 1048 4839 magnam
1088 4778 1297 4838 partem
1354 4770 1517 4836 aeris,
1547 4771 1579 4824 ii
1622 4771 1838 4839 quidem
1869 4769 1960 4839 qui
2004 4770 2374 4825 circumsiste~

797 4861 951 4923 bant,
987 4861 1283 4928 quinetiam
1319 4861 1434 4930 ipse
1462 4875 1679 4930 quoque
1729 4876 1851 4922 cum
1886 4862 1966 4916 eis
2003 4861 2377 4930 magistratus,

797 4951 852 5010 id
879 4954 1022 5025 quod
1071 4961 1192 5007 erat
1237 4953 1314 5008 rei
1358 4962 1412 5008 et
1439 4962 1646 5009 natura:
1690 4967 2048 5032 consequens,
2084 4952 2380 5007 credebant

795 5058 988 5102 omnes
1011 5053 1231 5103 sanctos
1251 5059 1371 5102 esse
1399 5056 1664 5101 mortuos.
1688 5045 2039 5115 Significabat
2064 5054 2243 5099 autem
2261 5043 2376 5115 jam

798 5135 1082 5191 lictoribus
1122 5151 1337 5206 quoque
1365 5137 1626 5204 vicarius,
1667 5145 1728 5191 ut
1758 5151 1888 5204 rogo
1921 5138 2214 5200 exstincto,
2255 5149 2379 5189 cor-

801 5241 933 5294 pora
987 5235 1297 5283 sanctorum
1331 5227 1581 5298 iacerent
1614 5229 1668 5284 in
1702 5227 1949 5283 ﬂuvium.
1980 5229 2088 5284 Eos
2123 5242 2255 5284 vero
2287 5228 2372 5282 in-

801 5329 1017 5376 vaserat
1054 5321 1271 5390 quidem
1320 5321 1494 5378 dulcis
1525 5337 1750 5378 somnus
1773 5332 1828 5378 et
1860 5323 2286 5392 inexplicabilis;
2321 5325 2374 5378 in

801 5426 995 5468 somno
1035 5421 1216 5468 autem
1263 5414 1402 5470 visio
1440 5429 1656 5484 quoque
1709 5415 2021 5471 accedebat.
2051 5414 2205 5473 Visio
2250 5431 2377 5470 vero

804 5514 922 5559 erat
968 5504 1082 5575 ipse
1134 5507 1463 5576 agonmbeta
1514 5507 1786 5573 Christus,
1835 5509 1928 5578 qui
1973 5523 2094 5564 cum
2135 5511 2377 5565 exercitu

805 5596 1118 5666 angelorum
1166 5601 1446 5670 apparuit,
1495 5611 1550 5657 et
1599 5603 1730 5657 dixit
1768 5619 1782 5657 :
1817 5601 1992 5658 Nolite
2035 5603 2246 5668 timere,
2281 5619 2380 5674 ego

802 5690 948 5741 enim
992 5702 1111 5742 sum
1147 5693 1420 5748 vobiscum
1446 5695 1488 5747 ⁸.
1527 5695 1603 5748 llli
1639 5709 1766 5763 ergo
1810 5711 1929 5750 cum
1960 5696 2024 5750 ab
2066 5696 2165 5752 hoc
2196 5697 2382 5752 divino

1059 5791 1110 5859 Ἦ

1191 5885 1340 5926 ΙΚΥΙΙΙ.

2487 4783 2875 4854 περιεστῶτες,
2918 4783 3056 4837 ἀλλά
3087 4785 3183 4837 καὶ
3209 4785 3373 4846 αὑτὸς
3410 4786 3508 4837 σὺν
3547 4787 3735 4850 αὑτοῖς
3779 4789 3808 4840 6
3861 4789 4080 4858 ἄρχων,

2480 4877 2619 4944 ὅπερ
2643 4871 2712 4945 ἦν
2743 4873 2836 4927 καὶ
2864 4873 2944 4944 τῷ
2979 4874 3269 4946 πράγματι
3303 4876 3399 4929 καὶ
3427 4879 3493 4946 τῇ
3535 4877 3696 4946 φύσει
3751 4879 4080 4943 ἀκόλουθον,

2482 4966 2739 5020 τεθνάναι
2793 4965 2994 5030 πάντες
3021 4968 3332 5022 ἐπίστευον.
3381 4969 3675 5038 Ἐσήμαινε
3712 4969 3772 5022 δὲ
3803 4974 3904 5023 καὶ
3963 4977 4084 5037 τοῖς

2480 5056 2697 5126 δημίοις
2726 5058 2756 5110 6
2784 5056 3032 5128 βικάριος
3061 5058 3184 5129 ήδη,
3224 5059 3525 5124 σϐέσαντας
3561 5062 3663 5130 τὴν
3694 5065 3888 5132 πυρὰν
3919 5066 4083 5135 ῥίψαι

2485 5149 2629 5204 κατὰ
2653 5149 2752 5207 τοῦ
2785 5148 3036 5219 ποταμοῦ
3067 5149 3176 5203 τῶν
3225 5151 3400 5220 ἁγίων
3445 5152 3515 5206 τά
3551 5151 3782 5222 σώματα
3805 5169 3824 5183 ⁸
3857 5157 3996 5219 τοὺς
4029 5159 4085 5210 δὲ

2481 5235 2552 5310 ἦν
2594 5241 2702 5311 ἄρα
2727 5239 2910 5294 λαϐὼν
2935 5240 3106 5305 ὕπνος
3145 5259 3231 5306 τις
3263 5243 3469 5310 γλυκὺς
3496 5244 3591 5303 καὶ
3609 5247 3963 5318 ἀπόρρητος,
3997 5253 4087 5303 ἐπὶ

2483 5332 2561 5402 τῷ
2591 5331 2746 5403 ὕπνῳ
2785 5333 2842 5386 δὲ
2865 5335 2960 5388 καλ⁸
2989 5335 3112 5405 ὄψις
3137 5336 3347 5404 ἐφοίτα.
3391 5334 3458 5390 Ἥ
3484 5336 3541 5390 δὲ
3580 5337 3704 5406 ὄψις
3742 5340 3921 5404 αὐτὸς
3961 5338 4033 5416 ἦν
4060 5346 4087 5395 ὁ

2487 5424 2832 5495 ἀγωνοθέτης
2859 5427 3097 5496 Χριστὸς
3126 5427 3266 5497 μετά
3299 5431 3562 5498 στρατιᾶς
3591 5430 3846 5498 ἀγγέλων
3875 5437 4089 5507 tam”-

2489 5518 2624 5582 νεὶς,
2655 5518 2771 5584 καὶ,
2806 5518 2900 5589 Μὴ
2926 5519 3204 5588 φοϐεῖσθε,
3258 5520 3462 5572 είπών·
3498 5521 3610 5588 ἐγὼ
3656 5523 3766 5592 γάρ
3802 5527 3936 5598 είμι
3975 5530 4094 5599 μεθ’

2489 5609 2663 5678 ὑμῶν.
2696 5610 2927 5665 Ἐκεῖνοι
2951 5611 3050 5682 μὲν
3083 5611 3176 5665 οὑν
3205 5611 3301 5665 τοῦ
3327 5612 3470 5666 θείου
3513 5617 3705 5675 τούτου
3747 5615 3937 5673 ὕπνου
3999 5627 4090 5676 dv-

2492 5701 2811 5770 ενεγκόντες
2841 5703 3091 5772 ἀλλήλοις
3109 5705 3417 5760 ἐκοινοῦντο
3446 5707 3546 5776 τὴν
3572 5709 3787 5778 ὅράσιν,
3823 5715 4093 5786 καθάπερ
