4154 6490
138 408 235 472 869

1157 403 1333 463 νιΤΑ
1374 401 1433 463 S.
1477 399 1910 462 CLEMENTIS
1958 399 2357 461 ANCYRANI.

3281 399 3389 460 870

133 527 187 575 ἀν
234 521 423 574 εὐώδει
457 518 562 591 πόα
593 517 688 572 καὶ
718 517 960 589 μαλακῇ,
996 514 1110 571 ἀλλ’
1137 518 1235 570 οὐκ
1271 517 1328 569 ὲν
1375 516 1535 585 φλογὶ
1569 517 1706 589 μέσῃ

1817 530 2006 569 somno
2038 522 2221 568 essent
2249 510 2637 582 expergefacti,
2673 512 3144 567 communicabant
3175 510 3276 565 sibi
3308 512 3387 564 itt-

138 614 402 683 κείμενοι.

1821 608 1990 660 vicem
2043 607 2322 668 visionem,
2362 615 2617 673 tanquam
2656 605 2707 657 in
2741 605 2906 658 hei-ba
2953 604 3100 659 molli
3128 612 3181 657 et
3207 602 3389 657 odori-

1822 695 1954 762 ἴση,
1987 713 2090 751 ηοιι
2130 698 2179 749 in
2211 697 2382 751 media
2410 706 2588 751 autem
2618 694 2853 757 ﬂamma,
2890 695 3148 764 jacentcs.

1588 851 1815 908 CAPUT
1872 852 1962 907 XI.

1212 1084 1356 1156 Ignis
1383 1086 1801 1139 cruriamenlum
1839 1083 1992 1139 Tam’
2026 1091 2350 1151 superatum.

198 1318 322 1374 32'.
352 1314 611 1385 Δομέτιος
648 1313 706 1366 δὲ
753 1312 1075 1383 παραδόξως
1116 1310 1259 1370 οὕτω
1297 1310 1386 1362 καὶ
1416 1308 1509 1362 τοῦ
1541 1307 1706 1379 πυρὸς

1892 1306 2104 1364 LXVII.
2126 1307 2261 1366 Cum
2279 1323 2374 1364 eos
2390 1324 2519 1364 vero
2536 1309 2799 1364 Domitius
2818 1310 3044 1367 vidisset
3059 1312 3130 1369 ita
3149 1315 3385 1370 admira-

128 1410 298 1463 αὐτοῦ
331 1406 789 1479 περιγενομένους
822 1403 967 1469 ἰδὼν,
997 1403 1087 1457 καὶ
1125 1404 1200 1473 μὴ
1230 1401 1369 1472 ἔχων
1395 1401 1422 1453 ὃ
1444 1417 1495 1452 τι
1524 1398 1706 1453 λοιπὸν

1811 1398 1990 1454 biliter
2024 1408 2078 1454 et
2104 1409 2299 1468 praeter
2327 1401 2635 1471 opinionem
2663 1402 2840 1471 ignem
2872 1407 3217 1472 superavisse
3237 1447 3251 1471 ,
3285 1424 3385 1463 nec

128 1504 315 1565 αὐτοῖς
363 1500 650 1571 χρήσαιτο,
704 1498 859 1569 παρά
904 1495 1249 1567 Μαξιμιανδν
1294 1488 1452 1555 αὖθις
1510 1490 1708 1551 αὐτοὺς

126 1590 444 1659 ἀναπέμπει
503 1590 568 1642 ὲκ
600 1586 815 1660 Ταρσοῦ
878 1584 1181 1657 τηνικαῦτα
1230 1582 1366 1656 πρὸς
1422 1582 1705 1651 ’Ἄγκυραν

1811 1490 1978 1546 sciret
2006 1491 2258 1562 deinceps
2285 1493 2541 1563 quidnam
2570 1494 2649 1549 eis
2690 1493 2915 1561 faceret,
2946 1498 3172 1553 remittit
3198 1513 3290 1554 eos
3318 1500 3382 1553 ad

1810 1579 2229 1648 Maximianum,
2300 1583 2391 1653 qui
2464 1594 2589 1639 tunc
2661 1601 2726 1639 ex
2786 1586 2956 1642 Tarso
3016 1590 3384 1644 revertebatur

125 1681 563 1751 ἀναστρέφοντα.
595 1681 658 1733 Oi
687 1679 829 1748 ἆγιοι
852 1680 1031 1732 τοίνυν
1058 1676 1162 1730 ὑπὸ
1186 1672 1546 1745 στρατιώταις
1571 1669 1706 1741 μετὰ

1811 1674 2096 1745 Ancyram.
2124 1674 2256 1729 Cum
2284 1676 2456 1731 sancti
2488 1692 2615 1747 ergo
2648 1678 2748 1731 sub
2775 1678 3032 1733 militibus
3055 1695 3173 1734 cum
3201 1682 3383 1735 multis

125 1774 343 1828 πολλῶν
401 1774 493 1827 καὶ
528 1773 703 1828 ἄλλων
740 1769 1084 1843 Χριστιανῶν
1144 1768 1416 1839 ἁψάμενοι
1454 1763 1555 1833 τῆς
1608 1780 1703 1815 πο-

126 1868 299 1940 ρεέας,
329 1866 518 1938 mea;
551 1864 631 1937 τῷ
658 1882 717 1919 τε
750 1864 851 1935 τῆς
873 1862 994 1917 ὁδοῦ
1028 1862 1194 1934 μήκει
1220 1861 1288 1914 τὰ
1340 1856 1570 1928 σώματα
1601 1872 1703 1909 πε-

1811 1777 2025 1833 quoque
2068 1765 2188 1821 aliis
2217 1766 2540 1824 Christianis
2594 1775 2777 1825 essent
2827 1772 2931 1824 iter
2958 1771 3208 1839 ingressi,
3245 1787 3385 1840 quo-

1812 1856 1954 1910 niam
1983 1867 2036 1912 et
2067 1859 2166 1914 vite
2212 1859 2543 1931 longitudine
2590 1864 2798 1918 defessa
2842 1874 3294 1935 erantmrpora,
3326 1874 3383 1922 et

123 1961 462 2028 πονήκεσαν,
494 1958 669 2022 ἄλλως
693 1973 755 2011 τε
805 1956 862 2010 δὲ
893 1956 988 2009 καὶ
1030 1956 1062 2024 ή
1089 1954 1204 2018 ὁδὸς
1238 1952 1303 2022 ἢν
1330 1948 1557 2020 ἔμελλον
1589 1948 1703 2000 δια-

1811 1949 2005 2020 alioqui
2040 1952 2146 2017 via,
2180 1970 2284 2023 qua
2320 1962 2478 2009 erant
2506 1956 2807 2022 transituri,
2832 1967 2948 2011 erat
2970 1960 3256 2014 admodum
3284 1960 3379 2013 de-

122 2052 359 2117 6αίνειν,
388 2051 597 2123 ἔρημος
634 2048 864 2104 ἐπιπολὺ
891 2042 1027 2102 οὖσα
1053 2048 1145 2100 καὶ
1174 2043 1415 2113 ἀτεχνῶς
1452 2039 1703 2109 ἄνυδρος,

124 2146 197 2206 εἰς
227 2144 327 2209 ὀξὺ
361 2143 514 2212 δίψος
550 2124 745 2203 αύτοῦς
770 2139 1055 2209 ἀνέφλεγε.
1118 2134 1305 2204 Τούτῳ
1338 2133 1395 2186 δὲ
1421 2131 1572 2201 αύτῷ
1610 2129 1704 2183 καὶ

122 2238 249 2298 τοὺς
274 2233 701 2304 ὁδοιποροῦντας
728 2230 917 2293 δεινῶς
966 2228 1321 2298 πιεζομένους
1346 2223 1582 2294 ὁρῶντες
1611 2221 1703 2276 καὶ

123 2329 244 2381 ὅσον
268 2328 429 2381 οὔπω
458 2327 828 2387 ἐκλείποντας,
856 2325 935 2386 είς
964 2320 1132 2390 εὐχὴν
1160 2319 1297 2390 μετά
1323 2317 1431 2372 τῶν
1457 2316 1703 2385 γονάτων

124 2424 217 2474 καὶ
278 2420 457 2491 αὐτὴν
517 2419 796 2479 κλίναντες
846 2416 943 2486 τὴν
997 2413 1262 2483 καρδίαν,
1317 2410 1486 2480 Κύριε
1525 2407 1702 2479 Ἰησοῦ

125 2514 353 2586 Χριστὲ,
382 2513 411 2565 ὁ
441 2512 572 2575 Θεὸς
600 2509 781 2580 ήμῶν,
816 2498 989 2573 εἷπον,
1024 2508 1051 2560 ὁ
1082 2506 1175 2559 καὶ
1218 2505 1489 2575 θαλάσσης
1536 2502 1703 2555 ὕδατα

124 2607 397 2674 πρότερον
424 2603 558 2656 ὡσεὶ
586 2604 763 2671 τεῖχος
791 2600 1031 2668 παγῆναι
1056 2598 1304 2661 ποιήσας,
1338 2596 1431 2649 καὶ
1466 2593 1611 2662 ὕδωρ
1638 2594 1702 2644 ὲκ

125 2699 335 2767 πέτρας
365 2695 525 2748 πάλιν
554 2690 859 2760 ἐξαγαγὼν,
890 2690 1050 2752 αὐτὸς
1080 2686 1369 2756 ὲπίὸλεψον
1396 2687 1488 2739 καὶ
1506 2683 1601 2738 νῦν
1623 2682 1704 2748 ἐφ’

124 2792 299 2860 ἡμᾶς,
342 2785 657 2854 ἐπίϐλεψον,
708 2782 956 2853 βασιλεῦ·
1002 2780 1395 2847 διαπέφλεκται
1417 2778 1526 2847 γὰρ
1557 2778 1705 2847 ίσχυ-

127 2884 239 2955 pili;
276 2882 310 2951 ὴ
334 2880 483 2952 ψυχὴ
511 2877 690 2950 ήμῶν,
728 2877 823 2932 καὶ
842 2875 1112 2946 τρέχομεν
1146 2875 1202 2927 ὲν
1230 2873 1372 2942 δίψει
1425 2871 1703 2940 καύματος

125 2977 184 3025 ὲν
207 2972 432 3043 ἀνύδρῳ
456 2986 471 3004 ·
508 2969 601 3022 σοῦ
643 2970 700 3023 δὲ
731 2968 1078 3039 βουλομένου,
1125 2965 1339 3028 πάντως
1365 2965 1457 3017 καὶ
1492 2962 1635 3033 ὕδωρ
1665 2962 1699 3033 ή

123 3068 219 3135 γῆ,
248 3065 347 3118 καὶ
388 3058 455 3117 αὗ
480 3062 640 3115 πάλιν
669 3061 740 3131 γῆ
770 3060 830 3113 τὸ
863 3059 1005 3130 ὕδωρ
1033 3058 1339 3127 γενήσεται.
1365 3053 1553 3108 Ταῦτα
1586 3054 1704 3106 ἐλε-

126 3158 223 3223 γέν
256 3172 344 3220 τε,
374 3154 469 3205 καὶ
490 3151 669 3220 θερμά
694 3151 905 3218 δάκρυα
945 3149 1052 3204 τῶν
1074 3143 1367 3215 ὀφθαλμῶν
1402 3145 1693 3217 ἀπέρρεον.

128 3243 603 3315 Προσευξαμένων
662 3241 789 3309 γοῦν
840 3240 933 3294 καὶ
986 3241 1065 3302 είς
1097 3238 1186 3291 τὸν
1221 3235 1448 3307 οὐρανὸν
1504 3234 1705 3297 εὐθέως

1810 2051 1948 2095 serta
1991 2053 2046 2096 et
2076 2044 2235 2112 plane
2283 2059 2437 2114 aqua!
2473 2060 2687 2115 expers,
2713 2047 2830 2101 sitis
2861 2064 2956 2103 eos
2991 2049 3181 2103 urebat
3219 2049 3379 2103 vehe-

1810 2136 2167 2191 mentissime.
2221 2135 2295 2191 Ea
2348 2155 2468 2192 cum
2510 2140 2758 2195 viderent
2790 2143 3026 2211 graviter
3053 2144 3220 2212 premi
3263 2128 3379 2207 eos,

1811 2228 1900 2296 qui
1933 2242 2035 2280 una
2065 2232 2168 2282 iter
2196 2228 2655 2298 ingrediebantur,
2680 2242 2733 2285 et
2762 2246 2884 2285 mox
2913 2247 3032 2286 esse
3054 2235 3379 2302 defecturos,

1810 2321 1875 2375 ad
1900 2335 2087 2389 preces
2116 2336 2236 2376 cum
2271 2322 2497 2389 genibus
2538 2324 2711 2392 ipsum
2742 2338 2835 2377 cor
2870 2339 3085 2394 quoque
3119 2327 3383 2381 inclinan-

1814 2422 1932 2467 tes:
1966 2413 2187 2467 Domine
2228 2413 2351 2468 Jesu
2405 2415 2647 2476 Christe,
2691 2415 2829 2469 Deus
2864 2426 3063 2483 noster,
3106 2418 3380 2477 dicebant.

1810 2504 2082 2573 quietiam
2114 2504 2261 2574 prius
2280 2521 2455 2575 aquas
2481 2505 2647 2559 maris
2673 2516 2926 2574 tanquam
2959 2523 3169 2562 murum
3197 2510 3382 2565 ﬁrmas

1812 2595 2029 2652 eﬂ‘ecisti
2057 2607 2110 2651 et
2152 2598 2393 2660 stabiles,
2424 2608 2477 2652 et
2509 2613 2703 2667 aquam
2748 2613 2932 2654 rursus
2962 2600 3195 2654 etluxisti
3229 2616 3259 2655 e
3289 2617 3382 2670 pe-

1813 2698 1924 2755 tra;
1955 2688 2069 2757 ipse
2111 2704 2253 2743 nunc
2283 2704 2496 2759 quoque
2535 2705 2699 2759 super
2738 2705 2835 2745 nos
2875 2693 3114 2760 respice,
3151 2698 3379 2760 respice,

1811 2780 2053 2851 inquam,
2106 2799 2198 2837 rex
2238 2800 2251 2835 :
2292 2783 2445 2837 valde
2478 2786 2621 2838 enim
2680 2786 2828 2839 ardet
2862 2784 3042 2840 nostra
3093 2787 3290 2852 anima,
3326 2798 3383 2841 et

1813 2874 2076 2928 currimus
2127 2874 2181 2928 in
2226 2876 2315 2929 siti
2347 2886 2509 2929 aestus
2546 2876 2596 2930 in
2638 2876 2755 2931 loco
2786 2877 2875 2946 qui
2926 2887 3009 2932 est
3052 2878 3170 2931 sine
3203 2879 3379 2947 aquis.

1816 2963 1890 3019 Te
1918 2976 2095 3019 autem
2127 2968 2357 3032 volente,
2401 2968 2622 3022 omnino
2652 2977 2706 3023 et
2739 2980 2877 3022 terra
2919 2983 3073 3038 aqua,
3109 2978 3162 3024 et
3194 2985 3381 3026 rursus

1812 3070 1948 3124 aqua
1988 3066 2127 3110 terra
2168 3056 2278 3110 (iet.
2310 3057 2431 3111 llaec
2458 3067 2512 3111 et
2541 3060 2808 3123 dicebant,
2839 3071 2891 3113 et
2916 3060 3100 3113 calida:
3130 3060 3381 3131 lacryma:

1812 3148 1892 3201 eis
1920 3146 2160 3202 ﬂuebant
2187 3165 2250 3201 ex
2284 3151 2472 3203 oculis.
2505 3149 2639 3205 Cum
2664 3153 2844 3221 itaque
2872 3164 3140 3214 orassent,
3173 3161 3227 3206 et
3251 3165 3382 3221 pro-

1818 3241 1959 3294 tinus
2004 3241 2055 3293 in
2100 3242 2295 3296 caelum
2355 3244 2749 3311 suspexissent,
2786 3259 2977 3311 purqu
3022 3245 3289 3310 quoddam
3327 3253 3383 3298 et

127 3339 380 3400 ἰδόντων,
411 3332 649 3406 καθαρόν
675 3348 725 3384 τι
746 3332 895 3401 νᾶμα
923 3330 1017 3382 καὶ⁸
1040 3326 1234 3391 sum;
1259 3326 1361 3396 τῆς
1385 3326 1554 3397 ξηρᾶς
1578 3329 1706 3379 ὲκεί-

1815 3333 2155 3399 perspicuum
2214 3333 2471 3387 ﬂuentum
2516 3350 2580 3388 ex
2630 3335 2714 3388 illa
2745 3336 2892 3389 arida
2920 3346 2971 3390 et
3012 3337 3211 3390 inculta
3238 3347 3381 3390 terra

125 3449 224 3500 νης
262 3432 357 3481 καὶ
397 3426 673 3495 ἀνημέρου
704 3427 805 3494 γῆς
831 3421 1137 3477 ἀναδίδοται
1159 3437 1171 3452 ο
1202 3412 1263 3473 οῦ
1288 3422 1380 3474 καὶ
1408 3419 1619 3482 πιόντες
1644 3420 1705 3471 τὸ

126 3522 325 3586 πιέζον
361 3520 559 3580 αὐτοὺς
589 3516 652 3571 τὸ
674 3516 824 3585 δίψος
847 3515 1157 3584 ἐκοίμισαν.

197 3609 332 3666 ΞΠ.
358 3609 473 3678 Τῆς
507 3610 695 3678 φήμης
728 3600 821 3659 οὖν
853 3606 947 3659 καὶ
976 3606 1089 3667 τοῖς
1137 3602 1323 3674 πόρρω
1376 3600 1709 3668 διαδοθείσης

126 3710 432 3777 συνέρρεον
484 3705 621 3773 πρὸς
668 3702 865 3763 αὐτοὺς
916 3701 965 3753 οἱ
1029 3699 1318 3768 περίοικοι,
1368 3700 1459 3751 καὶ
1490 3695 1623 3748 πολύ
1653 3711 1706 3745 τι

124 3802 341 3871 πλῆθος
360 3800 542 3860 αὐτοῖς
568 3796 779 3857 πολλοῖς
797 3795 891 3847 καὶ
913 3792 1176 3854 ποικίλοις
1208 3791 1436 3842 πάθεσιν
1463 3788 1709 3857 ἐνοχλου-

126 3898 320 3966 μένων
358 3892 685 3961 προσήγετο.
733 3885 940 3954 ’Δλλ’ή
995 3883 1101 3935 τῶν
1134 3883 1334 3952 χειρῶν
1388 3880 1497 3949 ἁφὴ
1552 3881 1708 3948 μόνον

122 3987 356 4055 ἑκάστῳ
415 3981 508 4035 τοῦ
568 3980 773 4040 πάθους
820 3977 1030 4043 ἐγίνετο
1074 3975 1381 4043 φάρμακον.
1427 3974 1483 4024 '0
1533 3970 1709 4023 τοίνυν

124 4074 563 4148 μακαριώτατος
606 4072 837 4139 Κλήμης
868 4068 977 4137 (ἐπ’
1010 4066 1172 4119 αὑτὸν
1206 4066 1314 4134 γάρ
1368 4064 1527 4132 μόνον
1554 4057 1709 4124 αὖθις

122 4172 222 4227 τὸν
251 4169 417 4235 λόγον
469 4159 928 4229 ὲπαναγάγωμεν)
967 4156 1110 4210 οὕτω
1157 4158 1386 4226 πάσχειν
1430 4156 1586 4223 ὲδίψα
1623 4155 1710 4206 διὰ

123 4258 396 4330 Χριστὸν,
420 4254 560 4307 ὥστε
597 4252 733 4322 μηδὲ
760 4248 1089 4317 ὀλιγωθῆναι
1119 4249 1238 4308 ταῖς
1268 4248 1563 4314 τιμωρίαις
1615 4245 1708 4298 τὸν

121 4353 333 4427 χρόνον
354 4345 505 4417 αὖτῷ
535 4344 634 4414 τῆς
670 4343 813 4411 ζωῆς
866 4338 1082 4409 ηὔχετο,
1107 4338 1241 4391 ἀλλά
1270 4335 1358 4391 διὰ
1391 4337 1576 4427 τέλους
1602 4352 1709 4387 πα-

124 4426 447 4515 ραταθῆναι
497 4437 565 4489 τὰ
600 4436 937 4502 σκάμματα,
985 4431 1229 4482 Δέσποτα
1275 4426 1465 4496 Κύριε,
1516 4426 1707 4493 λέγων,

125 4536 267 4604 μὸνε
336 4528 556 4600 βασιλεῦ
576 4525 685 4579 τῶν
715 4520 945 4586 αἰώνων,
986 4522 1059 4591 μὴ
1082 4521 1362 4590 ἀναγάγῃς
1395 4536 1459 4589 με
1491 4521 1547 4571 ἐν
1582 4519 1709 4588 ὴμι.

124 4643 218 4678 σει
246 4622 365 4676 τῶν
395 4618 619 4690 ἡμερῶν
654 4633 774 4685 μου,
806 4616 918 4676 τοῖς
951 4613 1335 4683 καθημερινοῖ;
1362 4616 1570 4675 τούτοις
1598 4628 1710 4664 κιν-

121 4718 315 4779 δύνοις
342 4709 796 4779 ἀπαγορεύσαντα
816 4722 831 4738 ο
851 4707 986 4759 ἀλλά
1015 4706 1299 4776 παράσχου
1328 4721 1418 4775 μοι
1442 4704 1517 4773 τῷ
1533 4704 1711 4774 ἀμαρ-

120 4807 293 4878 τωλῷ
323 4805 458 4876 παρ’
486 4802 614 4872 ὃλην
655 4816 755 4871 μου
784 4798 883 4868 τὴν
913 4797 1059 4867 ζωὴν
1089 4797 1231 4865 ὑπὲρ
1256 4794 1350 4848 τοῦ
1377 4794 1472 4848 σοῦ
1505 4793 1711 4864 ὀνόμα-

118 4918 223 4962 τος
252 4898 355 4951 καὶ
377 4895 477 4963 τῆς
508 4893 604 4963 σῆς
639 4888 929 4960 ὁμολογίας
962 4888 1141 4942 πάντα
1173 4886 1387 4950 παθεῖν,
1428 4884 1522 4943 καὶ
1572 4883 1713 4937 αὐτά

122 5011 217 5047 σοι
249 4988 566 5046 καταθῦσαι
613 4984 682 5038 τά
713 4982 875 5053 μέλη,
904 4981 981 5045 ὡς
1011 4980 1078 5034 ἂν
1115 4979 1254 5049 μετά
1289 4978 1533 5039 πλείονος
1569 4977 1712 5031 ἀποο

121 5086 286 5143 λάὀω
314 5079 482 5136 πάλιν
518 5074 660 5133 αὐτὰ
706 5074 807 5143 τῆς
834 5071 1241 5143 λαμπρότητος.
1272 5064 1455 5121 Ταῦτα
1485 5066 1623 5137 ὁμοῦ
1650 5083 1711 5123 τε

122 5179 366 5249 ηὔξατο,
397 5172 493 5224 καὶ
528 5167 709 5238 φωνῆς
737 5163 943 5220 ἀνωθεν
970 5162 1172 5223 εὐθέως
1201 5160 1418 5214 ἀκούειν
1444 5158 1604 5228 ὲῴκει
1628 5173 1640 5187 ·
1675 5159 1707 5229 ή

124 5269 292 5338 φωνὴ
323 5262 385 5319 δὲ
414 5257 514 5335 ῆντ
542 5260 723 5329 Ἀπερ
752 5257 962 5332 ῂτήσω,
995 5254 1215 5325 Κλήμη,
1243 5252 1338 5307 νῦν
1369 5249 1575 5304 δέδοταί
1601 5266 1706 5303 σοι.

126 5365 326 5433 Ἱσχυε
378 5358 475 5411 καὶ
518 5349 840 5423 ἐνδυναμοῦ,
868 5349 962 5404 καὶ
988 5349 1080 5402 τὸν
1108 5348 1307 5418 δρόμον
1332 5345 1501 5407 ὅντως
1547 5342 1707 5413 τρέχε

122 5460 221 5514 τὸν
250 5456 356 5527 τῆς
407 5450 686 5522 ἀθλήσεως
709 5463 722 5477 ’
753 5449 782 5500 ὁ
814 5446 921 5509 πᾶς
951 5444 1060 5514 γάρ
1090 5459 1174 5497 σοι
1200 5442 1295 5513 τῆς
1322 5438 1467 5509 ζωῆς
1496 5438 1708 5491 ὑπόλοι-

122 5571 233 5615 πος
260 5547 484 5619 χρόνος.
539 5544 677 5615 μετά
708 5557 770 5610 γε
792 5541 898 5595 τῶν
926 5540 1028 5611 ήδη
1054 5541 1118 5609 τῇ
1157 5536 1380 5607 ἀθλήσει
1415 5534 1707 5606 ὃιηνυσμέ-

130 5669 241 5702 νων
269 5650 357 5710 είς
390 5643 539 5700 ὀκτὼ
584 5646 679 5699 καὶ
706 5643 908 5697 είκοσιν
935 5642 1029 5713 ἔτη
1058 5640 1133 5711 τῷ
1168 5637 1448 5712 μαρτυρίῳ
1472 5632 1707 5703 ἀριθμη-

125 5740 388 5807 θήσεται.

1813 3428 2096 3477 emittitur.
2130 3426 2201 3478 lix
2230 3444 2477 3493 quocum
2506 3430 2790 3491 bibissent,
2823 3444 2939 3483 eam
2972 3445 3092 3498 qua:
3123 3445 3216 3485 eos
3260 3446 3382 3500 prc-

1810 3520 1987 3573 lttt'llal
2021 3519 2164 3571 sitim
2196 3522 2472 3573 sedarunt.

1879 3605 2111 3661 LXVIII.
2137 3606 2271 3660 Cum
2308 3607 2465 3676 hujus
2492 3618 2670 3662 autem
2706 3610 2785 3663 rei
2815 3607 2953 3664 fama
2977 3610 3137 3665 etiam
3165 3614 3232 3666 ad
3262 3627 3376 3680 eos,

1809 3700 1896 3764 qui
1940 3698 2126 3766 procul
2155 3706 2311 3751 erant
2350 3700 2561 3762 remoti,
2594 3704 2939 3769 pervasisset,
2975 3705 3040 3757 ad
3075 3705 3219 3771 ipsos
3251 3720 3379 3758 con-

1808 3788 2041 3842 ﬂuebant
2075 3789 2163 3856 qui
2198 3788 2551 3844 circumcirca
2588 3790 2919 3859 habitabant,
2970 3804 3021 3847 et
3054 3808 3245 3862 magna
3283 3796 3380 3849 lto-

1810 3880 2013 3933 minum
2041 3880 2351 3945 multitudo,
2384 3881 2476 3949 qui
2506 3881 2686 3935 multis
2708 3891 2763 3937 et
2794 3885 2956 3938 variis
2990 3885 3192 3939 morbis
3224 3901 3379 3939 vexa-

1808 3972 2023 4035 bantur,
2056 3970 2123 4025 ad
2157 3985 2249 4025 eos
2289 3970 2677 4025 adducebatur.
2731 3972 2980 4027 Mannum
3022 3985 3198 4027 autem
3232 3976 3378 4033 solus

1811 4072 2089 4117 contactus
2133 4062 2235 4116 fuit
2300 4063 2590 4131 unicuique
2664 4062 2833 4117 morbi
2904 4066 3373 4121 medicamentum.

1810 4155 2157 4209 Beatissimns
2197 4169 2324 4223 ergo
2370 4153 2621 4209 Clemens
2667 4154 2770 4223 (ad
2810 4153 2983 4224 ipsum
3015 4156 3159 4209 enim
3202 4158 3377 4218 solum

1810 4263 2001 4302 rursus
2050 4248 2343 4301 revertitur
2392 4246 2601 4316 oratio)
2658 4256 2877 4315 propter
2928 4246 3205 4302 Christum
3265 4250 3376 4317 pati

1808 4341 1943 4392 adeo
1967 4338 2199 4398 sitiebat,
2234 4348 2288 4390 ut
2317 4352 2414 4391 nec
2444 4337 2565 4390 vitae
2585 4338 2799 4405 quidem
2823 4353 2932 4393 suae
2965 4348 3172 4408 tempus
3197 4349 3378 4398 oraret

1812 4431 1977 4483 minui
2029 4429 2325 4498 suppliciis,
2361 4431 2455 4483 sed
2499 4428 2615 4497 ejus
2652 4440 2803 4499 septa
2832 4432 3047 4484 extendi
3079 4442 3360 4501 perpetuo:

1812 4522 2055 4585 Domine,
2080 4523 2287 4584 dicens,
2311 4522 2401 4592 qui
2433 4536 2491 4573 es
2515 4521 2661 4574 solus
2707 4537 2802 4575 rex
2831 4523 3171 4588 steculorum,
3197 4540 3264 4579 ne
3292 4539 3377 4578 me

1810 4614 2099 4669 abduxeris
2144 4614 2198 4669 in
2243 4614 2465 4668 dimidio
2491 4612 2702 4667 dierum
2756 4628 3023 4681 meorum,
3075 4616 3158 4669 his
3197 4616 3377 4686 qu0tiv

1812 4708 1987 4763 dianis
2016 4707 2283 4761 defessum
2329 4704 2583 4772 periculis
2614 4706 2745 4759 :sed
2793 4708 3033 4775 praebeas
3066 4708 3200 4763 mihi
3253 4722 3375 4775 pec-

1810 4798 1978 4852 catori
2010 4813 2102 4866 per
2124 4806 2287 4850 totam
2317 4810 2436 4850 eam
2481 4798 2643 4849 vitam
2683 4798 2862 4851 omnia
2892 4798 2998 4865 pati
3030 4812 3125 4865 pro
3156 4806 3250 4850 tuo
3279 4812 3376 4850 nos

1810 4890 1956 4945 mine
2002 4899 2056 4943 et
2101 4898 2189 4942 tua
2220 4886 2582 4951 confessione,
2616 4896 2668 4941 et
2714 4886 2799 4941 vel
2846 4888 2958 4954 ipsa
3007 4887 3101 4941 tibi
3130 4890 3373 4949 membra

1809 4979 2147 5043 sacriﬁcare,
2207 4989 2265 5031 ut
2317 4992 2379 5032 ea
2436 4992 2622 5031 rursus
2675 4978 2936 5045 accipiam
2998 4992 3119 5031 cum
3176 4980 3373 5047 majori

1810 5072 2113 5143 splendore.
2148 5070 2273 5125 Haec
2296 5070 2452 5124 simul
2484 5085 2547 5124 ac
2571 5081 2823 5140 precatus
2850 5080 2955 5131 est.
2986 5074 3133 5127 visus
3165 5079 3247 5127 est
3270 5073 3374 5126 sibi

1816 5179 2000 5219 vocem
2026 5164 2211 5218 audire
2234 5178 2298 5216 ex
2327 5160 2455 5227 alto,
2491 5161 2754 5215 dicentem
2786 5178 2799 5213 :
2828 5160 2958 5228 Quae
2988 5161 3208 5227 petiisti,
3254 5160 3376 5217 Cleo

1816 5272 1989 5323 mens,
2031 5271 2094 5310 ea
2126 5269 2265 5309 nunc
2292 5252 2385 5307 tibi
2431 5253 2553 5307 data
2595 5262 2738 5307 sunt.
2769 5251 2844 5305 Te
2875 5251 3095 5306 fortiter
3137 5265 3282 5321 gere,
3322 5265 3377 5315 ex

1816 5359 1932 5402 tnas
1963 5348 2106 5402 vires
2130 5344 2411 5406 conﬁrma,
2435 5352 2491 5396 et
2524 5342 2837 5397 certaminis
2864 5356 3081 5398 cursum
3116 5350 3373 5396 consum.

1816 5454 1895 5497 ter
1936 5440 2163 5496 conﬁce.
2210 5437 2529 5496 Universum
2565 5437 2709 5491 enim
2748 5434 2888 5503 quod
2917 5433 3012 5491 tibi
3058 5444 3223 5487 restat
3252 5432 3377 5489 vita

1814 5545 2047 5605 tempus,
2099 5547 2217 5587 cum
2272 5532 2359 5594 iis,
2426 5544 2547 5598 quae
2603 5529 2853 5581 certando
2904 5527 3015 5595 jam
3059 5542 3086 5578 a
3153 5535 3203 5578 te
3250 5533 3378 5578 sunt

1823 5638 2040 5699 peracta
2062 5668 2076 5691 ,
2098 5625 2467 5681 numerabitur
2502 5628 2567 5679 ad
2600 5621 2780 5689 viginti
2813 5630 2867 5675 et
2889 5631 3009 5675 oeto
3034 5634 3203 5675 annos
3234 5632 3378 5671 mar-

1819 5720 1965 5790 tyrii.
