4154 6490
802 390 905 454 871

798 599 1029 664 cepisset
1073 606 1278 648 eertum
1319 595 1512 662 pignus
1562 595 1826 664 nfartyrii,
1864 594 1929 646 ad
1965 595 2368 665 Ancyranorum

797 691 1068 742 civitatem
1122 700 1307 738 rursus
1343 685 1678 738 confidenter
1719 685 2048 752 procedebat
2103 699 2204 738 una
2247 699 2368 737 rum

800 777 1186 846 Agathungclo.
1231 776 1330 841 Qui
1385 791 1479 829 eos
1524 786 1698 828 autem
1748 775 2087 829 abducebaut
2141 777 2368 840 milites,

798 872 1076 924 audientes
1128 869 1505 936 imperatorem
1560 868 1735 921 adhuc
1776 869 1979 920 versari
2040 866 2223 919 Tui-sis
2276 881 2372 934 op-

800 962 925 1031 pido
984 959 1211 1022 Cilicia,
1269 959 1394 1011 illuc
1446 958 1508 1010 ad
1551 973 1672 1012 eum
1717 968 1934 1012 sanctos
1995 959 2214 1012 ducunt.
2281 957 2374 1011 Ille

801 1068 981 1108 autem
1008 1069 1126 1106 cum
1172 1067 1262 1105 eos
1297 1051 1480 1104 statim
1518 1051 1634 1104 sisti
1659 1060 1905 1103 curasset
1943 1058 1998 1102 ct
2033 1051 2082 1102 id
2119 1050 2258 1117 quod
2292 1063 2374 1101 re-

800 1162 924 1202 vera
974 1153 1090 1200 erat
1135 1145 1400 1206 celasset,
1440 1143 1690 1198 simulata
1725 1143 2090 1210 benignitate,
2139 1141 2375 1194 humane

799 1249 852 1294 cl.
903 1240 1113 1309 placide
1155 1253 1250 1292 eos
1293 1240 1526 1306 primum
1564 1235 1866 1290 conabatur
1900 1237 2199 1288 inducere:
2241 1235 2371 1290 Mihi

800 1329 1090 1391 videmini,
1127 1328 1346 1388 dicens,
1393 1343 1426 1380 ο
1467 1327 1606 1390 viri,
1643 1332 1924 1394 propterea
1967 1325 2019 1376 in
2054 1323 2372 1385 hodiernum

799 1435 969 1487 usque
1003 1420 1144 1473 diem
1176 1434 1278 1470 non
1323 1417 1603 1470 induxisse
1652 1418 1705 1470 in
1745 1417 2007 1480 animum,
2055 1425 2112 1477 ιιι
2156 1417 2375 1468 omnino

799 1510 1098 1574 cctleretis,
1141 1509 1234 1562 sed
1283 1508 1337 1562 in
1368 1523 1463 1562 eos
1495 1508 1672 1575 potius
1697 1548 1711 1570 ,
1757 1509 1826 1560 ad
1852 1522 1985 1575 quos
2026 1506 2172 1558 missi
2208 1507 2338 1566 estis
2359 1547 2371 1570 ,

800 1601 1131 1671 immorigeri
1174 1600 1338 1654 fuisse
1385 1608 1440 1652 et
1471 1597 1818 1660 contentiosi,
1857 1607 1915 1648 ut
1955 1600 2022 1649 ad
2069 1610 2165 1649 nos
2205 1611 2376 1664 usque

803 1695 1092 1756 veniretis,
1131 1703 1186 1746 et
1227 1707 1332 1745 non
1376 1692 1525 1760 prius
1560 1691 1611 1742 in
1646 1690 1872 1758 alicujus
1925 1688 2178 1752 alterius,
2213 1704 2372 1755 quam

803 1787 854 1838 in
890 1786 1058 1852 ipsius
1097 1782 1448 1852 imperatoris
1475 1766 1646 1834 oculis
1675 1780 2041 1833 mutaremini.
2080 1778 2193 1830 Scit
2229 1779 2372 1830 enim

2037 387 2314 448 MENSIS
2353 388 2824 450 J.-\i\'UAl.ilUS.‘

873 503 1055 559 LXiX.
1099 504 1187 557 Sic
1210 503 1597 572 ergoegregius
1613 502 1880 564 Clemens,
1911 517 2030 556 cum
2056 520 2084 557 e
2114 505 2249 557 ratio
2280 520 2370 556 ιιι·-
2401 512 2442 565 Α

3955 388 4050 450 872

2544 503 2660 556 33'.
2695 503 2882 565 Οὕτως
2909 497 3000 556 οὖν
3035 504 3062 554 ὁ
3100 503 3341 571 γενναῖος
3384 499 3613 572 Κλήμης
3638 499 3696 566 ἐξ
3731 500 3974 572 οὐρανοῦ
4003 505 4053 554 τὸ

2469 594 2564 646 τοῦ
2602 594 2906 665 μαρτυρίου
2936 594 3118 646 λαϐὼν
3144 595 3426 664 ἐχέγγυον,
3459 595 3538 656 είς
3566 593 3666 663 τὴν
3692 594 4048 664 ’Δγκυριινῶν

2472 681 2627 748 αὖθις
2655 687 2749 738 σὺν
2794 685 3181 754 Ἀγαθαγγέλῳ
3229 685 3550 746 πεποιθότες
3579 683 3826 756 ἐχώρουν
3850 701 3866 714 ο
3920 687 3971 737 οἱ
4002 686 4052 735 δὲ

2473 775 2775 842 ἀπάγοντες
2824 776 3021 838 αὐτοὺς
3054 775 3379 845 στρατιῶται
3407 775 3704 844 διατρίϐειν
3760 777 3825 827 ἐν
3857 775 4052 842 Ταρσῷ

2473 868 2568 936 τῆς
2603 868 2852 932 Κιλικίας
2909 868 2988 920 ἔτι
3025 868 3114 921 τὸν
3150 868 3374 938 βασιλέα
3413 868 3730 938 πυθόμενοι,
3771 870 3898 921 ἐκεῖ
3926 867 4052 936 παρ’

2474 959 2632 1010 αὐτὸν
2667 961 2855 1026 ἄγουσι
2909 961 3035 1022 τοὺς
3077 961 3286 1026 ἁγίους.
3340 959 3397 1011 Ὁ
3438 960 3496 1012 δὲ
3553 961 4052 1028 παραστησάμενος

2474 1048 2673 1110 εὐθέως
2691 1050 2904 1112 αὐτοὺς,
2927 1050 3019 1104 καὶ
3043 1048 3256 1119 κρύψας
3277 1047 3304 1100 ὃ
3325 1049 3440 1110 ταῖς
3458 1047 3738 1116 ἀληθείαις
3758 1045 3855 1116 ἦν,
3886 1065 4052 1116 προσ-

2475 1142 2676 1210 ποιὴτῳ
2713 1139 3113 1211 φιλανθρωπίᾳ,
3181 1139 3403 1208 ἡμέρως
3437 1137 3579 1190 οὕτω
3633 1139 3726 1190 καὶ
3759 1138 4052 1207 προσηνῶς

2475 1233 2853 1300 ἐπαγαγέσθαι
2883 1233 3093 1302 πρῶτον
3129 1229 3904 1299 αὐτοὺςὲπειρᾶτο·Ἐοὶκατέ
3941 1249 4047 1296 μοι,

2475 1327 2665 1392 λέγων,
2711 1319 2755 1379 ὦ
2784 1327 2996 1393 ἄνδρες,
3034 1325 3114 1378 ὅτι
3161 1323 3248 1376 διὰ
3300 1322 3460 1376 τοῦτο
3503 1323 3663 1393 μέχρι
3697 1323 3792 1374 καὶ
3826 1321 3924 1374 νῦν
3959 1324 4051 1374 οὐκ

2476 1415 2614 1482 εἶξαι
2644 1418 2704 1469 τὸ
2738 1420 3001 1491 παράπαν
3029 1418 3148 1474 οὐδὲ
3197 1417 3439 1470 ἐνδοῦναι
3471 1418 3791 1486 ἀνέσχεσθε,
3827 1419 3949 1470 diti“
3976 1420 4050 1470 ὅτι

2480 1513 2676 1580 μᾶλλον
2725 1514 2819 1577 καὶ
2868 1514 3004 1583 πρὶς
3053 1512 3146 1574 οὓς
3200 1512 3632 1581 παρεπέμφθητε
3657 1514 3782 1566 λίαν
3809 1515 4052 1575 ἀπειθεῖς

2477 1602 2775 1669 κατέστητε
2835 1603 2929 1654 καὶ
2963 1601 3274 1669 φιλόνεικοι,
3318 1602 3384 1654 ἵν’
3418 1603 3523 1664 ἕως
3552 1603 3710 1673 ἡμῶν
3746 1604 3935 1655 αὐτῶν
3974 1605 4052 1654 ἐλ-

2476 1691 2627 1759 θητε,
2653 1693 2746 1746 καὶ
2774 1692 2846 1762 μὴ
2868 1694 2958 1746 ὑπ’
2977 1694 3120 1763 ἄλλῳ
3150 1696 3252 1746 τινὶ
3285 1696 3570 1764 πρότερον,
3603 1695 3718 1747 ἀλλ’
3748 1695 3780 1765 ἢ
3816 1697 3926 1748 ὐπὸ
3947 1699 4053 1757 τοῖς

2478 1784 2644 1837 αὐτοῦ
2689 1785 2950 1853 βασιλέως
3009 1787 3308 1857 ὀφθαλμοῖς
3354 1788 3718 1858 μεταϐάλητε,
3772 1785 3900 1841 Οἵδε
3952 1789 4051 1858 γὰρ

801 1891 942 1946 saepe
961 1875 1246 1944 praesentia
1281 1873 1626 1944 imperatoris
1673 1872 1912 1924 animum
1946 1883 2160 1940 quoque
2198 1879 2371 1919 trans-

2484 1848 2738 1937 πολλάκις
2761 1877 3031 1944 παρουσία
3052 1848 3311 1947 ,βασιλικὴ
3341 1848 3437 1930 καὶ
3465 1848 3689 1947 γνώμην
3713 1848 4052 1946 μεταποιεῖν,

803 1977 1033 2030 mutare,
1085 1975 1143 2019 et
1184 1964 1236 2018 id
1273 1965 1412 2032 quod
1461 1973 1544 2016 est
1577 1962 1730 2015 valde
1768 1961 2046 2014 inimicum
2085 1972 2376 2028 provocare

805 2061 869 2113 ad
924 2057 1374 2112 benevolentiam.
1416 2055 1549 2108 Ecce
1601 2068 1730 2120 ergo
1779 2064 1967 2105 nostro
2025 2061 2240 2118 aspectu
2296 2048 2376 2102 di-

802 2151 946 2219 gnati
981 2150 1112 2205 estis
1163 2152 1215 2202 in
1265 2146 1587 2217 praesentia,
1639 2145 1949 2213 propediem
2004 2151 2184 2203 autem
2232 2141 2373 2211 digni

803 2254 1019 2311 quoque
1061 2249 1246 2294 nostra
1282 2235 1634 2291 censebimini
1689 2233 2068 2287 benevolentia
2097 2273 2111 2297 ,
2149 2232 2191 2286 si
2230 2233 2378 2299 prius

805 2335 935 2400 deos
981 2341 1036 2384 ut
1086 2339 1390 2382 servatores
1436 2335 1490 2380 et
1536 2338 1848 2379 communes
1893 2323 2166 2377 hominum
2217 2335 2378 2375 cura-

803 2432 946 2475 tores
999 2421 1294 2474 eolueritis.
1331 2416 1581 2471 Praeclari
1633 2423 1812 2468 autem
1845 2414 1945 2467 viri
1981 2413 2240 2482 praeclare
2284 2412 2379 2465 ad-

804 2516 1020 2567 modum
1053 2511 1444 2579 respoudentes
1483 2527 1496 2560 :
1535 2506 1687 2572 Quod
1738 2508 1803 2560 ad
1844 2515 1988 2559 tuam
2025 2504 2239 2572 quidem
2283 2520 2379 2573 po-

809 2605 1068 2665 tentiam,
1117 2602 1406 2661 dixerunt,
1450 2598 1662 2652 deducti
1712 2612 1932 2659 sumus,
1983 2612 2015 2650 o
2065 2597 2374 2663 imperator,

805 2693 907 2761 ipsi
937 2706 1152 2761 quoque
1185 2692 1428 2746 laetamur
1475 2707 1488 2742 :
1528 2688 1621 2744 sed
1653 2696 1710 2740 ut
1745 2687 1834 2756 qui
1867 2701 1965 2758 pro
1995 2696 2086 2740 tuo
2121 2686 2379 2740 tribunali

804 2787 1067 2854 supplicio
1099 2794 1316 2853 propter
1350 2782 1661 2844 Christum,
1701 2795 1808 2834 non
1843 2780 2026 2846 aliquo
2056 2786 2234 2832 autem
2273 2777 2380 2832 alio

808 2881 1030 2939 honore,
1063 2876 1208 2944 digni
1234 2878 1404 2929 simus
1435 2872 1712 2927 censendi.
1740 2871 1830 2926 Sic
1861 2871 2004 2924 enim
2035 2885 2156 2922 cum
2187 2883 2379 2938 magna

808 2968 1001 3021 liducia
1052 2967 1310 3023 sistentur
1359 2965 1423 3017 ad
1472 2963 1618 3022 illius
1669 2961 1940 3024 terribile,
1983 2960 2214 3028 etquod
2253 2973 2380 3012 cor-

807 3059 982 3126 rumpi
1035 3059 1254 3112 minime
1302 3065 1517 3125 potest,
1556 3054 1788 3106 tribunal
1833 3069 1846 3104 :
1888 3067 2048 3121 quam
2081 3062 2139 3103 ut
2187 3066 2381 3107 conse-

806 3153 1011 3222 quaris,
1035 3162 1086 3204 te
1120 3165 1330 3217 quoque
1376 3162 1654 3216 rogamus,
1686 3161 1718 3200 ο
1748 3146 2059 3217 imperator.
2085 3143 2206 3211 Ipse
2236 3145 2377 3197 enim

806 3256 912 3312 est,
958 3261 1052 3316 per
1080 3259 1241 3313 quem
1271 3254 1325 3296 et
1361 3256 1512 3310 reges
1549 3253 1677 3294 vere
1705 3245 1954 3307 regnant,
1986 3246 2040 3290 et
2078 3235 2291 3306 tyranni
2320 3236 2373 3290 in

809 3349 953 3392 terra
1006 3338 1337 3390 dominatum
1395 3333 1662 3386 obtinent.
1695 3330 1809 3398 Ipse
1859 3329 2003 3382 enim
2054 3338 2170 3392 est,
2202 3327 2290 3395 qui
2323 3336 2378 3380 et

808 3431 1038 3484 destruit
1094 3441 1310 3481 omnem
1359 3435 1612 3495 gentem,
1659 3431 1713 3476 et
1761 3419 2126 3474 Romanorum
2174 3419 2381 3472 extollit

811 3519 1092 3587 imperium
1117 3559 1130 3582 ,
1165 3528 1220 3572 et
1251 3519 1425 3572 adhuc
1475 3517 1647 3585 magis
1689 3514 1944 3578 extollet,
1976 3519 2032 3566 et
2079 3526 2174 3580 per
2200 3513 2377 3579 ipsum

809 3611 1060 3664 omnibus
1100 3610 1466 3665 dominabitur
1513 3608 1781 3678 gentibus.
1817 3605 1969 3671 Quod
2007 3605 2222 3672 quidem
2253 3618 2380 3671 pro-

813 3702 970 3768 pheta
991 3715 1204 3771 quoqne
1241 3700 1475 3769 appellat
1502 3700 1706 3768 virgam
1746 3697 1976 3751 ferream
2021 3713 2035 3749 :
2075 3695 2231 3749 Dedit
2264 3694 2380 3760 tibi,

811 3791 1020 3857 dicens,
1068 3801 1254 3859 gentes
1286 3791 1653 3854 haereditatem
1688 3795 1856 3853 tuam,
1897 3795 1951 3841 et
1985 3785 2380 3854 possessionem

815 3891 958 3934 tuam
1002 3883 1134 3936 lines
1187 3894 1360 3937 terrae.
1420 3881 1618 3936 Pasces
1682 3895 1776 3936 eos
1824 3880 1874 3932 in
1915 3879 2062 3947 virga
2120 3876 2380 3932 ferrea".

2476 1966 2570 2018 καὶ
2600 1965 2658 2017 τὸ
2689 1966 2895 2036 σφόδρα
2914 1968 3168 2036 πολέμιον
3188 1969 3611 2036 μετακαλεῖσθαι
3645 1969 3781 2040 πρὸς
3814 1969 4051 2021 εὔνοιαν.

2491 2056 2623 2109 Ἰδοὺ
2666 2057 2950 2123 τοιγαροῦν
2989 2060 3087 2127 τῆς
3136 2059 3410 2130 ἡμετέρας
3439 2061 3562 2126 τόγε
3596 2058 3692 2111 νῦν
3729 2060 3858 2129 ἔχον
3884 2060 4054 2128 ὄψεως

2475 2141 2782 2217 ﬁgmenta,
2822 2147 2921 2198 οὐκ
2955 2149 3034 2206 είς
3097 2147 3312 2217 μακρὰν
3364 2147 3421 2199 δὲ
3461 2149 3554 2200 καὶ
3607 2148 3705 2216 τῆς
3765 2149 4055 2216 εὐμενείας

2477 2236 2871 2307 ἀξιωθήσεσθε,
2906 2238 2961 2290 εί
3004 2255 3065 2307 γε
3093 2239 3216 2299 τοὺς
3248 2239 3402 2302 θεοὺς
3440 2241 3705 2310 πρότερον
3736 2237 3827 2292 οἷα
3879 2240 4057 2306 σωτῆ-

2481 2346 2580 2396 ρας
2604 2330 2696 2382 καὶ
2726 2329 3028 2398 κηδεμόνας
3071 2331 3373 2401 ἀνθρώπων
3396 2333 3605 2394 κοινοὺς
3655 2331 4062 2401 θεραπεύσητε.

2478 2423 2586 2475 Καὶ
2614 2425 2663 2475 οἱ
2682 2427 2918 2490 γενναῖοι
2947 2424 3089 2494 μάλα
3117 2425 3380 2492 γενναίως
3403 2425 3782 2487 ὑπολαϐοντες·
3805 2425 3937 2478 Ὀτι
3966 2427 4058 2492 μὲν

2477 2513 2556 2582 τῷ
2587 2513 2662 2583 σῷ
2681 2514 2868 2584 κράτει
2899 2515 3268 2585 παρέστημεν,
3296 2511 3469 2582 εἷπον,
3488 2509 3532 2568 ὧ
3551 2514 3796 2584 βασιλεῦ,
3820 2515 4060 2584 ἡδόμεθα

2480 2604 2654 2667 αὐτοὶ,
2696 2604 2840 2673 ’πλὴν
2877 2604 3050 2668 ἄλλως
3089 2604 3353 2674 τιμωρίας
3400 2607 3485 2658 διὰ
3536 2606 3769 2676 Χριστὸν
3816 2608 3915 2658 καὶ
3958 2606 4062 2675 πρὸ

2478 2695 2574 2748 τοῦ
2600 2696 2693 2750 σοῦ
2725 2696 2990 2767 βήματος,
3012 2700 3110 2767 οὐχ
3142 2698 3215 2760 ὥς
3254 2715 3398 2761 τινος
3439 2698 3602 2766 ἄλλης
3630 2698 3796 2766 τιμῆς
3826 2698 4065 2764 ἀξιωθη-

2483 2787 2696 2856 σόμενοι
2719 2804 2734 2817 ο
2763 2788 2933 2850 οὕτως
2961 2787 3027 2841 ἂν
3059 2790 3166 2858 γᾲρ
3203 2790 3339 2858 μετὰ
3373 2790 3572 2858 πολλῆς
3604 2790 3700 2858 τῆς
3736 2791 4064 2859 παρρησίας

2478 2877 2558 2948 τῷ
2585 2879 2800 2949 φοϐερῷ
2817 2879 3027 2932 ἐκείνου
3054 2881 3147 2934 καὶ
3179 2881 3456 2950 ἀδεκάστῳ
3479 2880 3681 2950 βήματι
3713 2880 4069 2950 παρασταίηο

2484 2985 2606 3038 μεν,
2644 2965 2710 3046 ἧς
2734 2973 3009 3040 ἐπιτυχεῖν
3035 2971 3307 3041 εὐχόμεθα
3338 2973 3431 3026 καὶ
3463 2975 3548 3036 σὲ,
3586 2971 3846 3041 βασιλεῦ’
3904 2976 4066 3034 αὐτὸς

2481 3061 2586 3131 γάρ
2621 3063 2735 3116 ἐστι
2781 3063 2849 3118 δι’
2877 3057 2940 3116 οὗ
2982 3063 3218 3132 βασιλεῖς
3258 3063 3620 3133 βασιλεύουσι,
3654 3064 3749 3116 καὶ
3801 3065 4066 3134 τύραννοι

2483 3152 2744 3222 κρατοῦσι
2766 3153 2869 3223 γῆς
2889 3167 2902 3182 ·
2931 3154 3095 3216 αὐτὸς
3121 3157 3149 3206 ὁ
3168 3155 3261 3207 καὶ
3291 3156 3398 3206 πᾶν
3425 3155 3576 3217 ἔθνος
3613 3155 3929 3223 καθαιρῶν,
3975 3159 4066 3206 καὶ

2479 3243 2578 3312 τὴν
2617 3245 2901 3314 Ῥωμαίων
2923 3247 3098 3316 ἀρχὴν
3121 3246 3292 3316 ὑψῶν,
3325 3248 3418 3299 καὶ
3447 3246 3526 3299 ἔτι
3561 3247 3762 3315 μᾶλλον
3796 3248 4063 3315 ὐψὼσιυν,

2480 3336 2573 3387 καὶ
2603 3333 2672 3387 δι’
2701 3335 2865 3388 αὐτοῦ
2894 3336 3226 3406 βασιλεύσων
3257 3336 3474 3390 πάντων
3503 3337 3671 3391 ἐθνῶν
3699 3353 3714 3367 ⁸
3766 3338 3837 3407 ἣν
3874 3338 3943 3408 δὴ
3977 3340 4067 3390 καὶ

2484 3425 2678 3495 ῥάϐδον
2707 3429 2734 3479 ὁ
2764 3428 3051 3498 προφήτης
3105 3427 3334 3497 σιδηρᾶν
3359 3429 3635 3494 ὀνομάζει,
3683 3429 3913 3482 Δέδωκά
3961 3447 4066 3492 σοι,

2483 3515 2676 3584 λέγων,
2706 3516 2833 3588 ἔθνη
2863 3517 2960 3588 τὴν
2989 3519 3353 3589 κληρονομίαν
3380 3537 3494 3583 σου,
3528 3521 3621 3572 καὶ
3653 3520 3752 3589 τὴν
3784 3523 4069 3590 κατάσχε-

2485 3607 2569 3660 σίν
2625 3625 2718 3660 σου
2767 3609 2836 3660 τὰ
2895 3610 3110 3680 πέρατα
3142 3610 3239 3678 τῆς
3269 3610 3394 3679 γῆς’
3450 3612 3736 3678 ποιμανεῖς
3777 3611 3984 3671 αὐτοὺς
4012 3613 4068 3660 ἐν

2492 3699 2671 3769 ῥάϐδῳ
2707 3699 2918 3770 σιδηρᾷ.
2957 3701 3067 3754 Καὶ
3106 3699 3348 3770 βασιλεῖς
3377 3700 3434 3753 δὲ
3472 3699 3590 3770 μεθ’
3635 3700 3784 3769 ὑμᾶς
3819 3699 4070 3760 εὐσεϐεῖς

2492 3790 2806 3861 ἀναστήσει·
2840 3791 2932 3844 καὶ
2951 3792 3109 3845 τοῦτο
3127 3793 3234 3862 γὰρ
3258 3793 3336 3863 τῷ
3364 3791 3643 3862 Πνεύματι
3662 3791 4071 3862 προαναπφίίθ

2491 3895 2668 3948 νηται.

818 3975 981 4029 Porro
1014 3987 1192 4030 autem
1238 3976 1594 4044 imperatores
1665 3990 1904 4045 quoque,
1935 3974 2027 4044 qui
2054 3989 2150 4030 vos
2187 3981 2504 4042 sequentur,
2572 3975 2834 4032 excitabit
2873 3977 2993 4047 pios
3030 3983 3086 4035 et
3137 3977 3251 4033 veri
3301 3977 3392 4033 Dei
3461 3976 3715 4035 cultores.
3778 3976 3918 4033 Nam
3975 3979 4073 4033 hoc

815 4080 1032 4136 quoque
1069 4067 1216 4136 prius
1248 4067 1493 4122 elocutus
1529 4076 1614 4121 est
1644 4066 1900 4138 Spiritus.

887 4227 1048 4284 LXX.
1078 4228 1172 4282 His
1190 4242 1320 4298 ergo
1363 4228 1735 4286 vehementius
1774 4236 2074 4284 commotus
2104 4228 2383 4284 Maximia-

819 4337 939 4385 nus,
959 4320 1256 4387 Quosnam,
1282 4321 1479 4396 inquit,
1502 4335 1535 4374 ο
1557 4334 1673 4384 vos,
1703 4320 1792 4389 qui
1813 4320 2047 4374 violenta
2063 4321 2195 4374 estis
2213 4330 2386 4374 morte

821 4412 1064 4481 perituri,
1105 4411 1318 4480 legistis
1352 4412 1518 4466 libros
1546 4411 1815 4477 fatidicos,
1847 4413 1938 4482 qui
1977 4413 2092 4465 hac
2139 4409 2388 4465 fabulan-

821 4503 950 4557 tur?
982 4503 1056 4556 llli
1087 4512 1264 4556 autem
1289 4521 1303 4556 :
1331 4501 1443 4556 Non
1489 4503 1760 4567 fatidicos,
1795 4505 1888 4556 sed
1917 4503 2259 4571 proplteticos
2287 4515 2385 4575 p0-

821 4594 948 4658 tius,
983 4595 1255 4660 dixerunt,
1292 4608 1324 4646 o
1370 4593 1687 4662 imperator,
1734 4594 1786 4647 in
1831 4594 2027 4660 quibus
2061 4593 2246 4661 utique
2287 4593 2387 4646 hoc

820 4699 1030 4754 quoque
1067 4686 1324 4755 scriptum
1355 4695 1436 4740 est
1459 4703 1473 4738 :
1499 4683 1800 4757 Exsurgere
1831 4683 1992 4738 faciet
2026 4686 2165 4738 Deus
2192 4687 2242 4738 in
2275 4684 2388 4736 die-

823 4779 924 4830 bus
968 4777 1280 4830 novissimis
1325 4792 1477 4846 reges
1509 4778 1646 4844 pios.
1680 4777 2039 4829 Maximianus
2071 4790 2229 4838 vero,
2263 4774 2386 4829 dum

821 4866 884 4934 ii
919 4867 1033 4920 haec
1087 4868 1361 4933 dicerent,
1415 4870 1818 4935 interrumpens
1867 4868 2167 4920 orationem
2205 4883 2218 4919 :
2252 4865 2389 4931 Quid

824 4969 1009 5022 vero,,
1035 4957 1226 5025 inquit,
1276 4973 1379 5010 non
1424 4973 1519 5010 nos
1551 4959 1585 5010 ii
1621 4973 1829 5021 sumus,
1862 4957 1951 5026 qui
1995 4956 2048 5019 in
2079 4956 2210 5010 deos
2242 4964 2389 5009 tanta

825 5030 1023 5116 pietate
1059 5050 1291 5120 utimur,
1337 5061 1395 5102 ut
1427 5063 1518 5100 eos
1546 5063 1758 5116 quoque
1788 5048 1880 5120 qui
1912 5049 1989 5101 eis
2021 5062 2125 5101 non
2156 5055 2387 5116 parent,

825 5122 1216 5209 ut‘nuncivos',
1248 5117 1399 5192 inalis
1447 5137 1742 5191 adiciamus
1791 5136 2165 5205 gravissimis?
2192 5137 2390 5201 Quam-

825 5237 1012 5297 obrem
1035 5212 1256 5301 magnus
1274 5231 1543 5291 Clemens,
1574 5232 1766 5284 silente
1789 5229 2152 5300 Agathangelo
2173 5245 2186 5280 :
2211 5228 2336 5290 Sed,
2358 5242 2390 5280 ο

825 5325 1138 5392 imperator,
1169 5322 1362 5389 inquit,
1405 5323 1448 5374 si
1483 5321 1665 5375 fuisset
1697 5321 1913 5389 quidem
1949 5320 2128 5388 aliqua
2161 5319 2392 5372 mutatio

829 5413 1156 5483 impietatis,
1193 5429 1258 5466 ex
1307 5429 1413 5482 quo
1453 5413 1581 5466 illud
1628 5415 1940 5482 praedictum
1996 5421 2079 5466 est
2113 5411 2391 5479 propheti-

831 5520 992 5569 cum,
1025 5520 1085 5559 ea
1126 5521 1243 5574 quin
1289 5521 1319 5556 a
1365 5516 1415 5558 te
1463 5507 1602 5558 dicta
1650 5513 1808 5566 sunt,
1853 5504 2083 5572 aliquam
2133 5501 2394 5555 haberent

833 5597 1117 5651 rationem.
1172 5598 1306 5652 Cum
1346 5608 1523 5651 autem
1553 5597 1730 5652 cultus
1757 5596 2170 5650 simulacrorum
2212 5595 2263 5647 in
2301 5594 2397 5647 ho-

906 5776 945 5805 "
981 5775 1120 5829 l‘sal.
1155 5789 1217 5839 lt,
1248 5773 1301 5828 9.

2559 4231 2635 4283 0'.
2659 4229 2945 4298 Ὀξύτερον
2964 4229 3143 4282 τοίνυν
3168 4228 3302 4298 πρὸς
3323 4228 3494 4282 ταῦτα
3518 4228 3762 4298 κινηθεὶς
3788 4231 4076 4301 Μαξιμια-

2490 4323 2614 4385 νός⁹
2648 4323 2837 4388 Ποίας,
2887 4321 3013 4390 ἔφη,
3049 4322 3432 4390 βιαιοθάνατοι,
3476 4324 3745 4390 μαντικὰς
3791 4324 4075 4391 ἀνέγνωτε

2495 4413 2708 4483 βίϐλους
2743 4414 2810 4466 τὰ
2845 4412 3069 4466 τοιαῦτα
3100 4411 3531 4481 μυθολογούσας;
3562 4441 3632 4451 —
3659 4413 3735 4464 Οὐ
3772 4418 4075 4481 μαντικὰς,

2494 4504 2629 4557 ἀλλὰ
2663 4503 3005 4572 προφητικὰς
3048 4502 3267 4571 μᾶλλον,
3302 4499 3455 4554 εἷπον
3482 4504 3699 4562 ἐκεῖνοι,
3745 4497 3790 4555 ὦ
3813 4487 4070 4571 βασιλεῦ,

2493 4598 2549 4648 ὲν
2579 4591 2666 4656 αίς
2709 4612 2811 4648 που
2842 4593 3114 4648 καὶτοῦτο
3144 4595 3482 4663 γέγραπται·
3524 4595 3847 4663 ’Λναστὴσει
3878 4599 3908 4649 ὁ
3940 4600 4075 4665 Θεὶς

2496 4689 2554 4740 ὲν
2580 4689 2702 4749 ταῖς
2751 4688 3009 4756 ἐσχάταις
3057 4687 3292 4757 ἡμέραις
3342 4685 3583 4754 βασιλεῖς
3634 4689 3910 4750 εὐσεϐεῖς.
3965 4692 4076 4741 Καὶ

2494 4775 2838 4846 Μαξιμιανδς
2869 4775 3071 4845 μεταξὺ
3122 4776 3389 4842 λεγόντων
3443 4777 3621 4828 αὐτῶν
3645 4777 4076 4844 ιέπιλαϐὁμεγς

2496 4867 2590 4921 τοῦ
2627 4868 2821 4934 λόγου,
2878 4868 2940 4918 Τί
2969 4867 3054 4932 δές
3105 4870 3201 4936 οὐχ
3255 4869 3434 4936 ἡμεῖς,
3461 4863 3646 4932 εἶπεν,
3698 4864 3867 4928 οὗτοι,
3923 4873 4075 4935 οἶγε

2496 4959 2728 5033 τοσαύτῃ
2766 4961 2889 5026 περὶ
2940 4960 3062 5026 τοὺς
3095 4957 3251 5021 θεοὺς
3298 4959 3548 5030 εὐσεϐείᾳ
3583 4959 3872 5030 χρώμεθα,
3926 4960 4078 5028 ὥστε

2498 5054 2588 5105 καί
2609 5053 2731 5112 τοὺς
2756 5050 3109 5112 ἀπειθοῦντας
3131 5051 3336 5114 αὐτοῖς,
3366 5049 3553 5121 ὥσπερ
3582 5052 3644 5119 δὴ
3672 5054 3763 5104 καὶ
3786 5050 3881 5102 νῦν
3899 5055 4079 5128 ὑμᾶς,

2497 5146 2811 5215 ἀνηκέστοις
2836 5143 3041 5196 ὲκδιδοῦ
3049 5160 3148 5211 μεν
3168 5147 3356 5212 κακοῖς
3377 5159 3392 5207 ;
3437 5143 3552 5211 Ἐφ’
3569 5139 3648 5206 οἷς
3667 5147 3694 5196 ὀ
3725 5145 3903 5211 μέγας
3924 5149 4052 5214 K‘n’;
4065 5179 4085 5188 ο

2503 5249 2629 5302 μης.
2672 5233 2899 5301 ἡσυχίαν
2931 5233 3154 5307 ἄγοντος
3189 5231 3283 5284 τοῦ
3332 5232 3774 5300 Ἀγαθαγγέλου·
3816 5235 3993 5300 Ἀλλ’,
4040 5233 4084 5290 ᾧ

2501 5322 2741 5390 βασιλεῦ,
2770 5319 2942 5382 εἶπεν,
2984 5326 3032 5374 εἰ
3069 5325 3166 5391 μέν
3207 5340 3292 5385 τις
3320 5326 3535 5390 ἐγένετο
3559 5325 3653 5392 τῆς
3684 5325 3946 5389 ἀσεϐείας
3982 5347 4083 5394 με-

2495 5411 2716 5480 ταϐολὴ,
2746 5412 2926 5474 ἐξοτου
2953 5412 3014 5463 τὸ
3056 5398 3388 5481 προφητικδν
3436 5415 3582 5465 τουτὶ
3633 5416 4078 5483 προηγόρευται,

2497 5497 2639 5570 εἶχεν
2671 5501 2736 5551 ἄν
2757 5499 2878 5551 τινα
2913 5516 2993 5552 σοι
3015 5501 3170 5567 λόγον
3198 5503 3266 5552 τὰ
3287 5504 3570 5569 εἰρημένα,
3599 5502 3754 5554 Ἐπεὶ
3785 5503 3843 5556 δὲ
3878 5507 3948 5556 τα
3977 5509 4080 5571 τῆς

2501 5590 2940 5659 εἰδωλολατρείας
2973 5592 3052 5644 ἑτι
3091 5593 3185 5643 καὶ
3211 5591 3304 5642 νῦν
3337 5592 3654 5654 ἐπιπολάζει
3705 5595 3770 5661 τῇ
3809 5596 4083 5663 cista-api-
