4154 6490
138 423 233 483 8Ἷ3
1157 411 1337 473 VITA
1379 412 1440 471 S.
1482 406 1918 470 CLEMENTIS
1960 404 2367 465 ANCIRANI.

3276 399 3380 462 874

141 553 212 604 νη,
241 532 399 599 δῆλον
427 531 501 593 ώς
543 529 728 596 ἕτερος
751 526 818 580 ἂν
857 525 943 594 εἴη
980 525 1199 586 πάντως
1268 525 1298 575 ὁ
1326 523 1436 575 τῶν
1459 519 1700 573 εὐσεϐῶν

1827 516 2047 567 Ιίυιίιιιιιι
2074 530 2241 583 usque
2266 516 2408 567 diem
2446 512 2683 567 abundet
2718 512 2768 566 in
2798 513 2928 568 orbe
2951 521 3239 575 terrarum,
3268 514 3377 565 cla-

141 622 397 695 βασιλέων
447 620 657 689 καιρός.
696 617 837 687 Πρὸς
886 614 1058 668 ταῦτα
1092 611 1250 682 θυμῷ
1286 612 1447 664 πάλιν
1492 611 1703 677 ἀσχέτῳ

142 713 355 785 ληφθεὶς
386 711 731 778 Μαξιμιανδς
781 709 879 776 τὴν
909 706 1094 777 φωνὴν
1142 705 1349 766 εὐθέως
1380 702 1703 757 ἑσόέννυτοο

143 807 360 875 κὰμινός
392 822 450 856 τε
479 803 676 855 αὐτίκα
727 801 823 870 τῆς
847 799 1129 853 Χαλδαίων
1152 796 1305 866 παρά
1333 796 1467 848 πολὺ
1504 794 1705 864 μείζων

142 900 244 959 τοῖς
276 896 450 963 ἁγίοις
474 894 573 963 ἀνή
585 908 768 944 πτετο.
812 890 973 943 Ἀλλὰ
996 892 1090 943 καὶ
1112 892 1189 951 εἰς
1212 889 1382 957 αὐτὴν
1410 886 1708 955 ἐμϐληθέν-

146 1007 231 1050 τας
334 988 450 1039 θεία
478 988 637 1055 χάρις
660 984 855 1045 αὐτοὺς
889 982 1185 1053 ὲδρόσιζεν,
1223 982 1409 1051 ὥσπερ
1441 980 1557 1031 ἐκεῖ
1580 978 1709 1041 τοὺς

148 1082 349 1143 παῖδας,
378 1080 551 1141 οὕτως
575 1077 829 1140 ἀϐλαῦεῖς
869 1075 1101 1129 ἐνταῦθα
1138 1075 1382 1144 τηροῦσα
1419 1074 1544 1136 τοὺς
1570 1073 1710 1142 μάρ-

144 1189 333 1243 τυρας·
367 1172 541 1225 νύκτα
580 1170 677 1237 μὲν
711 1169 802 1223 οὖν
851 1169 979 1238 ὃλην
1033 1168 1128 1220 καὶ
1162 1167 1379 1238 ἡμέραν
1437 1165 1635 1226 αὐτοὺς
1677 1164 1711 1232 ἡ

147 1266 364 1334 κάμινος
402 1260 568 1332 εἶχεν,
608 1258 740 1331 ἦχος
798 1261 854 1313 δέ
915 1278 998 1323 τις
1060 1260 1269 1312 ἐκεῖθεν
1342 1258 1711 1328 ἑορταζόντων

147 1358 387 1426 ﬁxo-isto,
428 1356 520 1408 ml
563 1355 769 1417 καπνὸς
805 1354 1010 1424 εὐώδης
1042 1353 1303 1422 καὶιὴδὺς
1325 1352 1644 1421 ἀνεφέρετο.

213 1643 331 1698 OA'.
369 1646 553 1699 Ταῦτα
588 1645 849 1716 μηνύεται
877 1646 1223 1716 Μαξιμιανῷ,
1258 1648 1353 1696 καὶ
1377 1648 1579 1708 ἐκεῖνος
1615 1645 1713 1715 ἤδη

151 1741 237 1809 τῆς
279 1739 478 1807 φλογὸς
528 1739 1010 1808 ἀπομαρανθείσης
1044 1738 1273 1800 ἐπιστὰς
1316 1740 1416 1807 ὁρᾷ
1456 1738 1627 1799 σώους
1658 1740 1747 1800 ἐν,

152 1832 277 1902 αὐτῇ
324 1833 451 1892 τοὺς
510 1830 719 1897 ἁγίους,
746 1830 813 1895 (ὦ
858 1830 947 1883 τοῦ
980 1830 1317 1898 θαύματοςῐ)
1375 1828 1510 1897 μηδὲ
1554 1830 1717 1897 τρίχα

155 1924 314 1992 μόνην
344 1920 524 1974 αὐτῶν
555 1921 651 1992 τῆς
689 1922 886 1988 φλογὸς
920 1922 981 1974 τὸ
1010 1920 1270 1991 παράπαν
1301 1921 1362 1972 λυ
1374 1922 1713 1990 μηναμένης,

152 2014 277 2066 ἀλλά
308 2015 405 2075 τὰς
438 2016 625 2085 χεῖρας
677 2016 753 2076 εἰς
786 2013 1050 2083 οὐρανοὺς
1090 2013 1501 2081 ἀνατεταμένας
1562 2014 1717 2080 ἕχον-

152 2123 263 2169 τας,
295 2108 365 2159 τὰ
400 2106 553 2176 χείλη
594 2106 648 2158 δὲ
676 2106 810 2180 πρὸς
836 2105 1141 2171 δοξολογίαν
1166 2105 1557 2167 ὑποκινοῦντας
1579 2121 1590 2132 ·
1626 2104 1721 2157 καὶ

152 2202 369 2262 τούτους
398 2201 601 2262 εὐθέως
631 2199 707 2265 τῷ
731 2199 913 2267 οἰκείῳ
956 2198 1162 2268 βήματι
1192 2199 1572 2267 παραστήσας,
1611 2198 1720 2248 Καὶ

155 2293 204 2341 ἐν
226 2291 398 2360 τούτῳ
427 2291 578 2357 γοῦν,
626 2291 754 2359 ἔφη,
789 2289 1086 2359 χαρίσασθέ
1127 2306 1237 2357 μοι,
1264 2288 1402 2341 ὥστε
1454 2290 1720 2358 γνωρίσαι

152 2383 356 2446 ὁποίαις
396 2384 593 2451 δήποτε
637 2383 869 2449 ἐπῳδαῖς
905 2382 1003 2449 τὴν
1034 2381 1125 2433 τοῦ
1169 2382 1339 2449 πυρὸς
1397 2383 1717 2451 ἀφαιρεῖσθε

153 2474 392 2543 δύναμιν.
419 2475 480 2526 Οἱ
510 2474 582 2527 δὲ.
615 2473 730 2525 Οὔκ
759 2474 1006 2541 ἐπῳδαῖς,
1047 2470 1217 2533 εἶπέν,
1239 2468 1282 2524 ὦ
1317 2474 1560 2542 βασιλεῦ,
1587 2476 1723 2528 ἀλλὰ

158 2564 282 2633 μόνη
322 2563 418 2615 τοῦ
459 2564 701 2625 είπόντος
754 2565 1077 2634 ἐπαγγελίᾳ,
1114 2566 1195 2617 ὅτι
1240 2565 1355 2617 Κᾶν
1413 2567 1501 2618 διὰ
1551 2567 1722 2632 πυρὸς

154 2653 380 2726 διέλθῃς,
420 2655 481 2705 οὐ
535 2654 869 2707 κατακαύσει
903 2672 959 2706 σε
1020 2655 1171 2722 φλόξ.
1238 2655 1526 2707 ἰίδάκνετο
1590 2656 1724 2721 πρὸς

157 2748 301 2798 τοῦτο
335 2747 520 2806 πάλιν,
568 2748 660 2798 καὶ
696 2748 881 2809 δεινίιῖς
910 2743 1052 2815 εἶχεν
1108 2750 1135 2798 ὁ
1176 2746 1449 2815 βασιλεὺς,
1507 2749 1601 2799 καὶ
1634 2749 1723 2799 σύ-

157 2838 335 2907 ρεσθαι
368 2839 567 2900 αὐτοὺς
598 2838 814 2891 ἐκέλευε
847 2838 1099 2907 δημοσίᾳ,
1134 2842 1224 2891 καὶ
1257 2840 1359 2891 ὑπὸ
1384 2840 1491 2892 τῶν
1515 2840 1724 2908 δημίων

158 2930 585 2999 σπαράττεσθαι,
638 2932 729 2983 καὶ
761 2932 826 2983 τὰ
881 2930 1083 2999 ἔσχατα
1116 2931 1428 2999 ὑπομένειν.
1470 2932 1608 2984 ’Λλλ’
1634 2934 1725 2985 ἐπὶ

156 3023 301 3093 κακῷ
326 3026 422 3075 καὶ
446 3022 619 3074 ταῦτα
649 3024 725 3089 τῷ
757 3023 948 3091 ἐκείνῳ
970 3025 1197 3089 ἐγίνετο.
1233 3007 1419 3075 Πολλοὶ
1448 3023 1557 3091 γὰρ
1587 3040 1726 3089 τηνι-

157 3112 325 3167 καῦτα
357 3114 456 3166 καὶ
485 3114 592 3166 τῶν
632 3114 874 3166 ἀπίστων
921 3116 1175 3183 φρόνημά
1210 3132 1268 3166 τε
1297 3115 1534 3186 ὁρῶντες
1564 3116 1723 3169 ἀδου-

1804 625 1925 661 rum
1950 619 2051 671 est,
2090 609 2329 661 futurum
2366 608 2585 662 omnino
2622 604 2763 659 aliud
2800 616 3007 675 tempus
3037 605 3245 674 piorum
3279 604 3373 656 itu-

1809 710 2139 768 peratorum.
2184 699 2318 752 Cum
2348 714 2411 752 ex
2446 700 2530 753 his
2574 699 2683 762 ira,
2717 714 2835 768 qua:
2866 698 3103 752 cohiberi
3137 712 3239 749 non
3272 710 3379 764 po-

1813 802 1978 856 terat,
2036 802 2178 845 esset
2226 792 2480 845 incitatus
2533 790 2923 853 Maximianus,
2974 790 3120 860 loqui
3164 789 3379 858 quidem

1812 886 1968 939 desiit
2023 903 2035 937 :
2087 884 2275 937 fornax
2331 899 2494 949 vero,
2540 884 2912 937 Chaldmorutn
2965 882 3184 936 fornace
3225 882 3382 950 Iunge

1813 979 2019 1045 major,
2068 979 2273 1030 sanctis
2327 978 2427 1030 fuit
2478 991 2725 1031 accensa.
2762 974 2869 1030 Sed
2924 990 3019 1030 eos
3060 990 3272 1045 quoque.
3326 975 3380 1028 in

1813 1070 1982 1137 ipsam
2032 1070 2257 1139 injectos
2325 1070 2503 1124 divina
2552 1083 2673 1123 rore
2723 1066 2959 1137 perfudit
2994 1069 3200 1133 gratia;
3244 1069 3383 1120 sicut

1817 1164 1918 1216 illic
1968 1179 2193 1233 pueros,
2241 1165 2318 1216 sic
2372 1162 2459 1216 hic
2500 1177 2829 1216 conservans
2878 1171 3163 1231 martyres.
3211 1160 3385 1227 Atque

1815 1262 1983 1309 totam
2030 1256 2244 1325 quidem
2298 1266 2507 1309 noctem
2540 1266 2594 1308 et
2627 1254 2766 1307 diem
2808 1268 2902 1306 eos
2934 1253 3124 1305 fornax
3168 1252 3336 1306 tenuit
3367 1268 3382 1305 :

1817 1349 1965 1403 illinc
1996 1364 2123 1401 vero
2166 1348 2488 1401 audiebatur
2525 1346 2745 1415 quidam
2790 1361 2954 1400 sonus
2991 1345 3185 1398 festum
3229 1345 3387 1398 cele-

1819 1440 2113 1502 brantium,
2142 1456 2413 1508 suaveque
2433 1440 2582 1495 olens
2609 1451 2662 1494 et
2684 1440 2857 1495 dulcis
2882 1438 3060 1493 fumus
3083 1453 3145 1493 ex
3176 1452 3241 1491 eo
3266 1452 3387 1491 sur-

1815 1548 1935 1587 sum
1970 1531 2338 1585 etnittebatur.

1891 1645 2079 1699 LXXI.
2118 1644 2243 1699 llzec
2268 1646 2645 1715 signiﬁcantur
2670 1645 3016 1699 Maximiano.
3054 1642 3140 1696 Ille
3169 1654 3384 1703 autem,

1818 1752 1938 1790 eum
1966 1742 2076 1805 jam
2108 1738 2322 1791 ﬂamma
2356 1738 2690 1790 extabuisset
2713 1778 2727 1800 ,
2758 1739 3020 1791 accedens
3041 1777 3056 1801 ,
3096 1736 3235 1789 videt
3265 1749 3389 1787 sau-

1820 1840 1935 1882 ctos
1972 1831 2022 1882 in
2050 1848 2113 1882 ea
2156 1830 2357 1894 salvos,
2392 1832 2464 1899 (ο
2498 1829 2813 1883 miraculum
2835 1830 2891 1899 ι)
2925 1844 3045 1883 cum
3073 1828 3288 1881 ﬂamma
3324 1842 3390 1879 ne

1822 1922 1904 1973 Vel
1932 1922 2101 1974 solum
2131 1921 2344 1988 quidem
2373 1936 2563 1975 eorum
2603 1920 2765 1989 pilqu
2789 1921 3050 1985 laesisset,
3078 1921 3169 1973 sed
3202 1934 3390 1971 manus

1821 2013 2039 2082 quidem
2091 2014 2353 2067 haberent
2404 2015 2455 2067 in
2508 2014 2704 2068 ctelunt
2739 2024 3022 2079 extensas,
3069 2012 3217 2065 labra
3265 2026 3389 2065 vero

1822 2118 2092 2161 moverent
2141 2108 2207 2159 ad
2258 2107 2725 2175 gloriﬁcationem.
2780 2107 2925 2171 Quos
2971 2121 3092 2159 cum
3146 2114 3390 2158 curasset

1821 2200 1999 2253 Statim
2034 2200 2100 2252 ad
2133 2215 2288 2251 suum
2326 2199 2559 2251 tribunal
2600 2198 2908 2252 sistendos:
2935 2196 3027 2250 Vel
3064 2199 3111 2250 in
3147 2197 3271 2260 hoc,
3311 2197 3389 2248 in-

1822 2293 1963 2359 quit,
2005 2291 2133 2344 mihi
2175 2293 2365 2345 saltem
2399 2292 2798 2361 gratiﬁcemiui,
2840 2303 2895 2344 ut
2925 2290 3241 2357 signiﬁcetis
3274 2289 3391 2355 qui-

1824 2382 2053 2434 busnam
2088 2383 2547 2437 incantationibus
2595 2382 2703 2448 igni
2748 2383 2851 2434 vim
2883 2382 3138 2435 adimitis.
3174 2380 3246 2432 Illi
3295 2396 3393 2432 au-

1826 2481 1929 2523 tem
1975 2490 1988 2525 :
2026 2470 2143 2524 Non
2183 2474 2660 2538 incantationibus,
2699 2475 2983 2537 dixerunt,
3015 2490 3046 2524 ο
3078 2474 3390 2539 imperator,

1824 2566 1915 2615 sed
1962 2564 2075 2617 sola
2118 2564 2256 2633 ejus,
2288 2566 2378 2629 qui
2414 2566 2570 2631 dixit,
2610 2567 2965 2633 promissione
3004 2584 3015 2619 :
3049 2565 3269 2618 Etiamsi
3301 2581 3395 2630 per

1825 2658 2001 2726 ignem
2049 2667 2327 2719 transeas,
2372 2657 2583 2711 ﬂamma
2630 2676 2732 2713 non
2785 2670 2835 2712 te
2872 2660 3211 2713 cctuburet’.
3271 2657 3395 2710 llaec

1825 2763 1950 2812 ergo
1991 2764 2179 2800 rursus
2205 2749 2525 2802 mordebant
2558 2761 2612 2802 et
2641 2749 2778 2802 male
2808 2750 3077 2803 habebant
3108 2750 3397 2817 imperato-

1829 2854 1963 2899 rem,
2000 2850 2050 2891 et
2082 2853 2174 2891 eos
2202 2838 2363 2905 jussit
2398 2840 2535 2892 trahi
2572 2839 2803 2906 publice,
2834 2848 2885 2893 et
2908 2840 3139 2893 convelli
3167 2858 3194 2892 a
3227 2840 3395 2894 licto-

1829 2930 1975 2983 ribus
2031 2941 2084 2984 et
2132 2939 2375 2985 extrema
2426 2932 2652 3000 perpeti.
2698 2931 2822 3004 .‘Sed
2886 2933 2999 2985 haec
3050 2948 3266 3001 quoque
3319 2932 3396 2987 illi

1831 3024 1967 3077 male
2001 3034 2299 3077 cesserunt.
2338 3024 2470 3077 Nam
2518 3034 2642 3078 tunc
2675 3039 2888 3093 quoque
2918 3025 3065 3078 multi
3104 3040 3170 3079 ex
3205 3026 3397 3079 inﬁde—

1830 3116 1969 3169 libus
2019 3117 2258 3169 videntes
2290 3118 2538 3184 spiritus,
2575 3118 2666 3186 qui
2723 3132 2826 3170 non
2856 3128 3105 3187 poterant
3142 3119 3310 3185 redigi
3345 3121 3395 3171 in

156 3204 337 3272 λωτον,
376 3208 472 3259 καὶ
510 3206 683 3275 ψυχὴν
721 3209 1107 3271 ἀταπείνωτον,
1150 3209 1239 3260 καὶ
1287 3209 1603 3279 παρρησίας
1637 3227 1723 3260 κο·-

1830 3211 2167 3271 servitntetn,
2207 3218 2260 3261 et
2297 3209 2559 3268 animum.
2594 3210 2684 3277 qui
2726 3207 2882 3275 dejici
2922 3219 2979 3263 et
3020 3209 3245 3279 deprimi
3292 3224 3397 3262 non

160 3298 278 3367 μιδῇ
306 3299 607 3363 πνέουσαν,
638 3300 768 3351 αὐτὸ
795 3300 854 3352 τὸ
901 3300 1179 3368 μέγιστον,
1216 3301 1538 3369 ἀνθρώπους
1570 3301 1726 3353 ἑλκο-

160 3389 346 3455 μένους
376 3390 595 3459 πικρῶς
636 3391 727 3443 καὶ
756 3392 1237 3461 σπαρασσομένους
1274 3393 1362 3445 καί
1390 3392 1443 3445 τί
1478 3392 1585 3443 τῶν
1617 3392 1726 3445 δει-

157 3480 254 3531 ’θῶν
284 3481 361 3550 μὴ
402 3482 733 3551 πάσχοντας,
796 3484 889 3535 καὶ
943 3484 1004 3536 οὐ
1040 3483 1199 3552 μόνον
1247 3486 1348 3535 οὐκ
1403 3484 1723 3547 ἐνδιδόντας,

159 3572 282 3625 ἀλλὰ
332 3576 431 3625 καὶ
462 3575 863 3645 ἁκμαιοτὲρους
886 3576 1051 3628 οἰονεὶ
1091 3578 1432 3645 γινομένους,
1491 3577 1729 3647 θάρσους

156 3681 207 3717 τε
236 3666 745 3734 ὑποπιπλαμένους,
806 3669 897 3720 καὶ
943 3668 1108 3722 αὐτοῦ
1140 3671 1588 3739 περιγινομένους
1634 3671 1727 3723 τοῦ

161 3756 454 3821 βασιλέως·
488 3756 661 3809 ταῦτα
690 3758 923 3827 ὁρῶντες
947 3759 1046 3829 τήν
1076 3776 1133 3811 τε
1166 3762 1395 3830 πάτριον
1420 3760 1729 3829 ἐξώμνυντο

159 3844 473 3915 θρησκείαν,
530 3849 623 3900 καὶ
652 3848 833 3909 αὐτοῖς
862 3863 921 3902 τε
956 3848 1049 3900 καὶ
1075 3846 1153 3918 τῷ
1180 3848 1270 3902 ὑπ’
1310 3849 1489 3902 αὐτῶν
1521 3866 1725 3919 κηρυτ-

156 3938 363 4007 τυμένῳ
394 3937 624 4007 Χριστῷ
662 3940 1058 4008 προσετίθεντο.

221 4146 340 4197 OB'.
370 4143 613 4213 Ἀπορία
640 4143 773 4210 γοῦν
801 4143 1066 4198 πάντοθεν
1088 4145 1431 4214 περισχεθεὶς
1458 4145 1729 4213 Μαξιμια-

158 4238 257 4299 νὴ,
294 4237 487 4297 αὐτοῖς
520 4235 595 4297 ὡς
626 4234 770 4303 εἶχον
798 4236 1038 4304 δεσμοῖς,
1082 4239 1148 4304 τῇ
1186 4237 1400 4305 φυλακῇ
1431 4238 1557 4298 τοὺς
1593 4237 1729 4305 μάρ-

158 4345 314 4397 τυρας
344 4328 557 4391 δίδωσι,
594 4326 852 4395 τέταρτον
880 4327 997 4388 ἔτος
1037 4328 1233 4388 αὐτοὺς
1264 4328 1322 4379 τὸ
1354 4328 1730 4397 δεσμωτήριον

158 4420 313 4469 οἰκεῖν
345 4417 691 4485 κατακρίνας
712 4431 724 4443 ο
761 4415 821 4467 Ei
846 4433 983 4479 πως,
1010 4420 1162 4485 φησὶ,
1188 4417 1288 4470 κᾶν
1320 4420 1346 4470 ὁ
1386 4419 1586 4486 μεταξὺ
1607 4419 1731 4489 χρόα

158 4526 237 4571 νος
264 4510 537 4564 ὑπολύσει
571 4508 660 4559 τὸν
686 4509 833 4559 τόνον
867 4510 1065 4573 αὐτοῖς,
1101 4512 1193 4561 καὶ
1218 4512 1313 4579 τῆς
1340 4511 1647 4581 προθυμίας
1671 4513 1729 4564 τὸ

158 4601 448 4671 διαθερμον
478 4599 773 4666 ἀμϐλυνεῖ.
809 4599 950 4650 Ἀλλ’
985 4596 1051 4670 ἦν
1105 4604 1433 4664 ἀπεναντίας
1460 4606 1522 4671 τῇ
1558 4603 1730 4655 ἐλπίδι

158 4692 217 4743 τὰ
246 4693 664 4759 ἀπαντήσαντα·
701 4690 791 4741 τόν
819 4708 874 4741 τε
894 4691 1003 4759 γὰρ
1034 4692 1236 4761 μεταξὺ
1270 4696 1459 4765 χρόνον
1482 4696 1729 4765 εὐψύχως

158 4783 440 4851 διήγαγον,
484 4782 580 4833 καὶ
619 4783 720 4848 τῆς
755 4783 1093 4852 προθεσμίας
1142 4785 1239 4855 ἤδη
1294 4792 1731 4856 παρισταμένης,

162 4872 404 4942 καθάπερ
440 4872 574 4941 χθὲς
610 4872 704 4924 καὶ
751 4872 940 4942 πρώην
990 4876 1373 4929 κατάκλειστοι
1426 4878 1734 4945 γεγονότες,

160 4965 290 5018 οὕτω
314 4966 529 5033 θερμὸν
562 4966 788 5017 πνέοντα
825 4966 916 5017 τὸν
948 4967 1081 5037 πρὸς
1121 4967 1219 5037 τὴν
1255 4970 1542 5039 ὁμολογίαν
1571 4971 1735 5040 ζῆλον

163 5058 399 5127 ἐτήρουν.
448 5059 510 5109 Ὁ
537 5058 645 5125 γὰρ
681 5058 760 5118 είς
789 5059 1026 5126 Χριστὸν
1077 5059 1240 5122 πόθος
1284 5063 1375 5113 καὶ
1408 5063 1569 5131 ἡτῶν
1602 5064 1735 5131 μελ-

164 5147 347 5201 λόντων
379 5151 549 5208 ἐλπὶς
588 5148 662 5209 ὡς
683 5144 828 5199 οἷκον
859 5150 1039 5210 αὐτοῖς
1065 5150 1159 5201 καὶ
1194 5151 1451 5204 παλάτιον
1473 5153 1732 5222 πολυτελῆ

163 5245 249 5311 τὴν
299 5244 563 5309 φυλακὴν
591 5242 760 5292 οἰκεῖν
790 5240 1227 5310 παρεσκεύαζον.
1262 5245 1601 5309 Μαξιμιανὸς
1637 5244 1730 5299 οὖν

166 5332 235 5385 ῐτι
259 5337 352 5387 καὶ
384 5335 571 5385 ταῦτα
598 5333 804 5402 μαθὼν,
833 5335 993 5395 αὐτὸς
1025 5336 1121 5403 μὲν
1153 5338 1279 5398 τοὺς
1306 5339 1441 5406 πρὸς
1487 5339 1732 5400 ἐκείνους

166 5426 368 5495 ἀγῶνας
390 5424 657 5480 ὑπελθεῖν
684 5421 836 5488 αὖθις
866 5426 1271 5498 ἀπαγορεύσας,
1298 5430 1592 5481 ἐσκέπτετο
1624 5430 1729 5482 τίνι

165 5515 338 5572 λοιπὸν
380 5518 592 5578 αὐτοὺς
628 5516 1037 5587 παραπέμψειε,
1076 5520 1369 5589 πρόσχημα
1405 5522 1503 5591 μὲν
1555 5522 1629 5584 ὡς
1663 5523 1731 5574 δι’

176 5610 461 5683 ’περὸολὴν
502 5611 873 5679 ἀνοσιότητος,
901 5610 1020 5663 οὐδὲ
1056 5611 1236 5676 ἀξίους
1264 5613 1420 5675 ὄντας
1448 5612 1728 5683 βασιλικοῦ

232 5826 367 5879 ’lsa.
400 5840 567 5883 thtt,
604 5824 656 5875 9..

458 5922 741 5978 Pnaoc.
775 5921 889 5978 Gn.
914 5917 1125 5980 CXIV.

1831 3309 2077 3369 poterat,
2113 3299 2375 3369 planeque
2410 3301 2661 3354 ﬁduciam
2693 3302 2933 3369 spirabat
2965 3311 3019 3354 et
3050 3302 3351 3355 libertatem
3379 3338 3395 3364 ,

1830 3401 1883 3443 et
1911 3391 2010 3444 hoc
2032 3390 2171 3459 quod
2205 3400 2289 3444 est
2319 3394 2636 3455 maximum,
2678 3394 2924 3447 homines
2951 3394 3042 3462 qui
3070 3394 3261 3447 acerbe
3290 3401 3401 3445 tra-

1832 3481 2097 3534 hebantur
2127 3491 2178 3536 et
2206 3483 2669 3546 convellebantur,
2706 3494 2759 3537 et
2801 3485 2929 3552 quid
2961 3501 3063 3539 non
3099 3501 3261 3553 grave
3301 3501 3400 3553 pa-

1835 3573 2119 3637 tiebantur,
2152 3584 2207 3628 et
2247 3590 2350 3627 non
2382 3578 2554 3627 solum
2588 3592 2689 3629 non
2731 3579 3030 3641 cedebant,
3082 3580 3173 3632 sed
3207 3594 3397 3633 evase-

1835 3676 1958 3719 rant
1979 3665 2375 3733 quodammodo
2396 3669 2728 3722 robustiores
2756 3680 2811 3722 et
2832 3674 3152 3737 vegetiores,
3185 3682 3237 3725 et
3259 3672 3399 3740 pleni

1832 3768 1987 3811 erant
2036 3759 2267 3823 ﬁducia,
2313 3769 2369 3812 et
2397 3763 2726 3826 superabant
2769 3762 2942 3829 ipsum
2988 3764 3399 3830 imperatorem;

1834 3850 1946 3904 [nec
1992 3849 2271 3913 videntes,
2319 3861 2373 3904 et
2405 3852 2633 3918 patriam
2679 3854 2999 3920 abjurabant
3045 3856 3355 3924 religion-em
3383 3895 3397 3917 ,

1831 3952 1885 3995 ct
1927 3940 2008 3994 eis
2038 3956 2097 3994 se
2133 3942 2521 4011 adjuugebant,
2551 3955 2606 3997 et
2638 3946 2709 4007 ei,
2740 3947 2830 4015 qui
2868 3948 2935 4000 ab
2974 3946 3105 4016 ipsis
3145 3948 3403 4019 praedica-

1833 4032 2009 4097 batur,
2041 4032 2281 4089 Christo.

1903 4146 2113 4202 LXXII.
2143 4149 2277 4203 Cum
2315 4150 2491 4217 itaque
2520 4145 2731 4204 cdusttll
2757 4142 2934 4218 inopia
2968 4156 3106 4207 esset
3143 4151 3301 4218 plane
3334 4168 3401 4207 ex

1833 4242 1977 4293 omni
2028 4252 2180 4310 parte
2234 4243 2540 4309 implicatus
2579 4243 2960 4304 Maximianus,
3001 4258 3283 4315 martyres,
3329 4247 3400 4299 ita

1835 4342 1893 4383 nt
1942 4342 2125 4398 erant,
2184 4335 2391 4387 vinctos
2430 4336 2595 4388 tradit
2649 4337 2699 4387 in
2755 4338 3093 4399 custodiam,
3139 4354 3258 4389 cum
3309 4354 3404 4391 eos

1836 4422 2143 4477 damnasset
2189 4412 2419 4491 quatuor
2467 4441 2637 4480 annos
2687 4427 2931 4481 habitare
2978 4445 3247 4482 carcerem
3298 4430 3401 4481 :Si

1836 4514 1974 4567 forte
1999 4555 2011 4577 ,
2073 4518 2279 4583 inquit.
2332 4519 2472 4584 quoi
2514 4520 2801 4571 intercedit
2828 4530 3075 4588 tempus,
3112 4522 3180 4571 sil
3210 4536 3401 4575 eorum

1837 4607 2139 4659 Soltllttl'tmt
2166 4612 2545 4670 constantiam,
2577 4612 2915 4679 prontptique
2940 4622 2991 4664 ct
3018 4612 3211 4665 alacris
3236 4614 3399 4665 animi

1841 4697 2215 4752 hebetalurum
2266 4702 2682 4755 vehementiam.
2741 4703 2844 4755 Sed
2896 4719 2958 4756 ca
3010 4715 3195 4757 contra
3244 4717 3403 4773 atque

1832 4792 2076 4857 sperabat
2108 4801 2422 4844 evenerunt.
2461 4791 2607 4846 Bono
2641 4794 2783 4847 enim
2816 4804 2867 4847 et
2909 4797 3198 4862 tranquillo
3224 4802 3403 4849 animo

1834 4886 2047 4935 luerunt
2082 4883 2308 4946 interea,
2344 4894 2398 4935 et
2440 4901 2559 4936 cum
2601 4885 2712 4953 jam
2750 4898 2960 4954 tempus
2988 4890 3197 4939 adesset
3230 4889 3404 4956 ιιι-τεη-

1835 4976 2025 5037 nitutn,
2049 4974 2266 5040 perinde
2292 4990 2352 5028 ac
2383 4975 2425 5028 si
2455 4976 2682 5030 fuissent
2709 4978 2898 5031 inclusi
2934 4980 3047 5031 beri
3081 4990 3134 5031 et
3174 4982 3397 5031 tttttlitts-

1836 5065 2060 5125 tertius,
2112 5081 2289 5121 acrem
2340 5076 2393 5119 et
2446 5068 2822 5121 vehementem
2888 5071 3178 5122 servabant
3228 5071 3401 5123 zelum

1835 5156 1899 5206 ad
1932 5155 2346 5211 confessionem.
2382 5156 2715 5213 Desiderium
2746 5162 2888 5213 enim
2923 5162 2972 5212 in
3006 5162 3279 5214 Christum
3307 5204 3319 5223 ,
3351 5175 3404 5213 et

1836 5264 1958 5316 Spes
1995 5247 2317 5301 futurorum.
2357 5250 2656 5303 eﬂiciebaut
2692 5261 2747 5303 ut
2791 5253 3098 5305 habitarent
3129 5270 3402 5307 carcerem

1840 5356 1943 5392 non
1975 5356 2130 5394 secus
2167 5357 2228 5394 ac
2270 5341 2579 5410 magniﬁcas
2633 5348 2775 5398 aedes
2807 5356 2858 5398 ct
2900 5347 3175 5414 palatium.
3233 5347 3402 5399 Maxi-

1840 5432 2052 5485 mianus
2081 5448 2207 5500 ergo
2242 5448 2363 5486 cum
2399 5435 2508 5487 haec
2542 5452 2757 5506 quoque
2790 5439 3085 5501 didicisset,
3142 5442 3253 5508 ipse
3284 5442 3404 5507 qui-

1839 5522 1957 5574 dem
1997 5532 2210 5575 recusat
2240 5524 2469 5591 amplius
2500 5525 2776 5594 suscipere
2806 5529 3061 5581 adversus
3100 5544 3194 5582 eos
3224 5538 3404 5581 certa-

1840 5614 1981 5668 mina
2031 5633 2039 5666 :
2084 5615 2413 5672 deliberabat
2456 5626 2632 5672 autem
2671 5620 2734 5671 ad
2783 5635 2942 5689 quem
2983 5635 3076 5673 eos
3111 5619 3174 5673 de
3209 5630 3404 5672 cmteio

2926 5920 3010 5985 28
