4154 6490
161 426 252 489 877

1175 412 1355 472 VITA
1388 412 1449 473 S.
1491 407 1925 471 CLEMENTIS
1961 405 2377 469 ANCYRANI.

3304 403 3410 469 878

160 539 242 601 τῆς
273 534 456 587 αὐτῶν
518 536 722 604 ἥττητο
760 529 1080 602 καρτερίας,
1142 528 1284 581 ὥστε
1341 526 1434 581 καὶ
1466 525 1610 594 ἅπερ
1662 519 1731 593 ἦν

1861 520 1957 575 llos
1986 522 2093 590 pati
2120 529 2240 575 erat
2261 517 2575 583 verisimile,
2596 517 2710 587 ipse
2732 518 2911 587 potius
2934 515 3252 573 sustinebat.
3276 517 3413 572 Nam

162 627 390 687 ἐκείνους
422 627 656 694 πάσχειν
697 624 845 686 είκδς
897 622 1059 683 αὑτὸς
1110 620 1375 687 ὑφίστατο
1410 617 1631 685 μᾶλλον.
1666 616 1731 666 Oi.

167 720 254 785 μὲν
323 719 433 787 γὰρ
481 718 665 777 αὑτοῖς
697 715 826 767 ποσὶ
878 713 1015 782 πρὸς
1052 711 1115 763 τὸ
1150 708 1527 777 δεσμωτήριον
1563 708 1731 757 ἐπαν-

163 810 337 880 ῄεσαν,
393 809 605 861 ἐκείνου
642 806 1021 867 κελεύσαντος.
1061 803 1121 856 '0
1159 802 1310 871 δετῇ
1344 802 1407 853 ὲκ
1432 799 1529 867 τῆς
1563 798 1734 867 ἥττης

164 899 383 972 αἰσχύνῃ
405 900 501 952 καὶ
528 898 737 968 ἀθυμία
761 895 1101 965 λιποψυχῶν,
1136 893 1230 947 καὶ
1261 892 1366 944 ὑπὸ
1396 891 1578 961 χειρὸς
1604 888 1735 941 πολ-

166 996 251 1061 λῆς
274 992 796 1061 διαϐασταζόμενος,
845 989 1020 1052 οὓτως
1046 986 1288 1059 αἰσχρῶς
1330 984 1610 1055 ὑπεχώρει
1640 980 1733 1034 τοῦ

165 1084 477 1157 τυραννικοῦ
514 1083 780 1154 βήματος.
816 1081 1035 1146 Μεταξὺ
1072 1081 1127 1133 δὲ
1160 1078 1298 1150 πρὸς
1344 1078 1442 1146 τὴν
1491 1074 1737 1145 φυλακὴν

166 1179 261 1229 τῶν
297 1178 473 1244 ἁγίων
532 1174 919 1246 πορευομένων
970 1174 1337 1226 ἐκπίπτουσαι
1387 1169 1484 1221 σὺν
1542 1169 1737 1236 αἵματι

166 1270 359 1322 τούτων
406 1270 465 1321 αί
517 1268 746 1339 σάρκες,
802 1268 1025 1337 τρέχειν
1088 1263 1471 1333 ἁπανταχόθεν
1505 1262 1598 1313 ἐπὶ
1639 1261 1737 1329 τὴν

168 1360 423 1431 συλλογὴν
452 1360 634 1414 αὐτῶν
653 1360 779 1422 τοὺς
811 1360 1057 1423 πιστοὺς,
1093 1358 1169 1419 ὠς
1197 1356 1288 1408 ἐπί
1310 1371 1432 1407 τινα
1464 1350 1740 1421 θησαυρὸν

167 1450 397 1517 ἀγαθῶν,
425 1449 864 1521 παρεσκεύαζον.
892 1450 1107 1517 ’Δσπερ
1130 1446 1205 1510 ὼς
1236 1444 1381 1517 εἶχον
1414 1443 1575 1505 εὐθὺς
1601 1439 1737 1510 αὑτῇ

168 1545 302 1596 κόνει
324 1543 591 1611 διψώσαις
620 1542 810 1611 ὥσπερ
838 1542 1026 1612 χερσὶν
1046 1539 1455 1612 ἀναιρούμενοι,
1490 1534 1740 1602 εὐλογίαν

168 1634 493 1688 ὲπισπᾶσθαί
522 1653 644 1688 τινα
680 1636 776 1688 καὶ
805 1634 964 1705 χάριν
1004 1635 1310 1686 ἐπίστευον.

234 1778 355 1833 OE'.
393 1777 547 1829 Ἐπεὶ
577 1776 633 1829 δὲ
668 1778 847 1831 πάντα
876 1774 1063 1844 φόϐον,
1093 1776 1186 1827 καὶ
1218 1776 1434 1843 πεῖραν,
1459 1772 1553 1824 καὶ
1584 1769 1737 1838 σοφί-

168 1889 363 1941 σματα,
408 1870 502 1923 καὶ
526 1869 899 1939 τεχνάσματα,
938 1869 1033 1921 καὶ
1083 1867 1423 1936 μαγγανείας
1456 1861 1740 1932 Σακερδὼς

1837 611 1873 664 ii
1911 612 2151 680 quidem,
2179 626 2302 664 cum
2328 609 2416 665 ille
2440 610 2717 680 juSsisset,
2743 609 2854 663 suis
2881 609 3107 678 pedibus
3141 609 3419 663 redierunt

1839 703 1891 755 in
1928 718 2226 757 carcerem.
2270 702 2363 756 llle
2394 713 2572 755 autem
2619 716 2743 757 cum
2774 716 2840 754 ex
2878 702 3081 771 pudore
3109 712 3163 755 et
3192 702 3417 770 aegritu-

1839 796 1963 849 dine
1990 795 2133 863 quod
2166 794 2501 858 vinceretur,
2528 794 2865 863 linqueretur
2894 793 3074 847 animo
3102 835 3116 859 ,
3145 806 3200 848 et
3232 793 3416 847 multis

1839 898 2149 958 portaretur
2191 888 2460 952 manibus,
2520 888 2750 956 turpiter
2794 888 3018 942 recessit
3068 903 3097 940 a
3137 888 3420 959 tyrannico

1841 981 2120 1036 tribunali.
2154 981 2375 1035 Interim
2409 990 2587 1036 autem
2612 985 2739 1035 dum
2771 982 2943 1038 sancti
2973 984 3117 1036 irent
3141 983 3195 1036 in
3229 997 3419 1037 carce-

1841 1088 1977 1136 rem,
2007 1088 2199 1127 carnes
2229 1089 2348 1142 quac
2378 1074 2458 1128 eis
2484 1074 2807 1128 decidebant
2835 1092 2956 1129 cum
2981 1076 3264 1143 sanguine,
3295 1074 3424 1129 επο-

1842 1174 2035 1220 cerunt
2066 1175 2123 1219 ut
2152 1166 2335 1220 ﬁdeles
2362 1167 2600 1235 undique
2625 1166 2691 1220 ad
2718 1182 2810 1221 eas
2838 1167 3170 1236 colligendas
3199 1182 3427 1221 concur-

1846 1266 2025 1307 rerent
2048 1296 2063 1319 ,
2093 1265 2350 1323 tanquam
2379 1258 2443 1309 ad
2478 1258 2767 1326 quemdam
2795 1256 3106 1310 thesaurum
3134 1256 3421 1311 bonorum.

1840 1346 1985 1411 Quas
2036 1348 2251 1417 quidem
2312 1352 2495 1404 statim
2544 1365 2668 1405 cum
2721 1350 2839 1418 ipso
2893 1350 3115 1420 pulvere
3175 1352 3427 1407 tollentes

1842 1440 2148 1495 sitientibus
2181 1441 2457 1507 manibus,
2492 1442 2786 1496 credebant
2825 1457 2884 1497 se
2919 1446 3212 1513 quamdam
3259 1442 3429 1499 bene-

1844 1531 2135 1586 dicti0nem
2168 1535 2446 1590 attrahere
2480 1544 2535 1589 et
2565 1534 2818 1606 gratiam.

1916 1764 2125 1818 LXXV.
2146 1764 2438 1834 Postquam
2462 1781 2593 1821 vero
2625 1766 2889 1822 Sacerdos
2910 1770 3055 1822 omni
3082 1780 3228 1824 metu
3258 1770 3432 1826 inten-

1850 1866 1978 1921 tato,
2015 1859 2363 1929 adhibitaqne
2386 1860 2532 1913 omni
2558 1862 2914 1929 experientia.
2950 1862 3267 1932 callidisque
3285 1879 3432 1919 com—

166 1964 398 2032 ἐνεγκὼν
425 1962 704 2030 ἄπρακτος
744 1956 814 2031 ἦν
849 1961 946 2015 καὶ
969 1960 1254 2029 ἀνήνυτος,
1277 1959 1372 2012 καὶ
1402 1955 1562 2009 τοῦτο
1594 1956 1656 2025 δὴ
1683 1953 1743 2007 τὸ

1861 1950 2044 2004 mentis
2064 1952 2414 2020 artiﬁciisque
2441 1962 2495 2005 et
2524 1954 2829 2021 pra‘stigiis,
2853 1954 2985 2007 nihil
3011 1955 3429 2022 potuitclﬁcere,

165 2058 251 2110 τοῦ
280 2057 441 2124 λόγου
469 2056 550 2117 είς
577 2054 810 2124 οὐρανὸν
848 2053 1091 2117 τοξεύειν
1124 2049 1436 2121 ἐπιχειρῶν,
1469 2049 1747 2117 Μαξιμια-

166 2152 246 2210 νὸς
273 2148 451 2201 ταῦτα
496 2145 704 2215 μαθὼν,
752 2147 845 2199 καὶ
898 2145 1110 2221 πλατὺν
1137 2144 1231 2196 τοῦ
1269 2141 1614 2212 Σακερδῶτος
1648 2142 1745 2208 γέ-

168 2257 300 2293 λωτα
320 2236 598 2307 καταχὲας
620 2277 637 2302 ,
673 2232 842 2300 Οὗτός
872 2239 988 2290 ἐστι
1016 2234 1302 2306 Σακερδὼς
1323 2236 1352 2287 ὁ
1401 2234 1504 2286 ὑπὸ
1532 2233 1747 2286 πάντων

168 2329 443 2401 ᾁδὸμενος,
473 2328 598 2397 ἔφη.
655 2328 905 2397 Μάξιμος
925 2326 969 2378 δ’
995 2322 1063 2396 ἦν
1093 2343 1175 2388 τις
1211 2325 1307 2379 καὶ
1336 2324 1497 2386 αὐτὸς
1526 2321 1748 2392 ἡγεμὼν

166 2420 466 2487 τηνικαῦτα
507 2418 798 2486 παρεστὼς
833 2415 1184 2486 Μαξιμιανῷ,
1240 2416 1332 2468 καὶ
1381 2413 1490 2466 τῶν
1520 2412 1749 2481 λεγομέ-

167 2527 264 2565 νων
296 2510 538 2573 ἁκούων,
566 2510 732 2580 ζήλου
760 2508 902 2562 κατὰ
929 2508 1037 2564 τῶν
1062 2508 1231 2575 ἁγίων
1276 2507 1373 2578 τὴν
1397 2503 1574 2575 ψυχὴν
1613 2505 1749 2556 ὑπο·

168 2605 478 2673 πίμπλαται
502 2620 515 2632 ⁸
547 2604 751 2671 Δέομαι
784 2601 877 2655 τοῦ
916 2600 1010 2653 σοῦ
1037 2602 1295 2671 κράτους,
1324 2600 1447 2669 ἔφη,
1504 2596 1749 2667 βασιλεῦ,

169 2696 298 2749 ῶστε
335 2697 513 2764 κάμοὶ
536 2694 662 2756 τοὺς
697 2693 897 2761 ἄνδρας
928 2694 1153 2754 τούτους
1193 2691 1623 2760 ἐγχειρισθῆναι,
1658 2691 1751 2742 καὶ

168 2788 342 2849 αὐτοῖς
388 2786 629 2837 πέποιθα
660 2787 772 2845 τοῖς
811 2783 1090 2851 μεγίστοις
1121 2783 1282 2844 θεοῖς,
1321 2782 1459 2850 ὼςῆ
1497 2782 1754 2849 μεταπεί-

171 2897 241 2931 σω
260 2879 505 2940 πάντως,
528 2878 559 2947 ἢ
580 2876 763 2932 κακῶς
782 2876 978 2936 αὐτοὺς
1009 2873 1302 2937 ἀπαλλάξω
1330 2871 1422 2924 τοῦ
1442 2873 1559 2941 ζῇν.
1577 2871 1692 2939 Ἐφ’
1709 2866 1754 2938 ᾧ

173 2971 605 3033 κατανεύσαντος
649 2967 1017 3037 Μαξιμιανοῦ,
1052 2967 1238 3035 ὄγδοος
1269 2966 1433 3026 αὑτὸς
1462 2966 1588 3027 τοὺς
1618 2965 1756 3033 μάρ-

168 3082 333 3135 τυρας
362 3064 698 3133 διαδέχεται,
743 3062 839 3115 καί
888 3079 942 3113 τι
978 3060 1164 3113 καινὸν
1195 3058 1315 3113 κατ’
1350 3057 1531 3112 αὑτῶν
1565 3058 1756 3110 πλέκει

176 3157 498 3226 μηχάνημα.
520 3155 584 3206 ἐκ
612 3151 1019 3221 διαλειμμάτων
1050 3151 1185 3219 πρὸς
1206 3148 1402 3211 αὑτοὺς
1425 3150 1519 3209 τὰς
1538 3146 1758 3215 ὁμιλίας

171 3248 517 3317 ποιούμενος,
555 3245 651 3297 καὶ
675 3243 978 3313 σύμϐουλος
1010 3240 1214 3310 ἀληθὴς
1244 3235 1386 3292 εἶναι
1417 3242 1528 3299 τοῖς
1583 3239 1757 3306 ἁγίοις

171 3342 258 3395 καὶ
284 3316 446 3410 φίλος
480 3337 929 3408 ὑποκρινόμενος.
973 3334 1325 3404 Ἐντυγχάνει
1381 3334 1482 3402 μὲν
1522 3332 1629 3403 γὰρ
1655 3333 1755 3384 αὑ-
1784 3316 1829 3377 C

170 3434 274 3494 τοῖς
303 3432 367 3485 τὸ
406 3430 631 3499 πρῶτον
676 3429 746 3482 τὰ
790 3427 981 3497 φιλικά
1010 3425 1174 3495 δῆθεν
1209 3424 1434 3495 ὁμιλῶν,
1468 3425 1561 3477 καὶ
1613 3423 1751 3493 πρὸς

170 3524 360 3592 ἡδονὴν
385 3523 487 3577 καὶ
509 3522 667 3592 χάριν
688 3520 1068 3588 διαλεγόμενος
1086 3535 1101 3549 ⁸
1131 3518 1253 3586 ἑξῆς
1277 3517 1332 3570 δὲ
1356 3516 1518 3571 πάλιν
1545 3516 1758 3586 ἡμέρας

171 3616 572 3685 διαλιμπάνων,
605 3614 687 3676 εἰς
732 3613 906 3680 λέγων
960 3612 1161 3674 αὑτοὺς
1197 3611 1487 3682 κοινωνίαν
1543 3608 1753 3671 ἐκάλει,

174 3708 260 3758 καὶ
320 3705 648 3761 ὑποτιθέναι
689 3706 782 3758 καὶ
840 3701 1233 3773 συμϐουλεύειν
1283 3702 1488 3763 αὑτοῖς,
1548 3699 1661 3752 ἀλλ’
1694 3700 1753 3751 ού

177 3798 462 3866 βιάζεσθαι
508 3799 570 3851 τὸ
600 3797 865 3868 παράπαν
894 3795 1014 3849 οὐδὲ
1038 3792 1372 3863 ἀναγκάζειν
1397 3793 1577 3862 ἐῴκει.

239 4133 375 4202 Οζῗ.
414 4131 629 4201 Χρόνου
672 4129 727 4182 δὲ
749 4129 932 4188 αὑτοῖς
962 4126 1104 4180 οὑτω
1137 4124 1332 4193 συχνοῦ
1355 4122 1761 4191 διαγενομένου,

174 4224 239 4277 τά
280 4225 381 4292 τῆς
439 4223 660 4290 ἀπάτης
694 4220 772 4291 τῷ
828 4218 1069 4288 Μαξίμῳ
1104 4217 1290 4284 σαφῶς
1343 4217 1624 4285 ἠλέγχετο,
1671 4217 1765 4269 καὶ

176 4317 416 4384 ιξιινερὰν
439 4314 543 4382 τὴν
575 4312 755 4364 αἰτίαν
782 4310 959 4363 ἐποίει
1006 4310 1104 4379 τῆς
1137 4310 1361 4377 δολερᾶς
1398 4309 1612 4376 ἐκείνης
1663 4310 1759 4360 καὶ

174 4409 549 4478 προσποιήτου
619 4403 823 4473 φιλίας.
895 4401 1417 4471 Προσκαλεσάμενος
1473 4400 1584 4470 γὰρ
1638 4400 1765 4462 τοὺς

178 4500 397 4567 ἁγίους,
434 4498 701 4565 Χαίρετε.
737 4496 861 4563 ἔφη,
903 4488 948 4547 ὦ
982 4493 1281 4563 ἄνθρωποι,
1327 4492 1421 4555 οὓς
1462 4491 1676 4560 φιλοῦσί
1704 4509 1762 4545 τε

176 4591 369 4659 ὁμοίως
411 4591 464 4641 οί
509 4587 766 4639 ἀθάνατοι
819 4586 952 4649 θεοὶ,
1011 4586 1105 4635 καὶ
1135 4583 1479 4653 ἀμφοτέρους
1506 4585 1564 4635 ἐν
1598 4583 1766 4653 μοίρᾳ

179 4684 412 4752 “(vna-itm
445 4681 636 4748 έχουσι
669 4677 875 4729 παίδων
899 4693 913 4706 ·
960 4675 1222 4737 πολλάκις
1248 4676 1357 4745 γάρ
1392 4692 1483 4743 μοι
1512 4675 1607 4727 καὶ
1634 4692 1767 4744 χρη-

1852 2042 1967 2107 sed,
1996 2054 2051 2096 ut
2069 2044 2290 2104 dicitur,
2311 2044 2362 2096 in
2380 2043 2578 2098 caelum
2599 2055 2677 2099 est
2699 2045 2991 2114 jaculatus,
3011 2055 3064 2099 et
3086 2046 3196 2100 ha‘c
3214 2049 3434 2103 rescivit

1854 2135 2238 2198 Maximianus,
2274 2146 2330 2190 et
2362 2137 2527 2189 risum
2556 2139 2793 2207 proludit
2826 2139 2879 2192 in
2909 2138 3293 2194 Sacerdotem:
3334 2139 3434 2195 llic

1849 2236 1934 2282 est
1980 2228 2269 2293 Sacerdos,
2298 2230 2492 2297 inquit,
2537 2229 2628 2299 qui
2666 2228 2986 2284 decantatur
3028 2230 3097 2285 ab
3132 2230 3427 2286 omnibus!

1852 2319 2119 2374 Maximus
2158 2335 2285 2389 ergo
2330 2322 2574 2392 quidam,
2608 2324 2700 2392 qui
2753 2324 2863 2390 ipse
2897 2337 3113 2392 quoque
3150 2332 3270 2377 erat
3297 2323 3431 2388 dux,

1854 2428 1976 2467 cum
2010 2422 2155 2467 esset
2181 2414 2323 2485 apud
2355 2414 2764 2480 Maximianum,
2800 2426 2854 2470 et
2886 2417 3099 2470 audiret
3132 2432 3252 2485 qua:
3281 2417 3435 2472 dice-

1856 2505 2091 2569 bantur,
2147 2506 2404 2576 impletur
2468 2507 2703 2577 quodam
2766 2508 2932 2561 animi
2996 2508 3114 2563 zelo
3174 2510 3438 2565 adversus

1856 2609 2097 2663 sanctos,
2127 2606 2177 2651 et
2202 2639 2218 2663 ,
2253 2597 2421 2667 Rogo,
2450 2600 2645 2668 inquit,
2676 2615 2707 2654 ο
2734 2600 3047 2669 imperator,
3072 2610 3215 2654 tuam
3248 2610 3440 2668 poten-

1862 2691 2013 2752 tiam,
2048 2700 2104 2742 ιιι
2126 2690 2160 2743 ii
2197 2692 2297 2744 viri
2326 2692 2452 2744 mihi
2482 2706 2703 2761 quoque
2732 2694 3014 2746 tradantur
3046 2693 3097 2746 in
3130 2707 3346 2746 manus.
3376 2693 3436 2746 In

1861 2784 2111 2836 maximis
2158 2784 2304 2837 enim
2353 2784 2458 2838 diis
2506 2784 2678 2838 habeo
2724 2783 3010 2846 ﬁduciam,
3044 2785 3188 2853 quod
3234 2784 3316 2838 vel
3357 2787 3440 2839 eis

1860 2873 2193 2943 persuadebo
2217 2914 2232 2937 ,
2262 2881 2319 2926 ut
2353 2882 2562 2927 mutent
2593 2875 2816 2927 omnino
2847 2877 3195 2942 sententiam,
3231 2876 3316 2931 vel
3357 2877 3443 2931 eis

1863 2964 1999 3018 male
2050 2965 2215 3017 vitam
2263 2966 2519 3019 adimam.
2570 2965 2930 3031 Quamobrem
2981 2982 3103 3021 cum
3159 2968 3443 3024 annuisset

1861 3056 2247 3119 Maximianus,
2284 3067 2513 3112 octavus
2538 3058 2652 3127 ipse
2685 3059 2907 3129 suscipit
2936 3072 3224 3131 martyres.
3256 3071 3306 3115 et
3342 3076 3439 3115 no-

1862 3164 1986 3202 vum
2012 3150 2138 3217 quid
2171 3151 2223 3203 in
2260 3151 2405 3218 ipsos
2430 3150 2797 3217 machinatur,
2823 3161 2881 3207 ut
2918 3153 3009 3222 qui
3043 3151 3326 3220 interiecto
3345 3152 3443 3205 ali-

1863 3254 1970 3306 quo
2002 3242 2261 3310 temporis
2298 3241 2579 3297 intervallo
2610 3256 2731 3296 cum
2761 3242 2896 3311 ipsis
2934 3242 3359 3311 colloqueretur,
3387 3250 3446 3296 et.

1864 3351 1923 3392 se
1960 3337 2168 3390 sanctis
2212 3352 2397 3391 verum
2440 3348 2496 3393 et
2533 3338 2767 3393 amicum
2811 3340 2940 3393 dare
2994 3339 3223 3408 ﬁngeret
3254 3337 3445 3392 cousi-

1866 3429 2016 3486 lium.
2048 3428 2185 3484 Nam
2241 3445 2339 3485 eos
2367 3430 2583 3500 quidem
2625 3431 2863 3499 primum
2906 3432 3221 3501 alloquitur.
3270 3430 3446 3485 amice

1864 3522 2260 3587 sermocinans,
2286 3532 2345 3576 et
2382 3538 2500 3591 quae
2536 3522 2771 3589 jucunda
2800 3533 2854 3578 et
2891 3534 3043 3592 grata
3079 3528 3285 3586 essent,
3318 3536 3443 3575 cum

1864 3614 1945 3668 eis
1990 3613 2290 3669 disserens.
2326 3615 2589 3683 Deinceps
2622 3629 2749 3668 vero
2779 3614 2986 3684 aliquot
3026 3628 3217 3669 rursus
3255 3613 3446 3669 diebus

1866 3705 2185 3773 interjectis,
2215 3722 2308 3760 eos
2335 3707 2401 3759 ad
2430 3721 2735 3762 sermonem
2769 3707 3160 3763 conferendum
3188 3707 3442 3771 vocabat,

1863 3813 2069 3868 eosque
2114 3799 2409 3852 admonere
2437 3806 2494 3853 et
2536 3800 2618 3854 eis
2656 3801 2973 3865 consulere,
3007 3814 3110 3855 non
3142 3810 3321 3854 autem
3364 3798 3446 3853 eis

1865 3890 2090 3944 omnino
2146 3891 2253 3944 vim
2309 3887 2539 3955 aﬂ‘crre,
2604 3907 2778 3962 neque
2835 3908 2929 3947 eos
2986 3907 3180 3963 cogere
3228 3891 3445 3945 videba-

1871 3990 1979 4035 tur.

1944 4139 2183 4194 LXXVI.
2212 4143 2344 4196 Cum
2374 4155 2499 4194 vero
2522 4141 2605 4199 sic
2632 4141 2857 4195 multum
2900 4144 3156 4211 temporis
3189 4145 3451 4199 interces-

1869 4235 2049 4296 sisset,
2074 4235 2221 4289 fraus
2236 4234 2316 4288 Ma
2328 4235 2454 4287 ximi
2476 4247 2659 4303 aperte
2675 4236 3017 4305 arguebatur,
3038 4246 3090 4288 ct
3109 4238 3452 4304 aperiebatur

1872 4342 2034 4381 causa
2103 4327 2247 4380 illius
2314 4326 2687 4381 fraudulentize
2735 4336 2789 4380 et
2840 4327 3111 4382 simulatze
3166 4329 3445 4384 amicitia‘.

1872 4416 2003 4470 Nam
2032 4431 2153 4470 cum
2183 4427 2401 4476 sanctos
2421 4416 2742 4471 advocasset
2766 4436 2780 4471 :
2805 4415 3043 4483 Salvete,
3070 4418 3263 4486 inquit,
3293 4434 3327 4473 ο
3351 4422 3448 4475 ho-

1872 4509 2065 4578 mines,
2103 4523 2238 4577 quos
2268 4508 2518 4561 sitniliter
2546 4520 2730 4561 amant
2755 4510 2826 4562 dii
2862 4509 3215 4570 immortales.
3250 4520 3305 4563 et
3333 4527 3451 4565 am-

1871 4597 1968 4652 bos
2002 4598 2206 4651 habent
2242 4597 2359 4651 loco
2395 4612 2778 4667 germanorum
2814 4598 3066 4653 liliorum.
3118 4601 3272 4669 Saepe
3303 4604 3448 4655 enim

1873 4692 2005 4745 tnihi
2048 4701 2102 4746 et
2143 4709 2400 4762 responsa
2438 4694 2739 4757 dederunt,
2770 4702 2823 4747 ct
2855 4694 2906 4745 in
2941 4694 3148 4749 somnis
3178 4710 3451 4763 apparue-

179 4777 341 4844 σμοὺς
368 4771 557 4837 εἷπον,
589 4772 683 4824 καὶ
729 4774 785 4823 έν
813 4769 967 4839 ὕπνῳ
999 4769 1295 4837 ἐφοίτησαν
1323 4768 1421 4836 τῆς
1460 4767 1582 4819 καθ’
1610 4766 1755 4836 ὑμῶν

1875 4793 2019 4844 runt,
2046 4784 2181 4837 iram
2214 4786 2265 4838 in
2292 4800 2386 4839 vos
2412 4784 2789 4853 reprimentes,
2817 4784 2958 4838 nulla
2984 4784 3198 4853 quidem
3228 4786 3453 4839 omnino

178 4868 337 4938 ὀργῆς
361 4864 816 4925 ἀναστέλλοντες,
858 4861 1044 4931 ἑτέρου
1080 4860 1178 4929 μὲν
1214 4860 1428 4921 πάντως
1459 4859 1644 4910 ἕνεκεν
1672 4858 1777 4910 οὑ·-

178 4959 353 5023 δενὸς,
408 4958 535 5011 ἀλλ’
590 4956 752 5027 ῆτὴν
806 4954 1078 5023 ὑμετέραν
1132 4952 1457 5019 αὐθαίρετον
1512 4949 1766 5018 γενέσθαι

184 5053 489 5122 μεταϐολὴν
523 5048 906 5117 ἀναμένοντες,
936 5048 1058 5115 ἥτις
1088 5045 1259 5113 δήπου
1291 5044 1429 5111 μετὰ
1454 5043 1648 5113 μικρὸν
1676 5043 1769 5095 καὶ

182 5147 313 5217 αὑτὴ
342 5152 660 5215 παρέσται,
698 5141 771 5202 ὡς
804 5140 926 5209 ἐμοὶ
968 5138 1097 5206 γοῦν
1140 5138 1239 5207 τῆς
1276 5135 1653 5206 παρελθούσης
1680 5154 1770 5187 νυ-

183 5240 299 5301 κτδς
322 5242 351 5291 δ
379 5239 566 5305 μέγας
597 5237 654 5284 ἐν
685 5232 821 5293 θεοῖς
848 5230 1249 5299 παρεγύμνωσε
1289 5228 1597 5290 Διονύσιος,
1634 5230 1769 5298 Φέρε

184 5334 298 5391 τοὺς
327 5330 565 5398 ἄνδρας,
600 5324 733 5394 πρὸς
760 5325 905 5392 ἡμᾶς
933 5322 1263 5389 ἐπισκήψας.
1324 5320 1453 5372 Ἰδοὺ
1476 5320 1655 5372 τοίνυν
1675 5321 1769 5370 καὶ

187 5420 357 5490 sum;
382 5418 689 5488 εὐτρεπὴς,
714 5416 806 5467 καὶ
822 5415 890 5466 τὰ
912 5414 1021 5466 τῶν
1072 5412 1271 5464 θυσιῶν
1300 5411 1766 5480 παρεσκεύασται·

188 5512 330 5565 θύετε
365 5507 772 5581 προσελθόντες
797 5509 862 5576 τῇ
895 5505 1074 5557 αὐτῶν
1111 5504 1389 5573 εὐμενείᾳ,
1427 5502 1565 5572 Πρὸς
1596 5502 1770 5555 ταῦτα

189 5606 559 5665 ὑπολαϐόντες
583 5603 634 5653 οἱ
659 5600 805 5668 ἅγιοι
828 5638 843 5663 ,
884 5598 1160 5667 Φανερῶς,
1193 5582 1237 5648 ὦ
1280 5597 1530 5659 δικαστά,
1560 5596 1770 5665 διεψεύ·

192 5716 280 5761 σω,
306 5696 487 5761 εἷπον,
525 5694 627 5749 καὶ
653 5693 930 5753 ἀπιθάνως
952 5707 965 5720 '
987 5692 1087 5744 ὅσα
1111 5689 1220 5759 γὰρ
1238 5690 1451 5758 ἡμέρας
1485 5708 1566 5742 σοι
1598 5705 1770 5757 προσ-

194 5794 521 5859 φθέγγονται
555 5789 606 5840 οί
636 5787 746 5839 θεοί
783 5804 898 5847 σου,
922 5784 1157 5837 τοσαῦτα
1189 5786 1403 5846 πάντως
1427 5786 1519 5835 καὶ
1558 5786 1614 5837 ἐν
1638 5784 1774 5846 νυξί.

197 5884 341 5947 Ποῖος
368 5884 424 5937 δέ
462 5898 552 5935 σοι
590 5882 681 5932 καὶ
730 5876 976 5947 παρέστη
1025 5875 1339 5941 Διονύσιος;
1394 5875 1611 5939 διπλοῦς
1644 5877 1773 5948 γὰρ,

1875 4873 1977 4926 alia
2008 4876 2073 4929 de
2110 4890 2294 4939 causa,
2328 4877 2430 4928 nisi
2462 4878 2603 4944 quod
2644 4886 2963 4943 exspectant
2996 4887 3229 4931 vestram
3262 4890 3453 4946 sponte

1875 4966 2114 5019 futuram
2143 4968 2516 5033 mutationem,
2543 4984 2661 5037 qtne
2689 4969 2905 5038 quidetu
2932 4970 3090 5039 paulo
3116 4979 3235 5039 post
3257 4971 3451 5033 adcrit,

1876 5065 1932 5109 ut
1965 5058 2093 5110 mihi
2136 5070 2282 5111 certe
2323 5061 2592 5125 prteterita
2646 5072 2802 5115 nocte
2856 5078 3083 5130 magnus
3133 5063 3273 5116 inter
3319 5064 3451 5117 deos

1876 5151 2085 5217 aperuit
2112 5151 2414 5221 Dionysius.
2444 5161 2503 5205 ut
2528 5152 2619 5221 qui
2650 5152 2805 5206 nobis
2831 5154 3190 5217 mandaverit,
3223 5154 3409 5208 dicens
3434 5171 3449 5207 :

1876 5241 2067 5298 Adduc
2097 5245 2257 5296 viros.
2296 5243 2435 5297 Ecce
2466 5259 2594 5309 ergo
2624 5254 2677 5298 et
2708 5260 2800 5297 ara
2827 5254 2908 5299 est
2940 5255 3148 5314 parata,
3174 5255 3228 5299 et
3263 5254 3451 5313 parata

1879 5340 1998 5383 sunt
2040 5331 2303 5383 sacriﬁcia
2336 5350 2348 5383 :
2392 5333 2669 5399 act-edite,
2699 5342 2753 5386 et
2790 5334 3095 5389 sacriﬁcate
3130 5349 3318 5387 eorum
3355 5336 3454 5388 be-

1881 5418 2214 5473 nevolentiar.
2254 5417 2333 5471 Ad
2370 5418 2484 5474 haec
2517 5422 2688 5474 sancti
2728 5423 3116 5491 respondentes
3150 5440 3161 5473 :
3196 5420 3413 5476 Falsum
3435 5461 3453 5486 ,

1877 5525 1909 5560 ο
1935 5509 2119 5577 judex,
2153 5523 2336 5577 aperte
2362 5512 2565 5574 dixisti,
2593 5522 2646 5566 et
2680 5513 2898 5567 minime
2917 5513 3286 5581 probabiliter.
3318 5513 3451 5567 Nam

1882 5614 1998 5665 quze
2020 5599 2255 5652 interdiu
2286 5600 2357 5652 tui
2396 5601 2488 5653 tibi
2516 5602 2587 5654 dii
2619 5602 2930 5672 loquuntur,
2952 5617 3013 5655 ea
3045 5604 3263 5656 omnino
3295 5614 3457 5657 noctu

1882 5706 2115 5760 quoque.
2168 5692 2431 5758 Quisnam
2477 5695 2621 5748 enim
2660 5694 2813 5749 adest
2878 5694 2972 5748 tibi
3020 5694 3343 5762 Dionysius?
3409 5696 3460 5748 ls

1883 5784 2026 5837 enim
2061 5795 2147 5836 est
2182 5784 2401 5851 duplex,
2434 5795 2488 5836 ut
2524 5787 2767 5843 videmus
2797 5802 2811 5837 :
2839 5792 2931 5839 aut
2959 5801 3246 5853 quemnam
3286 5785 3461 5838 nomi-

1889 5891 1983 5931 nas
2012 5891 2075 5932 ex
2114 5876 2197 5932 bis
2232 5875 2634 5933 immortalem?
2677 5894 2958 5933 mncumne
2982 5919 2994 5942 ,
3052 5894 3116 5932 an
3151 5875 3463 5946 lapideum?
