4154 6490
772 455 875 513 εις)

1964 438 2241 499 MENSIS
2280 438 2732 498 JANUABIUS.
2778 460 2795 467 “

3907 449 4027 510 880

762 568 895 619 Nam
941 566 984 618 sl
1012 578 1130 619 eum
1172 562 1340 623 dicis,
1377 560 1467 627 qui
1515 566 1728 613 constat
1762 570 1826 609 ex
1870 554 2077 623 lapide.
2132 550 2331 605 videbis

2440 549 2514 609 ὼς
2550 546 2788 616 ὁρῶμεν,
2819 548 2973 611 οὗτος
2997 566 3010 579 ·
3064 550 3096 619 ἢ
3131 551 3251 603 τίνα
3280 552 3468 605 τοῦτον
3508 553 3776 605 ἀθάνατον
3815 555 4027 622 ονομά-

762 659 921 727 paulo
947 667 1062 724 post
1093 656 1233 708 hunc
1276 653 1369 706 tibi
1405 651 1562 705 deum
1593 647 1950 702 immortalem
1978 645 2061 698 vel
2109 642 2326 695 eoofra-

762 761 925 811 ctum,
965 747 1045 801 vel
1081 746 1338 815 injectum
1372 746 1422 796 in
1455 742 1761 806 aedilicium,
1795 739 1878 793 vel
1904 747 2149 792 exustum
2186 744 2239 788 et
2274 735 2325 787 in

763 842 964 894 calcem
1024 845 1461 891 transmutatum.
1528 832 1681 899 Quod
1737 833 1780 887 si
1840 842 2014 885 tecum
2075 829 2327 882 disseruit

762 946 961 991 :Bneus.
996 930 1041 984 is
1066 945 1281 999 quoque
1306 928 1413 981 cito
1438 926 1658 996 pulchre
1682 924 1938 978 fundetur
1959 922 2012 976 in
2042 935 2187 983 vasa,
2210 934 2327 987 qute

762 1021 1077 1076 deserviunt
1146 1018 1498 1082 ministeriis,
1570 1014 1841 1085 quomodo
1909 1011 2329 1079 unumquodque

763 1105 949 1165 eorum
989 1126 1116 1164 usus
1153 1108 1414 1178 exegerit.
1456 1109 1586 1161 Cum
1637 1107 1753 1161 haec
1808 1106 1979 1159 sancti
2024 1102 2327 1168 respondis-

764 1214 916 1263 sent.
955 1214 1008 1255 et
1034 1201 1372 1271 cognovisset
1400 1200 1660 1253 Maximus
1698 1198 1826 1251 nihil
1870 1198 1968 1251 sibi
2018 1197 2162 1249 aliud
2201 1210 2326 1263 pro-

765 1296 934 1351 fuisse
990 1295 1213 1349 omnino
1265 1294 1665 1349 simulationem
1722 1293 1870 1345 illam
1916 1301 1971 1345 et
2023 1290 2324 1351 ﬁctionem,

764 1401 923 1456 quam
970 1386 1112 1454 quod
1158 1384 1268 1439 suis
1306 1382 1408 1437 diis
1450 1381 1623 1437 labem
1654 1392 1707 1436 et
1750 1381 2013 1435 maculam
2049 1378 2328 1438 inusserit,

764 1493 1044 1547 persanani
1064 1476 1316 1542 deinceps
1334 1490 1537 1529 exuens
1559 1485 1743 1543 aperte
1761 1474 1999 1527 ostendit
2017 1471 2325 1531 Maximum,

764 1580 819 1621 et
849 1569 899 1621 id
930 1568 1066 1635 quod
1095 1575 1232 1630 erat,
1262 1566 1507 1634 protinus
1535 1564 1801 1634 apparuit.

2432 640 2541 701 ζεις
2568 658 2581 704 ς
2616 640 2707 691 τὸν
2736 641 2969 710 χαλκοῦν
2999 642 3029 711 ἢ
3063 643 3154 695 τὸν
3187 642 3421 705 λίθινον;
3462 647 3521 697 Εἰ
3561 648 3658 714 μὲν
3683 648 3791 712 γὰρ
3824 647 3915 696 τὸν
3962 649 4027 697 ἐκ

2430 729 2575 781 λίθου
2611 731 2811 797 λέγεις.
2841 732 2959 800 ὄψει
2995 735 3131 802 μετὰ
3165 734 3338 803 βραχὺ
3374 736 3466 786 τον
3491 737 3756 789 ἀθάνατόν
3783 754 3866 789 σοι
3897 736 4028 788 τοῦ-

2430 837 2519 871 τον
2551 819 2691 885 θεὸν,
2728 823 2758 891 ἢ
2788 822 3085 877 θλασθέντα
3111 826 3202 877 καὶ
3227 828 3303 885 είς
3340 826 3622 896 οἰκοδομὴν
3646 827 4023 897 ἐμϐληθέντα,

2436 912 2462 980 ἢ
2500 913 2841 967 ἐκκαυθέντα
2882 916 2975 967 καὶ
3046 918 3124 980 είς
3173 917 3436 969 ἄσϐεστον
3474 920 4018 987 μετασκευασθέντα.

2434 1005 2493 1056 Εἰ
2524 1004 2579 1055 δέ
2611 1006 2703 1057 καὶ
2739 1010 2765 1057 ό
2798 1006 3033 1075 χαλκοῦς
3068 1025 3150 1060 σοι
3203 1009 3523 1074 διείλεκται,
3562 1011 3754 1063 θᾶττον
3810 1011 3876 1063 ἂν
3920 1014 4025 1063 καὶ

2431 1098 2591 1159 αὐτὸς
2646 1100 2723 1158 είς
2759 1100 3065 1168 ὑπηρετικὰ
3115 1101 3281 1171 σκεύη
3348 1103 3532 1165 καλῶς
3585 1104 4022 1171 ἀναχιυνευθείπθ,

2429 1190 2575 1250 ὅπως
2605 1190 2669 1242 ἂν
2697 1190 2927 1243 ἕκαστον
2958 1192 3137 1244 αὐτῶν
3155 1195 3357 1262 ἀπαιτῇ
3387 1194 3453 1247 τὰ
3470 1194 3567 1262 τῆς
3592 1194 3805 1263 χρείας.
3828 1194 4018 1245 Ταῦτα

2431 1282 2539 1333 τῶν
2558 1283 2724 1349 ἁγίων
2750 1284 3219 1353 ἀποκριναμένων,
3260 1286 3419 1353 γνοὺς
3442 1288 3469 1338 ό
3506 1284 3755 1352 Μάξιμος
3794 1286 3871 1347 ὼς
3904 1286 4018 1353 ἄρα

2430 1372 2585 1424 οὐδὲν
2634 1372 2819 1443 ἕτερον
2851 1374 2950 1442 τῆς
2981 1373 3324 1445 ὑποκρίσεως
3358 1374 3573 1444 ἐκείνης
3624 1367 4020 1427 ἀπώνατο’καὶ

2432 1461 2526 1513 τοῦ
2555 1462 2894 1531 πλάσματος,
2931 1463 2962 1532 ἧ
2997 1464 3121 1516 ὅσον
3173 1465 3363 1533 μῶμον
3418 1466 3854 1535 προστρίψασθαι
3893 1470 4015 1526 τοῖς

2431 1552 2653 1613 οἰκείοις
2702 1553 2863 1615 Θεοῖς,
2896 1552 3053 1614 ἐκδὺς
3083 1554 3142 1605 τὸ
3169 1558 3511 1623 προσωπεῖον
3537 1555 3737 1614 λοιπὸν,
3776 1555 4020 1623 φανερὸν

2432 1645 2613 1705 αὐτοῖς
2640 1646 2812 1696 ἐποίει
2861 1646 2952 1696 τὸν
3001 1647 3289 1714 Μάξιμον,
3344 1648 3439 1698 καὶ
3487 1647 3623 1714 ὅπερ
3659 1641 3747 1715 ἢν,
3808 1648 4018 1708 εὐθέως

2434 1737 2705 1803 ἐφαίνετο.

847 1893 1100 1950 LXXVII.
1124 1890 1279 1945 Johet
1310 1893 1488 1958 itaque
1502 1891 1762 1945 obeliscos
1790 1892 1839 1942 in
1864 1902 2104 1943 extremo
2124 1902 2329 1958 acutos,

2510 1895 2629 1950 OZ'.
2666 1896 2890 1949 Κελεύει
2917 1898 3048 1965 γοῦν
3078 1898 3391 1959 ὀϐελίσκους
3437 1899 3497 1949 τὸ
3527 1901 3694 1967 ἄκρον
3738 1899 3883 1961 ὀξεῖς
3915 1916 4015 1949 πο-

768 1991 924 2044 nnius
943 1988 1091 2057 pedis
1115 1986 1496 2042 magnitudine.
1524 1998 1756 2051 superne
1779 1984 2034 2037 habentes
2058 1983 2328 2051 citspides,

767 2080 925 2149 deligi
953 2080 1002 2131 in
1044 2086 1263 2135 teri-am,
1299 2084 1353 2127 et
1383 2074 1440 2127 Β.
1479 2074 1812 2127 Clementem
1849 2076 2098 2140 supinttm
2129 2076 2332 2129 acubus

769 2173 1109 2240 impositum,
1142 2167 1497 2220 crassissimis
1534 2166 1691 2234 lignis
1722 2166 1995 2218 verberari
2028 2167 2323 2220 Vehemen-

769 2261 975 2316 tissime
1006 2276 1019 2312 :
1052 2258 1416 2324 Agathangelo
1448 2264 1625 2306 autem
1656 2255 1708 2306 in
1734 2262 1891 2320 caput
1916 2252 2121 2305 infundi
2152 2254 2326 2320 plum-

768 2356 891 2406 bum
938 2350 1061 2418 lgne
1111 2347 1479 2416 liquefactum.
1508 2347 1643 2399 Cum
1690 2361 1820 2411 ergo
1860 2350 2043 2411 jussus
2076 2346 2328 2398 effectum

766 2447 1015 2502 celeriter
1045 2444 1371 2513 accepisset,
1424 2440 1795 2517 magnanimus
1824 2441 2038 2509 quidem
2082 2440 2330 2494 Clemens

766 2548 821 2591 et
858 2539 911 2592 in
965 2550 1180 2606 pectore
1253 2548 1484 2603 superne
1538 2534 1878 2596 caedebatur,
1919 2543 1973 2585 et
2014 2533 2131 2599 ejus
2184 2543 2328 2601 tergo

768 2628 976 2683 inferne
1006 2626 1257 2681 obeliscis
1276 2618 1763 2691 'transﬁgehantur.
1793 2624 1895 2678 Sed
1921 2638 1985 2678 ne
2007 2625 2085 2677 sie
2114 2624 2330 2692 quidem

770 2719 946 2773 anima
976 2717 1102 2771 huic
1122 2727 1308 2770 sancto
1333 2714 1641 2769 discedebat
1662 2732 1690 2767 a
1718 2729 1961 2782 corpore.
1993 2712 2161 2767 Verax
2187 2716 2329 2770 enim

768 2818 888 2864 erat
930 2809 1022 2874 qui
1053 2806 1227 2865 fuerat
1268 2805 1541 2875 pollicitus
1564 2845 1579 2868 ,
1616 2814 1881 2859 tormenta
1914 2820 2035 2858 eum
2079 2820 2179 2858 non
2213 2819 2333 2858 esse

768 2910 1110 2971 superatura,
1134 2914 1234 2954 nec
1258 2899 1367 2952 ullo
1387 2898 1649 2967 supplicio
1679 2899 1843 2951 vitam
1875 2914 1996 2953 esse
2031 2899 2329 2951 ﬁniturum.

771 2992 1170 3061 Agathangelus
1204 3005 1331 3042 vero
1364 2991 1475 3057 ipse
1507 3006 1719 3059 quoque
1755 2991 2008 3044 similiter
2035 2991 2331 3044 admirabi-

770 3082 873 3136 lem
922 3084 1155 3137 ostendit
1224 3083 1613 3136 lortitudinem.
1682 3080 1944 3135 Maximus
2001 3083 2181 3149 itaque
2234 3082 2333 3134 hoc

2431 1990 2634 2052 διαίους
2668 1990 2727 2041 τὸ
2762 1991 2932 2059 μῆκος
2984 1990 3080 2041 τὰς
3117 1990 3299 2057 ἀκμὰς
3331 1990 3537 2042 ἄνωθεν
3570 1989 3792 2058 ἔχοντας
3823 1992 3889 2056 τῇ
3943 1992 4015 2057 γῇ

2432 2082 2767 2151 ἐμπαγῆναι,
2802 2084 2895 2133 καὶ
2923 2082 3013 2133 τὸν
3051 2082 3319 2151 μακάριον
3354 2081 3642 2149 Κλήμεντα
3670 2082 3791 2141 ταῖς
3824 2081 4015 2131 ἀκίαιν

2432 2171 2751 2224 ἐπιτεθέντα
2784 2170 3009 2233 ὕπτιον,
3069 2170 3245 2236 ξύλοις
3290 2171 3621 2237 παχυτάτοις
3671 2168 4015 2237 σφοδρότατα

2432 2261 2762 2314 τύπτεσθαι³
2797 2261 2874 2332 τῷ
2908 2262 3296 2329 Ἀγαθαγγέὶῳ
3334 2261 3388 2311 δὲ
3429 2259 3689 2327 μόλυϐδον
3745 2259 3888 2309 κατὰ
3920 2275 4014 2309 κε-

2434 2356 2609 2423 φαλῆς
2641 2356 2772 2424 πυρὶ
2793 2354 3025 2405 τακέντα
3050 2352 3393 2421 ἐπιχεθῆναι.
3423 2353 3572 2418 Ταχῦ
3604 2352 3783 2402 τοίνυν
3811 2349 4018 2401 ἐκϐάν-

2433 2464 2520 2508 τος
2555 2448 2633 2508 είς
2665 2447 2823 2515 ἔργον
2868 2446 2963 2497 τοῦ
2998 2446 3390 2510 ἐπιτάγματος,
3425 2446 3451 2494 ό
3494 2444 3588 2509 μὲν
3624 2441 4019 2507 γενναιότατος

2434 2537 2664 2605 Κλήμης
2724 2537 2921 2604 στέρνα
2951 2553 3006 2586 τε
3056 2535 3259 2587 ἀνωθεν
3300 2534 3578 2591 ἐτύπτετο,
3624 2534 3716 2583 καὶ
3767 2534 3837 2582 τε
3868 2531 4022 2581 νῶτα

2434 2630 2544 2688 τοῖς
2574 2627 2870 2688 όδελίακοις
2893 2624 3137 2677 κάτωθεν
3176 2623 3478 2692 διεπείρετο
3500 2639 3513 2650 ’
3548 2622 3663 2673 ἀλλ’
3689 2622 3812 2674 οὐίἐ
3837 2620 4021 2681 οὕτως

2436 2719 2633 2789 ἡψυχὴ
2668 2718 2760 2769 τοῦ
2813 2718 3062 2786 σώματος
3106 2716 3181 2783 τῷ
3235 2716 3373 2783 ἁγίῳ
3425 2715 3682 2765 διίστατο.
3749 2714 4021 2779 Ἀψευδὴς

2434 2811 2541 2880 γὰρ
2565 2805 2633 2880 ἦν
2670 2811 2698 2862 ό
2747 2808 3215 2877 ἐπαγγειλάμενος
3250 2806 3323 2876 μὴ
3353 2806 3619 2874 βασάνους
3650 2805 3817 2856 αὑτοῦ
3848 2822 4021 2873 περ;-

2439 2900 2705 2965 γενέσθαι,
2766 2900 2899 2968 μηδὲ
2956 2899 3197 2968 τιμωρίᾳ
3258 2897 3500 2966 μηδεμιᾷ
3551 2896 3876 2963 τελευτῆσαι
3927 2896 4026 2947 τὸν

2436 2995 2566 3063 βίον.
2600 2995 2708 3047 Καὶ
2758 2990 3152 3059 ’Δγαθάγγελος
3182 2991 3236 3040 δὲ
3270 2988 3528 3049 ὡσαύτως
3578 2988 3837 3056 ὑπερφυῆ
3892 3006 4024 3039 τινα

2432 3086 2530 3156 τὴν
2565 3084 2861 3153 καρτερίαν
2893 3084 2983 3135 καὶ
3009 3083 3169 3143 αὐτος
3192 3081 3518 3144 ἐπεδείξατο.
3555 3080 3806 3147 Μάξιμος
3836 3080 4027 3130 τοίνυν

769 3185 963 3245 printer
992 3176 1303 3245 opinionem
1352 3174 1608 3227 miraculo
1647 3174 2080 3243 obstupefactus,
2114 3190 2235 3228 cum
2266 3175 2331 3227 iis

2439 3176 2514 3247 τῷ
2552 3176 2840 3246 παραδόξῳ
2866 3174 2958 3226 τοῦ
2993 3174 3269 3243 θαύματος
3320 3174 3456 3242 μετὰ
3485 3173 3588 3223 τῶν
3626 3172 4025 3239 περιεττώτων

769 3272 858 3337 qui
897 3269 1359 3330 circumstabant,
1396 3267 1778 3335 propemodum
1832 3281 1897 3319 ne
1949 3276 2161 3335 poterat
2208 3267 2329 3335 qui-

771 3364 888 3413 dem
935 3360 1154 3414 credere
1198 3358 1309 3413 suis
1350 3357 1539 3423 oculis,
1571 3358 1703 3411 adeo
1742 3358 2074 3426 inopinatum
2110 3368 2164 3413 et
2192 3358 2331 3427 quod

770 3459 885 3504 erat
934 3460 1131 3519 praeter
1181 3449 1441 3503 rationem
1482 3450 1788 3504 videntibus
1836 3450 2191 3513 miraculum,
2238 3466 2334 3518 per

770 3554 985 3607 peetus,
1025 3555 1117 3595 cor
1152 3551 1203 3595 et
1238 3550 1406 3594 totum
1450 3542 1701 3609 deinceps
1737 3556 1933 3610 corpus
1955 3582 1968 3603 ,
2000 3553 2158 3595 acuto
2192 3542 2334 3595 ferro

771 3635 1085 3686 transﬁxum
1126 3634 1434 3694 hominem,
1462 3644 1515 3685 et
1558 3643 1815 3700 praeterea
1853 3649 2086 3701 superne
2120 3650 2334 3703 quoque

770 3727 1113 3777 vehementer
1150 3725 1528 3789 verberatum,
1567 3741 1672 3779 non
1721 3728 1900 3779 statim
1941 3728 2188 3781 emisisse
2220 3730 2335 3781 ani-

772 3830 937 3874 mam,
985 3817 1078 3868 sed
1122 3814 1301 3867 vivunt
1349 3816 1524 3869 adhuc
1554 3831 1675 3869 esse
1706 3825 1759 3869 et
1789 3820 2154 3885 superstitem,
2196 3828 2249 3870 et
2284 3818 2332 3869 vi

772 3906 846 3958 illi
884 3907 1204 3959 intolerabili
1241 3922 1374 3959 sana
1407 3919 1582 3961 mente
1617 3910 1891 3963 resistere.
1924 3908 2024 3962 Vix
2055 3925 2181 3977 ergo
2214 3918 2336 3963 tan-

771 3994 892 4047 dem
924 4007 1047 4047 eum
1073 3995 1305 4048 detrahit
1332 3995 1399 4047 ab
1425 3995 1697 4060 obeliscis,
1722 4012 1825 4050 non
1860 4012 2015 4051 secus
2039 4012 2103 4049 ac
2129 4006 2332 4051 vestem

772 4085 1010 4153 nudique
1032 4085 1398 4151 dilaceratam,
1422 4098 1473 4140 et
1497 4088 1611 4141 solo
1629 4104 1879 4142 sermone
1900 4090 2333 4155 persuadentem,

772 4190 831 4229 se
879 4192 985 4229 non
1036 4191 1155 4231 esse
1199 4189 1489 4232 mortuum.
1540 4178 1742 4249 Martyr
1790 4195 1918 4249 ergo
1949 4181 2012 4234 ad
2047 4180 2334 4234 Maximum

773 4266 1018 4335 protinus
1031 4268 1330 4338 aspiciens:
1359 4269 1536 4335 Modo,
1563 4272 1754 4340 inquit,
1777 4272 2130 4341 cognovistis,
2154 4286 2338 4341 quem-

776 4357 1064 4411 admodum
1126 4375 1231 4413 tion
1278 4361 1451 4414 solum
1512 4376 1754 4416 nostrum
1830 4379 2024 4432 corpus
2078 4366 2337 4418 adversus

772 4460 868 4500 vos
897 4450 1157 4514 decertat,
1197 4452 1291 4505 sed
1318 4452 1483 4506 Deum
1516 4454 1698 4513 habet.
1730 4454 1818 4521 qui
1852 4468 1943 4522 per
1977 4456 2148 4523 ipsum
2183 4454 2337 4527 longe

2442 3270 2835 3336 καταπλαγεὶς,
2868 3267 3049 3319 οὐκέτι
3080 3266 3201 3318 οὑδέ
3224 3266 3502 3317 πιστεύειν
3534 3261 3645 3332 εἷχε
3678 3262 3883 3331 μικροῦ
3910 3267 4028 3325 τοῖς

2443 3362 2591 3429 σφῶν
2618 3359 2933 3428 ὀφθαλμοῖς,
2973 3359 3279 3427 παράλογον
3304 3357 3471 3417 οὕτως
3498 3356 3664 3425 ὁρῶσι
3712 3356 3922 3422 θέαμα,
3956 3356 4027 3406 τὰ

2444 3454 2661 3522 στέρνα,
2690 3451 2788 3522 τὴν
2829 3451 3076 3521 καρδίαν,
3102 3452 3220 3503 ὅλον
3250 3451 3377 3517 ἐξῆς
3408 3450 3466 3501 τὸ
3494 3449 3651 3515 σῶμα
3682 3449 3907 3517 ὀξύτητι
3940 3466 4026 3499 σι-

2441 3548 2601 3617 δήρου
2629 3544 3036 3613 διαπειρόμενον
3060 3542 3366 3611 ἄνθρωπον,
3391 3538 3503 3592 εἶτα
3543 3543 3633 3591 καὶ
3672 3540 4027 3609 προστυπτό-

2445 3658 2603 3711 μενον
2633 3638 2838 3692 ἄνωθεν
2872 3638 3015 3707 μάλα
3052 3637 3293 3705 σφοδρῶς
3319 3678 3333 3699 ,
3388 3637 3480 3687 καὶ
3510 3636 3610 3687 οὐκ
3644 3635 3808 3695 εὐθὺς
3841 3636 4024 3703 suae-

2444 3731 2682 3801 ῥήξαντα
2709 3730 2806 3799 τὴν
2860 3730 3059 3799 ψυχὴν,
3095 3730 3230 3783 ἀλλὰ
3280 3726 3455 3791 ζῶντα
3488 3728 3567 3778 ἔτι
3603 3728 3695 3778 καὶ
3728 3727 4023 3794 περιόντα,

2443 3825 2537 3876 καὶ
2562 3823 2695 3891 πρὸς
2724 3824 2823 3889 τὴν
2855 3822 3126 3889 ἀφόρητον
3161 3820 3374 3887 ἐκείνην
3409 3820 3527 3887 βίαν
3562 3819 3677 3886 μεθ’
3699 3816 3889 3881 ὑγιοῦς
3922 3818 4027 3885 τῆς

2442 3914 2824 3973 καταστάσεως
2876 3912 3243 3980 ἐνιστάμενον.
3288 3912 3415 3981 Ὀψὲ
3454 3911 3510 3962 δὲ
3562 3906 3654 3961 οὖν
3703 3910 3858 3976 ὅμως
3910 3909 4025 3957 τῶν

2442 4007 2738 4059 ὀϐελίσκων
2770 4005 2931 4057 αὑτὸν
2972 4004 3313 4075 ἐξαιρεῖταιη
3340 4002 3593 4067 καθάπερ
3632 4002 3853 4067 ἱμάτιον
3884 4017 4028 4049 παν-

2443 4098 2667 4167 ταχόθεν
2688 4097 3043 4167 διερρωγότα,
3078 4095 3169 4147 καὶ
3203 4094 3262 4145 τὸ
3283 4094 3358 4163 μὴ
3379 4095 3569 4161 νεκρὸς
3600 4088 3740 4143 εἶναι
3775 4093 3921 4159 μόνῃ
3954 4094 4025 4157 τῇ

2448 4188 2656 4255 φθογγῇ
2708 4183 3088 4237 ἀναπείθοντα.
3158 4181 3219 4235 ’0
3260 4184 3467 4251 μάρτυς
3520 4183 3697 4234 τοίνυν
3746 4182 3882 4248 πρὸς
3932 4181 4030 4231 τον

2446 4273 2696 4341 Μάξιμον
2726 4272 2885 4334 εὐθὺς
2911 4270 3118 4324 ἀπιδὼν
3142 4311 3157 4336 ,
3217 4270 3530 4337 Ἐγνώκατε
3567 4269 3667 4321 κᾶν
3697 4268 3847 4338 ἄρτι,
3890 4270 4027 4337 ἔψη,

2446 4366 2591 4425 ὅπως
2629 4364 2687 4414 ού
2717 4362 2775 4414 τὸ
2824 4362 3092 4431 ἡμέτερον
3130 4361 3286 4430 σῶμα
3338 4364 3496 4429 μόνον
3526 4363 3657 4429 προς
3687 4362 3833 4427 ὑμᾶς
3875 4362 4009 4427 ἁγω

2447 4456 2667 4519 νίζεται,
2702 4454 2835 4505 ἀλλὰ
2868 4453 3000 4506 Θεὸν
3035 4454 3147 4522 ἔχει
3181 4455 3271 4505 τὸν
3306 4454 3372 4505 δι’
3412 4453 3577 4505 αὑτοῦ
3635 4452 3773 4519 μετὰ
3815 4452 4031 4516 πολλῆς

775 4548 985 4593 vestras
1010 4552 1231 4610 superat
1257 4544 1605 4615 insidias,qui
1638 4545 1802 4597 etiam
1827 4561 1931 4599 non
1954 4546 2081 4600 sinit
2099 4548 2331 4602 animam

2442 4547 2541 4615 τῆς
2572 4544 2890 4612 περιουσίας
2918 4544 3016 4606 τὰς
3048 4544 3318 4614 ὑμετέρας
3350 4544 3642 4603 ἐπιϐουλὰς
3684 4545 4027 4611 κατισχύον-

774 4632 993 4685 eVolare
1021 4646 1052 4686 e
1085 4648 1347 4704 corpore,
1379 4649 1498 4689 eam
1536 4634 1797 4688 cohibens
1836 4646 1892 4688 et
1934 4636 2217 4691 continens
2248 4653 2338 4691 ar-

774 4735 913 4773 cauo
942 4722 1172 4790 quodam
1200 4726 1430 4779 consilio
1456 4766 1469 4789 ,
1494 4734 1549 4781 et
1592 4742 1711 4795 quin
1744 4726 1849 4781 dici
1880 4741 1987 4781 non
2015 4738 2189 4797 potest
2216 4744 2341 4797 pro-

775 4812 1029 4868 videntia.

2442 4654 2532 4701 τα,
2563 4638 2709 4696 ὅστις
2736 4637 2829 4686 καὶ
2876 4634 2974 4703 τὴν
3028 4635 3209 4705 ψυχὴν
3242 4636 3552 4703 ἁποπτῆναι
3602 4634 3695 4684 τοῦ
3760 4634 4029 4701 σώματος

2442 4730 2543 4782 οὐκ
2573 4726 2655 4795 ἐᾷ,
2680 4724 2987 4796 διακρατῶν
3022 4728 3192 4796 αὐτὴν
3239 4727 3333 4781 καλ⁵
3369 4730 3608 4795 συνέχων
3640 4727 3906 4795 ἀρρήτοις
3942 4727 4031 4777 οξ-

2449 4816 2750 4887 κονομίαις.

2232 5028 2457 5085 CAPUT
2488 5030 2627 5087 XIII.

1836 5263 2141 5330 Aphrodisit'
2183 5264 2357 5319 Persi!
2390 5278 2606 5319 conatus
2646 5269 2698 5320 in
2743 5265 2983 5321 Sunclos.

856 5481 993 5537 LXX
1010 5482 1141 5537 VIII.
1172 5485 1303 5538 Citio
1335 5484 1568 5538 animum
1588 5490 1946 5554 ergootnuino
1962 5491 2336 5557 despondisset

782 5578 1072 5637 tyrannus,
1106 5581 1160 5622 et
1205 5576 1342 5623 nulla
1385 5588 1479 5640 spe
1511 5573 1737 5642 amplius
1785 5585 2089 5641 teneretur,
2123 5592 2334 5631 sacrum

780 5662 994 5729 quidem
1037 5662 1406 5728 Clementem,
1463 5664 1550 5733 qui
1606 5667 1780 5718 adhuc
1825 5668 2160 5734 portabatur,
2214 5686 2337 5722 cum

778 5752 1142 5822 Agatbangelo
1166 5752 1388 5808 includit
1428 5755 1478 5807 in
1515 5771 1751 5823 carcere.
1790 5755 1968 5811 Refert
2010 5770 2187 5814 autem
2230 5761 2339 5827 ipse

780 5860 992 5915 quoque
1014 5845 1225 5917 singula
1256 5845 1597 5916 Maximiano,
1632 5866 1875 5920 quaenam
1909 5853 2167 5907 adversus
2192 5868 2338 5909 mar-

2516 5490 2641 5545 OII'.
2680 5490 3086 5559 ’Δπαγορεύσας
3109 5489 3201 5543 οὖν
3218 5491 3283 5543 ἐκ
3306 5492 3520 5546 πάντων
3545 5494 3576 5545 ό
3606 5493 3892 5561 τύραννος,
3924 5494 4031 5548 καὶ

2449 5580 2719 5649 μηδεμιᾶς
2766 5580 2979 5642 ἐλπίδος
3018 5582 3316 5650 ἀνεχούσης
3367 5584 3549 5644 αὐτὸν,
3599 5584 3691 5636 τὸν
3738 5585 3838 5653 μὲν
3872 5586 4025 5653 ἱερὸν

2448 5670 2739 5739 Κλήμεντα
2773 5671 2851 5723 ἐτι
2872 5673 3364 5742 διαὸασταζόμενον
3393 5676 3489 5728 σὺν
3535 5675 3926 5745 Ἀγαθαγγέλῳ
3950 5681 4023 5746 τῇ

2448 5762 2661 5831 φυλακῇ
2710 5764 3041 5817 κατακλείει.
3086 5765 3142 5816 ὐ
3169 5766 3222 5817 δὲ
3260 5766 3585 5835 Μαξιμιανῷ
3625 5771 3717 5819 καὶ
3744 5768 3907 5828 αὐτὸς
3930 5765 4026 5820 οἷα

2445 5870 2504 5907 τε
2528 5854 2668 5908 κατὰ
2697 5854 2805 5910 τῶν
2844 5855 3134 5926 μαρτύρων
3165 5857 3518 5927 ἐπινοήσειεν,
3562 5858 3709 5919 ὅπως
3742 5874 3799 5909 τε
3838 5859 4031 5925 κρείτ-
