4154 6490
764 384 870 448 883

1994 390 2278 453 MENSIS
2322 391 2788 472 JANUARIUS.‘

3932 388 4046 452 884

761 508 814 552 et
851 507 995 551 tanta
1027 497 1286 568 supplicia
1326 499 1499 555 valida
1539 509 1717 555 essent
1758 500 1840 555 eis
1880 514 2129 570 corpora.
2165 506 2336 556 maxi-

2448 504 2622 573 5pd’ma
2647 506 2795 568 ὅπως
2840 503 2940 574 μὲν
2990 502 3218 573 εὔθυμοι
3264 502 3351 557 διὰ
3406 502 3643 573 Χριστδν
3672 502 3768 554 καὶ
3816 500 4049 569 φαιδροὶ

760 604 877 643 mas
900 589 1015 643 illas
1050 590 1232 660 plagas
1276 592 1385 646 cito
1410 590 1762 660 repellentia;
1797 608 1889 647 eos
1926 594 2086 647 veluti
2116 594 2332 663 impati-

759 684 891 735 luh-s
917 683 1295 738 existimantes
1323 695 1375 737 et
1408 685 1765 748 immortales,
1799 685 1872 737 illi
1903 700 2117 753 quoque
2145 701 2332 739 verum

760 773 924 826 Deum
952 773 1372 837 conﬁtebantur,
1399 782 1453 827 et
1477 773 1582 827 laati
1610 775 1939 829 accedebant
1965 778 2029 829 ad
2052 777 2332 843 pietatem.

756 864 889 919 Cum
943 867 1021 921 sic
1054 882 1182 938 ergo
1229 867 1385 935 longe
1435 866 1628 922 fuisset
1675 866 1901 921 inferior
1935 869 2332 936 Aphrodisias,

758 957 873 1009 luteo
928 957 1257 1011 Maximiano
1306 974 1519 1028 quoque
1564 959 1963 1029 significantur.
2013 960 2332 1013 llle'autem

756 1048 877 1101 cum
931 1065 1076 1117 spem
1134 1066 1351 1105 omnem
1406 1050 1690 1117 abiecisset
1732 1052 2090 1114 mutati0uis,
2151 1061 2334 1120 utpote

757 1141 898 1206 quod
944 1139 1057 1192 ﬁeri
1113 1156 1219 1194 non
1253 1152 1454 1211 posset,
1499 1152 1613 1196 uta
1645 1158 1740 1197 sua
1774 1143 2040 1196 sententia
2084 1143 2334 1196 traduce-

761 1240 944 1283 rentur
996 1242 1300 1302 martyres,
1362 1235 1596 1287 maxime
1661 1248 1783 1287 cum
1820 1248 1885 1286 ex
1933 1248 2000 1287 eo
2042 1233 2223 1302 plures
2265 1233 2334 1287 ad

758 1337 943 1374 eorum
1010 1326 1355 1379 traherentur
1406 1327 1692 1395 pietatem,
1754 1327 1819 1380 ad
1870 1337 2186 1396 perpetuum
2244 1343 2337 1383 eos

761 1418 1083 1469 condemnat
1146 1432 1459 1483 carcerem,
1527 1430 1583 1473 ut
1634 1435 1755 1473 cum
1809 1420 2088 1482 custodia,
2142 1435 2171 1474 a
2227 1435 2336 1489 qua

762 1509 906 1560 nu'lo
944 1520 1183 1577 tempore
1205 1513 1614 1579 egredigliceret,
1633 1512 2030 1573 extabuissent.
2058 1514 2135 1567 sic
2162 1528 2192 1567 e
2226 1513 2333 1566 vita

758 1601 1121 1663 excederent,
1182 1601 1290 1657 Deo
1354 1603 1456 1658 hoc
1509 1604 1587 1657 eis
1633 1603 1988 1673 providente,
2044 1613 2101 1657 ut
2162 1605 2336 1659 oratio

759 1688 1054 1744 Clementis
1085 1708 1204 1746 eum
1228 1731 1243 1755 ,
1292 1708 1451 1760 quem
1495 1694 1609 1763 ipse
1638 1702 1892 1763 precatus
1932 1695 2143 1759 fuerat,
2176 1696 2335 1751 tinem

762 1782 1067 1849 acciperet,
1107 1795 1160 1839 et
1192 1796 1380 1841 essent
1419 1786 1499 1843 eis
1534 1786 1770 1857 majores
1810 1788 2050 1858 martyrii
2088 1801 2338 1843 remune—

765 1883 1022 1927 Γειιιοιιθε.

2441 594 2760 664 περιῄεσαν,
2797 597 2946 658 ὅπως
2984 595 3040 648 δὲ
3092 596 3279 658 αὐτοῖς
3330 594 3425 647 ἐπὶ
3472 594 3761 654 τοσαύταις
3798 595 3915 661 ἄρα
3954 596 4049 642 καὶ

2438 690 2796 758 τηλικαύταις
2826 690 3082 742 κολάσεσι
3114 691 3183 743 τὰ
3230 693 3461 759 σώματα
3507 690 3740 759 ἔρῤωτσ,
3770 690 3911 754 ταχὺ
3946 705 4048 747 τας

2438 782 2773 851 ἀνηκέστους
2804 782 3017 852 πληγὰς
3054 784 3269 844 ἐκείνας
3302 781 3669 841 ἀποϐαλόντα,
3713 781 3807 831 καὶ
3845 780 4049 846 ῶσπερ

2439 874 2673 937 ἀπαθεῖς
2705 877 2903 938 αὐτοὺς
2956 878 3047 928 καὶ
3110 875 3410 937 ἀθανάτους
3453 870 3592 927 εἶναι
3628 874 3898 942 οἰόμενοι,
3956 876 4047 924 τὸν

2440 963 2615 1034 ἀληθῆ
2668 968 2916 1019 κάκεῖνοι
2951 966 3086 1017 Θεὸν
3137 966 3475 1035 ὡμολόγουν,
3512 965 3606 1016 καὶ
3658 967 3724 1032 τῇ
3783 964 4050 1031 εύσεεεξᾳ

2440 1058 2724 1127 χαίροντες
2754 1058 3159 1126 προσετίθεντο.
3192 1058 3379 1121 Οὖτως
3413 1056 3506 1110 οὖν
3540 1060 3633 1107 καὶ
3684 1056 4045 1124 Ἀφροδισίευ

2444 1150 2584 1217 μετά
2647 1148 2851 1217 πολλῆς
2911 1149 3236 1220 ἡττηθέντος
3290 1149 3645 1218 περιουσίας.
3700 1148 4047 1215 Μαξιμιανῷ

2440 1241 2536 1291 καὶ
2587 1239 2760 1293 ταῦτα
2812 1240 2889 1310 τῷ
2931 1240 3144 1310 βασιλεῖ
3179 1242 3312 1311 δῆλα
3348 1244 3579 1309 γίνεται.
3636 1241 3694 1293 Ὀ
3738 1241 3796 1293 δὲ
3851 1243 4046 1291 πᾶσαν

2440 1330 2632 1383 ἐλπίδα
2669 1331 2977 1402 μεταϐολῆς
3036 1334 3333 1401 ἀπογνοὺς,
3383 1333 3458 1395 ὡς
3517 1334 3780 1386 ἀδύνατον
3832 1332 3894 1384 ὃν
3962 1332 4045 1381 ἔτι

2444 1423 2881 1493 μεταπεισθῆναι
2936 1428 3064 1490 τοὺς
3105 1428 3414 1496 μάρτυρας,
3470 1425 3645 1488 ἄλλως
3696 1442 3755 1476 τε
3799 1426 3896 1476 καὶ
3959 1426 4045 1475 Ξτι

2442 1516 2663 1581 πλείους
2714 1519 2913 1584 μᾶλλον
2955 1520 3207 1573 ἐντεῦθεν
3251 1520 3595 1572 ἐπισπῶνται
3628 1517 3765 1586 πρὸς
3810 1520 3914 1586 τὴν
3953 1518 4047 1568 εὖ-

2442 1610 2678 1675 σέϐειαν,
2698 1610 2941 1679 διηνεκὲς
2963 1612 3147 1674 αὐτοῖς
3170 1611 3610 1680 καταψηφίζεται
3629 1610 4044 1678 δεσμωτήριον,

2440 1704 2517 1762 ὼς
2559 1702 2626 1756 ἂν
2672 1704 2765 1756 τὸν
2806 1704 3028 1757 ἅπαντα
3058 1704 3250 1774 χρόνον
3297 1708 3365 1775 τῇ
3416 1704 3650 1773 ἀνεξόδῳ
3680 1705 3898 1772 φυλακῇ
3936 1722 4044 1753 κα-

2444 1795 2908 1864 ταμαρανθέντες,
2963 1796 3106 1849 οὓτω
3138 1798 3237 1867 τὴν
3288 1796 3432 1866 ζωὴν
3475 1795 3855 1864 ἁποῤῥήξωσι,
3900 1794 4046 1846 Θεοῦ

2366 1872 2413 1931 Β
2444 1885 2537 1937 καὶ
2579 1886 2757 1940 ταῦτα
2817 1888 2950 1958 περὶ
2996 1887 3194 1950 αὐτοὺς
3242 1889 3718 1956 οἱκονομουμένου,
3772 1887 3840 1938 ἶν’
3882 1888 3917 1953 ἧ
3985 1900 4046 1934 τε

761 1966 857 2019 τοῦ
880 1968 1197 2039 Κλήμεντος
1222 1970 1425 2041 δέησις,
1454 1972 1638 2027 ὁποῖον
1660 1973 1869 2039 ἐκεῖνος
1897 1972 2100 2045 ηὔξατο
2127 1974 2343 2047 δέξηται
2379 1979 2472 2031 καὶ
2540 1981 2737 2052 πέρας,
2786 1981 2883 2034 καὶ
2926 1981 3170 2052 μείζονες
3238 1982 3419 2045 αὐτοῖς
3468 1984 3525 2035 αἱ
3582 1980 3676 2033 τοῦ
3733 1978 4045 2049 μαρτυρίου

762 2064 987 2133 ἀμοιϐαὶ
1026 2063 1313 2134 γένωνται.

2248 2335 2473 2391 CAPUT
2519 2336 2653 2392 XIV.

1900 2544 1955 2599 S.
1997 2545 2343 2615 Agathangeii
2386 2549 2692 2618 martyrium
2735 2548 2978 2617 Ancyra.

837 2750 1078 2807 LXXXI.
1094 2750 1228 2808 Cum
1254 2750 1412 2822 longo
1434 2765 1563 2822 ergo
1584 2759 1822 2822 tempore
1840 2752 1919 2807 sic
1940 2753 2135 2807 morati
2153 2762 2338 2806 essent

767 2846 822 2901 in
852 2846 1135 2908 custodia,
1170 2844 1321 2899 multi
1349 2844 1437 2898 alii
1465 2860 1529 2899 ex
1568 2844 1691 2915 piis,
1715 2847 1807 2914 qui
1840 2846 2163 2915 martyrium
2215 2854 2340 2915 post

766 2954 860 2993 eos
879 2938 1283 3002 inchoaverant,
1325 2948 1651 3006 acceperunt
1676 2948 1801 2993 ante
1831 2939 1975 3008 ipsos
1996 2954 2342 2994 consumma-

767 3032 992 3086 tiOnem.
1028 3029 1128 3096 Qui
1173 3042 1351 3084 autem
1382 3029 1677 3084 Clementis
1706 3039 1760 3084 et
1799 3030 2168 3099 Agatltangeli,
2208 3045 2344 3099 prze-

769 3123 1038 3176 clarorum
1092 3121 1415 3176 athletarum
1448 3121 1689 3191 pietatis.
1733 3131 1890 3175 erant
1932 3137 1960 3174 a
2019 3122 2343 3175 Maximiano

2515 2753 2645 2807 ΠΝ.
2682 2752 2855 2805 Πολῦν
2888 2752 3072 2806 τοίνυν
3097 2750 3242 2805 οὕτω
3263 2754 3329 2821 τῇ
3364 2750 3577 2821 φυλακῇ
3608 2753 3802 2823 χρόνον
3833 2753 4052 2825 διατρι-

2443 2845 2686 2915 ψάντων,
2718 2845 2905 2897 πολλοὶ
2942 2846 3039 2897 καὶ
3082 2843 3235 2899 ἄλλοι
3274 2844 3385 2896 τῶν
3412 2844 3652 2895 εὐσεϐῶν
3685 2844 3924 2915 ὕστερον
3954 2846 4052 2898 τού

2451 2936 2753 3006 μαρτυρίου
2788 2938 3111 3009 ἀρξάμενοι,
3148 2938 3254 3006 πρὸ
3303 2936 3485 2989 αὐτῶν
3529 2936 3779 3000 ἐδέξαντο
3824 2938 3932 3008 τὴν
3964 2956 4056 2990 τε·

2448 3030 2685 3082 λείωσιν,
2710 3029 2773 3081 Ol.
2824 3029 3008 3095 μέντοι
3046 3027 3327 3096 Κλήμεντι
3373 3029 3469 3079 καὶ
3507 3026 3903 3097 Ἀγαθαγγέλῳ
3937 3031 4054 3090 τοῖς

2449 3121 2719 3188 γενναίοις
2758 3121 2857 3188 τῆς
2910 3119 3193 3177 εὐσεϐείας
3245 3121 3573 3185 ἀγωνισταῖς
3597 3121 3911 3187 ἐφεστῶτες
3946 3122 4057 3171 ὑπὸ

770 3216 1010 3269 carceris
1050 3213 1330 3269 constituti
1385 3215 1659 3277 custodes,
1704 3214 1903 3267 defessi
1955 3214 2207 3267 diuturna
2254 3214 2341 3267 illa

2448 3211 2795 3284 Μαξιμιανοῦ
2828 3212 3258 3281 δεσμοφύλακες,
3318 3214 3385 3281 τῇ
3447 3210 3612 3281 πολλῇ
3669 3212 3857 3281 ἐκείνῃ
3920 3214 4056 3281 περὶ

769 3306 1007 3359 carceris
1058 3304 1336 3371 custodia,
1383 3306 1467 3357 vix
1506 3306 1719 3358 tandem
1757 3308 2019 3359 accedunt
2059 3308 2121 3359 ad
2164 3304 2346 3358 Maxi-

775 3403 981 3456 tninum
1029 3401 1105 3468 (7)
1128 3439 1143 3464 ,
1183 3401 1275 3468 qui
1307 3410 1434 3454 tunc
1470 3412 1782 3469 suscrperat
1815 3400 2097 3468 imperium
2120 3441 2135 3465 ,
2173 3410 2225 3453 et
2259 3416 2347 3452 ro-

775 3504 903 3562 gant
936 3494 1129 3563 ecquid
1164 3492 1348 3559 iubeat
1377 3492 1441 3546 de
1471 3492 1557 3556 iis,
1593 3507 1726 3559 quos
1757 3493 1936 3545 multis
1977 3494 2133 3546 annis
2168 3503 2349 3545 tenent

773 3586 1002 3649 vinctos,
1036 3584 1127 3654 qui
1162 3583 1486 3637 Christiana:
1530 3594 1655 3636 sunt
1685 3582 1958 3652 religionis
1984 3626 1998 3650 ,
2028 3584 2119 3652 qui
2160 3583 2350 3636 dillici-

777 3680 901 3732 liter
956 3678 1281 3743 moriuntur,
1329 3677 1410 3730 vel
1465 3686 1591 3730 sunt
1638 3678 1817 3745 potius
1865 3675 2214 3732 immortales.
2260 3676 2349 3730 Sic

775 3771 918 3824 enim
972 3768 1322 3823 nominabant
1385 3768 1614 3832 beatos,
1667 3778 1952 3837 prOptcrea
2016 3772 2158 3836 quod
2215 3768 2349 3821 mala

777 3863 1184 3922 sustinuissent,
1218 3874 1337 3929 qua:
1362 3858 1505 3912 ferre
1532 3875 1633 3913 non
1665 3870 1841 3927 potest
1872 3861 2100 3912 luunana
2134 3872 2347 3913 natura.

776 3952 1101 4007 Maximinus
1132 3960 1311 4006 autem
1349 3967 1467 4004 cum
1500 3952 1647 4016 prius
1678 3967 1803 4004 suos
1833 3952 1960 4005 deos
1995 3952 2353 4004 IttUiliS’ilttSt'o

777 4054 954 4099 ctatus
988 4044 1174 4099 fuisset
1218 4042 1539 4109 maledictis,
1574 4043 1713 4113 quod
1749 4058 1854 4095 non
1882 4044 2182 4110 potuissent
2213 4059 2351 4111 prm-

777 4151 985 4194 sentem
1010 4139 1116 4192 illis
1150 4139 1317 4192 vitam
1342 4137 1603 4199 adimere,
1641 4138 1832 4191 deinde
1874 4139 2038 4191 etiam
2070 4138 2352 4205 quaesivis-

776 4241 859 4287 set
910 4233 977 4286 de
1029 4230 1284 4295 civitate,
1341 4231 1394 4284 in
1454 4244 1558 4301 qua
1601 4231 1709 4283 nati
1764 4238 1818 4283 et
1863 4244 1924 4283 ex
1980 4244 2083 4297 qua
2127 4228 2349 4297 profecti

780 4325 1029 4390 fuerant,
1073 4333 1125 4379 et
1175 4324 1454 4392 cuiusnam
1505 4332 1685 4378 essent
1717 4323 1970 4392 generis,
2012 4338 2133 4375 cum
2166 4338 2261 4377 eos
2303 4333 2355 4375 ct

784 4418 1009 4473 Galatas
1047 4431 1170 4473 esse
1199 4417 1571 4482 intellexisset,
1603 4426 1657 4471 et
1688 4432 1752 4471 ex
1784 4417 2003 4471 civitate
2036 4416 2317 4485 Ancyrana
2338 4456 2351 4477 ,

782 4510 847 4562 ad
882 4509 1105 4563 Lucium
1146 4524 1241 4563 eos
1292 4509 1457 4563 mittit
1490 4508 1770 4579 praesidem
1820 4526 1830 4560 :
1876 4509 1921 4563 is
1950 4508 2092 4563 enim
2128 4516 2254 4561 tunc
2303 4508 2351 4560 ei

782 4610 1030 4668 prmerat.
1080 4598 1153 4652 Ita
1198 4600 1539 4665 cognoscitur
1583 4600 1845 4653 Dominus
1875 4600 2075 4668 judicia
2128 4599 2351 4661 faciens,

780 4692 870 4759 qui
907 4702 1171 4760 martyres
1202 4708 1417 4760 quoque
1453 4703 1572 4760 post
1617 4699 1697 4746 tot
1724 4701 1776 4743 et
1811 4702 1955 4743 tanta
1994 4690 2230 4759 pericula
2256 4728 2268 4751 ,
2302 4691 2349 4743 ei

782 4799 990 4844 rursus,
1024 4798 1140 4851 qnze
1170 4798 1264 4838 eos
1285 4784 1499 4846 tulerat,
1525 4785 1591 4839 iis
1620 4784 1814 4852 quibus
1846 4784 1957 4852 ipse
1987 4784 2133 4836 novit
2160 4782 2350 4844 modis,

784 4874 1040 4928 restituit.
1074 4873 1149 4927 llli
1187 4890 1315 4945 ergo
1338 4890 1460 4928 cum
1489 4874 1675 4929 Tarsis
1708 4874 1913 4943 egressi
1944 4882 2148 4935 essent,
2183 4872 2348 4925 alacri

783 4966 918 5031 pede
956 4964 1306 5019 confecerunt
1348 4967 1487 5018 viam
1528 4980 1647 5034 qua
1682 4966 1783 5020 fert
1815 4966 1867 5019 in
1920 4967 2169 5033 patriam.
2214 4965 2349 5017 Cum

786 5060 1017 5125 primum
1052 5067 1231 5111 autem
1261 5058 1507 5111 viderunt
1533 5059 1803 5128 Ancyram
1827 5096 1840 5119 ,
1874 5058 2137 5111 sistuntur
2173 5071 2354 5110 coram

781 5149 1007 5216 prmside
1037 5148 1223 5203 Lucio.
1279 5147 1372 5201 llle
1402 5164 1533 5202 vero
1559 5165 1680 5202 cum
1719 5163 1819 5203 nec
1856 5150 1933 5202 eis
1964 5149 2181 5217 quidem
2206 5147 2355 5215 prius

780 5240 1031 5307 loquendi
1056 5239 1273 5293 fecisset
1296 5250 1636 5307 potestatem,
1662 5252 1789 5294 tunc
1816 5255 1909 5294 eos
1935 5240 2155 5309 quidem
2180 5239 2355 5293 valide

784 5331 1012 5384 includit
1055 5332 1105 5383 in
1142 5330 1303 5399 ligno,
1334 5331 1509 5399 lapide
1542 5332 1756 5400 utrique
1785 5332 2023 5401 alligato,
2060 5332 2131 5383 ita
2165 5340 2220 5383 ut
2254 5346 2355 5385 nec

785 5424 884 5491 ipsi
942 5422 1157 5491 quidem
1214 5433 1430 5493 possent
1480 5426 1701 5478 omnino
1741 5426 1979 5489 moveri,
2040 5439 2138 5477 nec
2189 5438 2349 5477 crura

781 5516 1089 5567 cxtenderc.

859 5766 931 5825 (ἲ)
989 5762 1043 5815 Si
1098 5778 1212 5833 non
1270 5780 1408 5818 anno
1464 5766 1648 5820 ultiino
1715 5765 1926 5833 imperii
1990 5763 2344 5823 Diocletiani,

782 5836 979 5889 (Ilu'isli
1048 5832 1191 5895 505,
1246 5836 1405 5891 occisi
1457 5848 1581 5891 sunt
1629 5832 1831 5903 sancti,
1892 5838 1983 5891 sed
2026 5834 2129 5890 509
2163 5836 2346 5902 (quod

2447 3309 2572 3367 τοὺς
2642 3307 2927 3375 μάρτυρας
2986 3303 3314 3366 ὀκλάσαντες
3352 3304 3700 3373 προσεδρείᾳ,
3776 3305 3877 3371 ὀψὲ
3954 3307 4054 3356 καὶ

2451 3398 2692 3467 βραδέως
2734 3397 2990 3466 προσίασι
3046 3395 3398 3464 Μαξιμιανῷ,
3452 3395 3756 3463 τηνικαῦτα
3797 3396 3901 3463 τῆς
3957 3397 4057 3464 βα-

2450 3487 2654 3548 σιλείας
2703 3487 3113 3557 ἐπειλημμένῳ,
3143 3488 3259 3551 καὶ,
3292 3485 3358 3539 Τί
3395 3490 3521 3556 περὶ
3565 3480 3641 3539 ὦν
3664 3488 3758 3539 ἐπὶ
3826 3489 4054 3548 πολλοῖς

2448 3580 2548 3649 ἥδη
2574 3582 2788 3649 χρόνοις
2820 3578 3016 3649 ἔχομεν
3052 3579 3368 3645 δεσμωτῶν,
3396 3580 3493 3648 τῆς
3537 3579 3645 3632 τῶν
3692 3580 4051 3647 Χριστιανῶν

2450 3672 2619 3725 δντων
2654 3671 2974 3742 θρησκείας,
3004 3671 3354 3724 δυσθανάτων
3402 3672 3617 3741 ἀληθῶς
3660 3672 3693 3741 ἥ
3755 3673 4055 3725 ἀθανάτων

2451 3767 2759 3824 ἐπιτάττεις
2782 3781 2797 3829 ;
2825 3763 3075 3833 ὴρώτων.
3102 3764 3256 3816 Οὕτω
3278 3764 3384 3833 γὰρ
3410 3765 3535 3826 τους
3568 3766 3876 3833 μακαρίους
3908 3766 4049 3816 ῶντὶ-

2454 3857 2625 3923 μαζον
2672 3856 2759 3908 διὰ
2804 3858 2862 3908 τὸ
2907 3856 3082 3923 μείζω
3110 3856 3327 3923 φύσεως
3355 3856 3702 3925 ἀνθρωπίνης
3753 3859 4054 3924 ὑπομεῖναι

2452 3948 2518 3999 τὰ
2553 3947 2784 4015 χαλεπά.
2805 3946 3151 4015 Μαξιμιανδς
3177 3944 3271 3998 οὖν
3299 3946 3467 3998 πολλά
3488 3948 3611 4008 τοὺς
3647 3946 3850 3997 ἑαυτοῦ
3892 3947 4052 4009 Θεοῖας

2453 4039 2720 4107 πρότερον
2751 4038 3175 4106 βλασφημήσας,
3206 4039 3287 4089 ὅτι
3322 4038 3397 4106 μὴ
3438 4038 3537 4106 τῆς
3581 4038 4053 4106 παρούσης’ζωῆς

2456 4132 2827 4197 ὑπεξαγαγεῖν
2852 4130 3096 4191 ἐκείνους
3124 4129 3409 4199 ἠδύναντο,
3433 4125 3554 4182 εἶτα
3602 4130 3695 4183 καὶ
3737 4130 3841 4199 τὴν
3896 4134 4055 4182 πόλιν

2456 4224 2514 4274 ἐν
2616 4239 2675 4273 τε
2700 4222 2959 4289 γεγόνασι
3006 4223 3100 4273 καὶ
3134 4220 3257 4273 ὅθεν
3287 4220 3598 4291 ῶρμηνται,
3647 4223 3739 4273 καὶ
3787 4224 3853 4273 τὸ
3895 4224 4059 4289 γένος

2455 4313 2629 4365 ὁποῖοί
2674 4314 2817 4374 τινές
2851 4315 2989 4365 εἰσιν
3014 4312 3346 4381 ἐκζητήσας,
3383 4314 3505 4364 ἐπεὶ
3556 4313 3803 4374 Γαλάτας
3848 4316 4056 4378 αὐτοὺς

2457 4401 2597 4457 εἶναι
2651 4405 2812 4473 μάθοι
2846 4403 2941 4455 καὶ
2988 4406 3086 4471 τῆς
3134 4404 3489 4472 ’Λγκυρανῶν
3541 4404 3773 4466 πόλεως.
3827 4408 4058 4473 Λουκίσει

2459 4493 2655 4554 αὐτοὺς
2695 4490 3077 4555 ἐξαποστέλλει
3112 4492 3190 4560 τῷ
3224 4494 3493 4561 ἡγεμόνι·
3541 4487 3693 4556 οὗτος
3736 4497 3848 4563 γὰρ
3896 4512 4057 4562 τηνι-

2460 4584 2635 4637 καῦτα
2672 4583 2840 4651 αὐτῆς
2872 4578 3058 4651 ἦρχεν.
3086 4582 3243 4635 Οὕτω
3288 4584 3614 4650 γινώσκεται
3674 4586 3884 4655 Κύριος
3920 4590 4054 4654 κρί-

2462 4695 2607 4747 ματα
2645 4677 2833 4737 ποιῶν,
2866 4678 2921 4736 ὃς
2952 4693 3014 4742 γε
3058 4676 3122 4745 δὴ
3172 4676 3267 4728 καὶ⁸
3310 4677 3435 4738 τοὺς
3472 4680 3755 4746 μάρτυρας
3786 4682 3931 4744 μετά
3959 4695 4055 4729 το-

2461 4769 2683 4829 σούτους
2717 4770 2808 4819 καὶ
2834 4766 3189 4835 τηλικούτους
3223 4766 3526 4830 κινδύνους,
3580 4770 3645 4835 τῇ
3689 4769 4051 4839 ἐνεγκαμένῃ

2458 4862 2620 4914 πάλιν
2670 4855 2751 4921 οἷς
2806 4856 2912 4911 οἶδε
2955 4860 3174 4928 τρόποις
3225 4859 3388 4922 αὐτὸς
3414 4860 3757 4912 ἀποδίδωσιν.
3809 4861 4053 4913 Ἐκεῖνοι

2455 4954 2551 5007 οὖν
2602 4953 2719 5021 μετ’
2772 4951 3122 5019 εὐχαριστίας
3170 4951 3482 5020 ἀπάραντες
3512 4953 3613 5019 τῆς
3647 4952 3868 5019 Ταρσοῦ
3908 4969 4051 5021 προ-

2460 5048 2617 5114 θύμῳ
2666 5042 2786 5094 ποδὶ
2820 5044 2918 5111 τὴν
2948 5042 3040 5092 ἐπὶ
3091 5042 3191 5111 τὴν
3241 5044 3475 5111 πατρίδα
3527 5044 3802 5113 φέρουσαν
3853 5045 4045 5110 ῆνυον.

2471 5135 2637 5205 Ὁμοῦ
2670 5134 2845 5201 δὲτὴν
2884 5133 3166 5201 ’Ἄγκυραν
3203 5131 3363 5197 εἶδον,
3398 5135 3491 5186 καὶ
3522 5134 3656 5203 ὁμοῦ
3695 5134 3774 5201 τῷ
3805 5134 4047 5201 ἡγεμόνι

2456 5226 2671 5296 Λευκίῳ
2723 5227 3087 5295 παρίστανται
3120 5242 3132 5255 ·
3168 5228 3195 5277 ὁ
3256 5226 3312 5278 δέ
3369 5226 3504 5294 μηδὲ
3560 5227 3717 5291 λόγου
3769 5226 4047 5293 πρότερον

2456 5322 2639 5382 αὐτοῖς
2700 5317 2962 5385 μεταδοὺς
3020 5320 3139 5369 τότε
3182 5318 3280 5385 μέν
3336 5318 3593 5385 ἀσφαλῶς
3643 5320 3699 5369 ἐν
3754 5318 3830 5385 τῷ
3892 5318 4045 5386 ξόὶῳ

2458 5413 2657 5472 αὐτοὺς
2703 5409 3061 5473 κατακλείει,
3115 5410 3260 5462 λίθον
3312 5410 3577 5477 ἐκατέρου
3626 5411 3899 5477 ἐκδήσας,
3955 5412 4044 5473 ’.ῦς

2461 5508 2593 5579 μηδὲ
2612 5505 2878 5558 κινεῖσθαι
2899 5506 3031 5568 ὅλως
3060 5508 3277 5571 αὖτοὺς,
3310 5508 3442 5577 μηδὲ
3459 5508 3766 5559 ἀποτεινειν
3784 5508 3850 5555 τα
3867 5505 4042 5572 σκέλη

2452 5601 2729 5655 δύνασθαι.

2462 5764 2600 5816 alias
2634 5760 3033 5825 disputatum),
3090 5760 3133 5812 is
3193 5756 3391 5811 Galerii
3444 5754 3761 5825 Maximiani
3802 5754 4038 5821 quintus

2459 5833 2589 5887 fuit.
2640 5824 2801 5901 quem
2852 5829 3002 5883 multi
3053 5828 3365 5883 Cunctorum
3410 5824 3756 5880 Maximinum
3810 5837 4033 5878 vocant.
