4154 6490
745 442 848 512 δ87

1962 453 2245 512 MENSIS
2285 451 2750 511 JANUAilH'S.
3909 442 4008 502 δεμ

745 575 809 610 ιη
845 557 1145 619 sententia,
1176 555 1270 609 sed
1325 557 1582 611 athletam
1613 559 1794 628 potius
1819 562 1954 616 elllci
1989 564 2319 626 clariorem,

2432 559 2606 626 ἐαυτῷ
2631 561 2770 612 κατὰ
2799 554 3029 625 γνώμην
3060 555 3236 617 ἀνύει,
3269 551 3386 607 ἀλλ’
3412 551 3847 620 ἐπιφανέστερον
3881 550 4015 618 μᾶλ-

745 646 979 701 ςιιιιίυιςεο
1012 647 1106 700 ἱ·Ηο
1147 647 1198 699 in
1231 647 1550 716 locum,rqui
1584 649 1834 718 (lryptos,
1863 652 1912 703 id
1954 661 2039 705 est
2067 654 2320 719 Abulitus,

742 743 1063 808 appa-iiatur,
1120 752 1250 793 ense
1308 741 1523 794 beatum
1585 752 1745 808 caput
1797 755 2076 813 amputat,
2129 747 2321 814 quinto

743 832 945 886 mensis
991 830 1335 888 Novembris.
1404 833 1582 902 Atque
1641 846 1844 906 martyr
1889 838 2137 907 quidem,
2197 855 2318 892 cum

741 925 1060 980 recessisset
1107 928 1174 980 ab
1205 926 1294 991 iis,
1324 941 1442 996 qua).
1467 936 1595 980 sunt
1636 928 1700 981 ad
1734 939 1969 996 tempus,
2005 938 2056 984 et
2095 945 2125 983 a
2171 930 2317 986 labo-

741 1019 890 1074 ribus
925 1019 1182 1073 liberatus
1224 1020 1413 1075 fuisset
1446 1029 1501 1074 et
1541 1021 1874 1086 tormentis,
1899 1021 1998 1076 fuit
2045 1023 2099 1077 in
2132 1024 2318 1089 cmlis;

741 1122 793 1166 et
847 1101 940 1178 qui
980 1123 1149 1166 starzt
1187 1128 1308 1166 eum
1344 1114 1571 1184 angelis,
1609 1125 1665 1169 et
1710 1130 1831 1168 cum
1863 1117 2076 1186 superis
2121 1118 2321 1174 choros

743 1209 981 1262 duceret,
1019 1202 1214 1272 dignus
1245 1203 1342 1257 fuit
1372 1205 1612 1270 habitus,
1647 1220 1770 1259 cum
1801 1217 2070 1262 certasset
2096 1207 2196 1260 sub
2223 1208 2324 1272 iu:-

740 1295 1088 1362 peratoribus
1111 1294 1328 1363 quidem
1359 1294 1694 1349 Diocletiano
1722 1305 1774 1348 et
1805 1295 2137 1350 Maximiano
2163 1336 2176 1362 ,
2223 1301 2324 1353 sub

745 1386 1154 1454 magistratibus
1205 1397 1382 1439 autem
1425 1387 1745 1456 Agrippino,
1779 1387 2021 1451 Curicio,
2063 1387 2325 1456 Domitio,

747 1477 1065 1532 Sacerdote.
1097 1477 1352 1544 Maximo,
1377 1478 1707 1544 Aphrodisio
1731 1490 1784 1533 et
1807 1479 1992 1535 Lucio.
2021 1479 2114 1535 Pia
2141 1491 2322 1536 autem

742 1570 827 1622 illa
877 1578 932 1623 et
997 1581 1294 1640 martyrum
1346 1571 1720 1625 amantissima
1778 1571 2022 1642 Sophia,
2077 1582 2324 1629 materno

741 1675 929 1714 amore
969 1661 1019 1714 in
1067 1661 1498 1732 Agathangelum
1558 1677 1774 1731 quoque
1823 1679 2052 1720 accensa
2104 1675 2326 1736 propter

742 1767 994 1820 magnum
1031 1751 1391 1820 Clementem,
1423 1763 1706 1822 postquam
1737 1754 1872 1808 vidit
1897 1771 2042 1820 eum,
2079 1767 2136 1810 ut
2171 1769 2316 1824 opta~

743 1847 855 1906 hat,
895 1853 1328 1897 consummatum
1353 1885 1367 1909 ,
1401 1853 1448 1898 et
1485 1844 1552 1898 ab
1591 1844 1678 1911 iis,
1722 1859 1858 1913 quas
1892 1863 1991 1917 pro
2024 1847 2143 1918 ipso
2170 1865 2326 1920 gere-

2429 669 2521 703 ων
2552 650 2644 700 τὴν
2685 647 2926 718 ἀθλητὴν
2962 641 3358 717 ἀπεργάζεται,
3399 642 3708 711 ἀπαγαγὼν
3737 643 3901 695 αὐτὸν
3937 641 4016 702 εἰς

2427 751 2519 798 τὸν
2551 743 2810 813 Κρυπτὸν
2842 743 3050 794 ἐκεῖνον
3083 739 3231 793 οὕτω
3269 739 3607 809 καλούμενον
3650 737 3840 799 τόπον,
3873 734 4011 801 ξίφει

2426 841 2523 906 τὴν
2562 835 2842 906 μακαρίαν
2895 833 3144 904 κεφαλὴν
3200 833 3530 902 ἀποτέμνει,
3585 829 3854 898 πέμπτην
3891 827 4014 878 τότε

2427 928 2522 982 τοῦ
2550 928 2862 998 Νοεμϐρίςυ
2911 926 3078 997 μηνὸς
3113 925 3363 993 ἄγοντος.
3419 924 3480 976 '0
3515 922 3612 991 μὲν
3659 915 3754 973 οὖν
3799 918 4013 989 μάρτυς

2427 1019 2614 1073 λοιπὸν
2653 1018 2899 1080 ἀποστὰς
2940 1017 3050 1070 τῶν
3101 1017 3475 1087 προσκαίρων,
3512 1014 3608 1066 καὶ
3662 1015 3847 1064 πόνων
3919 1009 4014 1059 καὶ

2430 1112 2682 1182 βασάνων
2720 1109 3078 1179 ἀπαλλαγεὶς,
3138 1112 3198 1163 ἐν
3249 1110 3504 1182 οὐρανοῖς
3561 1103 3628 1177 ἦν
3655 1122 3670 1136 ·
3725 1105 3824 1158 καὶ
3878 1101 4014 1170 μετὰ

2427 1202 2679 1271 ἀγγέλων
2748 1203 2971 1257 ἑστάναι
3004 1243 3018 1265 ,
3084 1202 3181 1256 καὶ
3248 1201 3386 1272 μετὰ
3436 1198 3546 1252 τῶν
3606 1198 3718 1252 ἄνω
3769 1193 4013 1266 χορεύειν

2429 1294 2648 1363 ηξίωτο,
2683 1294 2924 1366 ἀθλήσας
2949 1295 3042 1348 ἐπὶ
3075 1294 3174 1360 μὲν
3205 1294 3314 1348 τῶν
3337 1291 3601 1364 βασιλέων
3629 1285 4013 1358 Διοκλητιανοῦ

2431 1385 2524 1438 καὶ
2548 1383 2917 1454 Μαξιμιανοῦ,
2950 1385 3042 1436 ἐπὶ
3067 1385 3122 1437 δέ
3165 1383 3274 1436 τῶν
3305 1381 3589 1452 ἀρχόντων
3631 1375 4010 1444 Ἀγριππῖνον,

2430 1477 2749 1547 Κουρικίου,
2781 1476 3068 1545 Δομετίου,
3101 1473 3475 1545 Σακερδῶτος,
3504 1469 3784 1539 Μαξίμου.
3821 1469 4014 1533 Ἀφρο-

2427 1569 2602 1624 δισίου
2635 1550 3016 1624 καὶλουκίου.
3071 1569 3135 1620 Ἢ
3184 1567 3242 1620 δέ
3273 1584 3336 1635 γε
3381 1564 3638 1634 θεοφιλὴς
3690 1561 3874 1629 ἐκείνη
3922 1558 4015 1610 καὶ

2430 1660 2770 1731 φιλόμαρτυς
2811 1661 2982 1729 Σοφία
3031 1659 3310 1730 μητρικῶς
3345 1658 3441 1712 καὶ
3488 1652 3901 1723 Ἀγαθαγγέλου
3927 1648 4016 1703 διὰ

2427 1753 2521 1806 τὸν
2578 1751 2751 1822 μέγαν
2796 1752 3094 1823 Κλήμεντα
3126 1751 3550 1827 περικαιομένη,
3592 1746 3826 1814 ἐπείπερ
3877 1737 4014 1795 εἶδεν

2429 1843 2614 1910 αὑτὸν,
2647 1843 2722 1906 ὡς
2755 1843 2962 1910 ἐπόθει,
2995 1843 3375 1905 τελειωθέντα,
3410 1839 3634 1894 καὶτῶν
3676 1837 3820 1905 ὑπὲρ
3847 1831 4013 1887 αὑτοῦ

743 1933 854 1998 bat,
884 1933 1030 1987 curis
1060 1945 1141 1988 est
1159 1932 1427 2001 exsoluta,
1473 1944 1526 1988 et
1554 1949 1675 1988 cum
1705 1951 1898 2006 magna
1924 1937 2200 2009 voluptate
2222 1941 2325 1996 tol-

2432 1937 2729 2008 φροντίδων
2761 1936 2950 2008 ἐλύθη,
2998 1939 3095 1990 καὶ
3144 1938 3240 1990 σὺν
3265 1937 3426 2006 ἡδονῇ
3461 1931 3631 2001 πολλῇ
3662 1931 3721 1982 τὸ
3751 1942 4016 1998 μαρτυρι-

742 2032 857 2078 tens
876 2025 1004 2081 illud
1027 2041 1228 2096 corpus
1252 2028 1627 2098 martyricum,
1662 2038 1716 2082 et
1736 2043 2089 2099 componens,
2120 2034 2171 2086 in
2199 2033 2318 2089 loco

741 2119 1264 2186 consummationis,
1320 2121 1372 2173 in
1423 2117 1656 2186 quodam
1703 2120 1954 2190 sepulcro
2013 2123 2320 2193 profundis-

739 2207 911 2277 simo,
945 2208 1000 2264 in
1033 2210 1283 2282 ingressu
1321 2210 1503 2280 templi
1528 2213 1668 2280 quod
1703 2211 1814 2267 illic
1842 2224 1946 2277 est,
1979 2214 2249 2284 deposuit.

2427 2031 2522 2084 κδν
2547 2029 2758 2083 ἐκείνου
2793 2031 2951 2100 σῶμα
2988 2030 3288 2100 ἀνελομένη
3330 2029 3427 2081 καὶ
3471 2024 3865 2097 περιστείλασα
3897 2016 4016 2070 κατ’

2430 2121 2595 2175 αὑτὸν
2629 2121 2721 2174 τὸν
2752 2123 2852 2193 τῆς
2882 2121 3215 2184 τελειώσεως
3266 2122 3452 2178 τόπον,
3491 2118 3546 2171 ἐν
3582 2134 3690 2169 τινι
3733 2111 4018 2184 βαθυτάτῳ

2430 2215 2610 2284 τάφῳ.
2654 2215 2791 2283 πρὸς
2829 2219 2895 2288 τῇ
2928 2215 3022 2270 τοῦ
3060 2217 3237 2270 ἐκεῖσε
3272 2211 3402 2268 ναοῦ
3433 2211 3627 2278 εἰσόδῳ
3664 2206 3948 2262 κατέθετο.

2190 2448 2420 2506 CAPUT
2457 2449 2575 2504 XV.

1598 2651 1917 2723 Martyrium
1946 2654 2044 2711 SS.
2072 2655 2380 2712 Clementis.
2402 2656 2770 2726 Christophon’
2794 2663 2841 2707 ει
2863 2652 3186 2708 Chal-itania.

815 2872 1080 2930 LXXXV.
1105 2875 1303 2930 Prtecla
1315 2890 1404 2931 rus
1421 2882 1598 2932 autem
1620 2877 1825 2933 Christi
1839 2879 2038 2934 athleta
2052 2878 2321 2946 Clemens,

743 2984 866 3024 cum
899 2969 982 3024 sui
1023 2969 1076 3023 in
1109 2969 1410 3027 certamine
1448 2969 1581 3026 socii
1624 2971 1980 3042 Agathangeli
2030 2973 2322 3028 intellexis-

743 3070 828 3118 set
860 3064 1384 3117 consummationem
1407 3103 1421 3124 ,
1471 3063 1586 3134 ipse
1617 3078 1832 3133 quoque
1861 3065 2137 3135 voluptate
2163 3107 2176 3129 ,
2206 3081 2326 3136 qua:

744 3153 968 3207 minime
1011 3163 1189 3222 potest
1215 3153 1509 3224 explicari,
1552 3156 1788 3225 repletus
1813 3156 1866 3209 in
1910 3171 2130 3213 carcere
2163 3158 2234 3211 ita
2268 3166 2325 3213 ut

743 3253 863 3297 erat
912 3259 1117 3311 pronus
1169 3245 1317 3299 humi
1373 3255 1631 3301 extensus
1672 3247 2033 3317 (prohibebat
2076 3250 2218 3304 enim
2261 3264 2327 3305 ne

745 3347 1015 3406 surgeret,
1069 3338 1266 3409 lignum
1301 3339 1442 3407 quod
1472 3341 1707 3396 habebat
1747 3342 1796 3395 in
1829 3342 2076 3411 pedibus,
2108 3351 2162 3396 et
2192 3342 2328 3410 lapis

746 3432 1001 3503 alligatus
1041 3433 1296 3502 corpori)
1339 3433 1652 3500 emittebat,
1689 3444 1748 3488 ut
1779 3450 1876 3503 par
1907 3444 2019 3498 est,
2060 3435 2124 3488 ad
2159 3435 2325 3488 Deum

745 3540 945 3590 voces,
996 3524 1192 3593 quibus
1227 3525 1423 3596 agebat
1462 3525 1685 3594 gratias.
1725 3526 1829 3580 Sed
1882 3541 2060 3596 neque
2107 3527 2158 3579 in
2203 3541 2325 3581 eum

750 3625 997 3670 evaserat
1031 3629 1236 3685 prmses
1283 3614 1657 3685 negligentior,
1700 3616 1795 3672 sed
1850 3626 2049 3687 prmter
2087 3615 2326 3680 vincula,

749 3719 804 3761 ct
849 3723 1012 3777 quam
1070 3708 1473 3778 perpetiebatur
1517 3722 1579 3762 ex
1626 3709 1732 3764 illis
1766 3710 2079 3775 miseriam,
2108 3710 2333 3780 jubehat

748 3812 963 3854 rentum
995 3809 1049 3854 et
1077 3800 1469 3869 quinquaginta
1511 3801 1698 3870 plagas
1726 3803 1773 3856 ei
1805 3802 1858 3855 in
1893 3802 2039 3855 vultu
2067 3814 2122 3854 et
2151 3802 2202 3854 in
2233 3817 2332 3855 ca-

751 3893 857 3961 pite
900 3891 1065 3963 inﬂigi
1115 3893 1380 3962 quotidie.
1420 3894 1511 3949 Sic
1562 3908 1691 3963 ergo
1726 3893 1970 3962 quotidie
2013 3910 2076 3947 ex
2108 3907 2172 3947 eo
2202 3892 2334 3947 ﬂue-

749 3985 881 4038 bant
920 3987 1017 4038 rivi
1056 3987 1360 4055 sanguinis.
1399 3995 1455 4039 ut
1494 3986 1610 4056 ipse
1646 4001 1863 4056 quoque
1901 3985 2056 4055 lapis,
2092 3989 2181 4057 qui
2213 3999 2332 4041 erat

750 4079 798 4131 ei
833 4076 1118 4148 alligatus,
1160 4087 1215 4132 et
1257 4087 1404 4133 totus
1433 4079 1712 4150 subjectus
1754 4080 1907 4136 locus
1941 4079 2095 4135 ﬁeret
2127 4096 2330 4149 purpu-

751 4181 897 4221 reus.
930 4165 1101 4222 Nocte
1132 4179 1312 4222 autem
1350 4183 1542 4223 rursus
1581 4171 1940 4236 adveniente,
1971 4180 2024 4226 et
2067 4171 2154 4224 lux
2187 4172 2331 4225 circa

751 4258 929 4325 ipsum
963 4259 1122 4314 veluti
1151 4259 1323 4314 eluxit
1347 4269 1402 4315 et
1429 4261 1602 4332 angeli
1636 4262 1950 4324 astiterunt.
1977 4274 2028 4317 et
2057 4261 2175 4330 ejus
2203 4262 2333 4315 lihe-

753 4352 880 4408 ralis
910 4362 1204 4408 consecuta
1248 4363 1330 4409 est
1359 4355 1586 4409 curatio.
1629 4353 1632 4358 ’

821 4625 1111 4681 LXXXVi.
1157 4625 1292 4682 Cum
1321 4626 1436 4696 ipse
1457 4641 1586 4696 ergo
1616 4637 1670 4680 et
1702 4626 1936 4694 lapidem
1961 4636 2017 4681 et
2037 4627 2245 4680 vincula
2279 4636 2332 4682 et

750 4716 1042 4772 nocturnas
1065 4717 1185 4772 illas
1205 4717 1386 4787 plagas
1401 4715 1566 4769 ferret
1589 4715 1926 4784 l'ortiterjam
1952 4716 2111 4785 longo
2135 4725 2336 4784 tempo-

755 4827 844 4875 re,
883 4809 1210 4864 Christianis
1248 4809 1464 4878 quidem
1500 4809 1613 4880 jam
1659 4819 1814 4863 erant
1862 4809 1995 4864 festa
2036 4811 2332 4864 adventura

753 4901 1057 4958 Servatoris
1075 4903 1241 4957 nosui
1259 4901 1383 4957 Jcsu
1404 4902 1606 4958 Christi
1628 4903 1978 4973 Theophania
2009 4921 2023 4957 :
2046 4903 2130 4971 pia
2151 4915 2331 4957 autem

2506 2876 2637 2930 IIE'.
2687 2875 2746 2930 ’0
2796 2874 2978 2944 μέντοι
3029 2870 3276 2938 γενναῖος
3332 2862 3571 2934 ἀθλητὴς
3627 2857 3724 2912 τοῦ
3773 2860 4018 2929 Χριστοῦ

2432 2969 2693 3040 Κλήμης,
2723 2966 2821 3037 τὴν
2856 2963 2952 3017 τοῦ
2977 2961 3243 3016 συνάθλου
3274 2955 3558 3010 τελείωσιν
3607 2951 4024 3021 Ἀγαθαγγέλου

2435 3061 2646 3133 μαθὼν,
2683 3059 2779 3111 καὶ
2806 3055 3003 3128 ἡδονῆς
3057 3053 3152 3106 καὶ
3195 3051 3356 3111 αὐτὸς
3407 3048 3506 3118 τὴν
3569 3045 3748 3114 ψυχὴν
3804 3045 4022 3109 ἁφὰτου

2437 3151 2719 3224 πλησθεὶς,
2749 3150 2824 3213 ὡς
2855 3145 3002 3219 εἶχεν
3037 3146 3131 3199 ἐπὶ
3150 3143 3244 3197 τοῦ
3271 3139 3649 3212 δεσμωτηρίου
3686 3136 3908 3208 πρηνὴς
3938 3137 4030 3188 ἐκ·

2435 3245 2621 3308 ταθεὶς
2670 3243 2748 3312 τῷ
2793 3240 2985 3309 ἐδάφει
3034 3236 3295 3307 (ἐκώλυον
3348 3232 3457 3301 γὰρ
3506 3230 3667 3283 αὑτὸν
3719 3226 4026 3292 ἀναστῆναι

2433 3339 2496 3390 τό
2517 3355 2575 3391 τε
2601 3337 2756 3401 ξύλον
2781 3335 2842 3387 τὸ
2869 3335 2958 3386 ἐπὶ
2992 3333 3106 3393 τοῖς
3137 3329 3265 3382 ποσὶ
3299 3325 3396 3380 κεκῖ⁵
3425 3327 3453 3378 ό
3479 3322 3834 3391 ἐκδεδεμένας
3872 3319 4028 3380 λίθος

2377 3421 2385 3431 ’
2434 3430 2527 3484 τοῦ
2560 3426 2860 3500 σώματος),
2910 3425 3092 3493 φωνὰς
3122 3422 3258 3491 πρὸς
3292 3421 3386 3472 τὸν
3423 3418 3576 3481 Θεὸν,
3611 3411 3699 3470 οἷα
3726 3414 3899 3476 εἰκὸς,
3935 3413 4030 3465 εὐ-

2437 3522 2725 3593 χαριστίας
2749 3520 3072 3587 ἐφθέγγετο.
3109 3516 3183 3568 Οὐ
3217 3513 3324 3585 μὴν
3359 3512 3479 3566 ούδέ
3512 3509 3642 3580 περὶ
3664 3508 3830 3561 αὑτὸν
3859 3507 4030 3577 ρᾳθυ-

2443 3615 2674 3684 μότερον
2724 3613 2879 3680 ἔσχεν
2917 3614 2944 3662 ό
2996 3606 3241 3679 ἡγεμὼν,
3282 3605 3419 3658 ἀλλὰ
3452 3602 3588 3673 πρὸς
3633 3604 3747 3663 τοῖς
3800 3600 4030 3667 oscitat;

2436 3706 2531 3759 καὶ
2564 3708 2632 3775 τῇ
2678 3705 2786 3758 ἀπὸ
2821 3702 2929 3755 τῶν
2977 3702 3191 3769 δεσμῶν
3246 3698 3476 3750 ἐκείνων
3524 3693 3899 3762 ταλαιπωρίᾳ,
3932 3694 4031 3744 καὶ

2436 3799 2652 3872 πληγὰς
2684 3797 2833 3867 αὐτῷ
2854 3793 3000 3849 κατά
3028 3811 3088 3846 τε
3119 3791 3216 3845 τοῦ
3257 3788 3552 3861 προσώπου
3585 3790 3678 3842 καὶ
3711 3786 3814 3856 τῆς
3847 3801 4034 3852 κεφαο

2434 3895 2532 3962 λῆς
2591 3891 2730 3962 πρὸς
2775 3892 2897 3951 ταῖς
2949 3887 3143 3940 ἑκατὸν
3196 3884 3435 3951 ἑκάστης
3495 3879 3708 3951 ἡμέρας
3758 3878 4032 3931 ἐκτείνειν

2433 3987 2742 4040 ἐκέλευσεν.
2772 3983 3018 4052 Αἵματος
3057 3981 3156 4049 μὲν
3201 3977 3293 4033 οὖν
3346 3978 3490 4030 οὔτω
3524 3972 3647 4026 καθ’
3684 3972 3929 4039 ἑκάστην
3976 3970 4034 4034 ἐξ

2435 4078 2602 4132 αὐτοῦ
2653 4075 2962 4145 κατήγοντο
2995 4073 3222 4142 ῥύακες,
3276 4071 3350 4132 ὠς
3397 4068 3494 4121 καὶ
3528 4064 3692 4119 αὑτὸν
3723 4063 3905 4131 δήπου
3940 4064 4034 4112 τὸν

2436 4166 2788 4237 ἐκδεδεμένον
2824 4163 2992 4218 αὐτοῦ
3035 4163 3204 4224 λίθον,
3237 4162 3334 4215 καὶ
3366 4161 3546 4213 πάντα
3585 4156 3776 4210 δὲ-τδν
3804 4152 4038 4206 ὑποκεί-

2439 4278 2602 4333 μενον
2633 4257 3010 4328 φοινίσσεσθαι
3049 4256 3235 4309 τόπον.
3265 4251 3480 4316 Νυκτὸς
3508 4251 3566 4304 δέ
3591 4249 3755 4302 πάλιν
3779 4249 4032 4314 ἐπιγινοο

2439 4357 2630 4427 μένης,
2659 4353 2775 4422 φῶς
2807 4369 2865 4403 τε
2897 4353 3027 4421 περὶ
3048 4349 3211 4403 αὐτὸν
3236 4345 3349 4401 οἷον
3366 4346 3662 4414 ἐξέλαμπε.
3685 4341 3784 4395 καὶ
3799 4340 4037 4409 ἄγγελοι

2436 4446 2868 4514 ἐφειστήκεσαν,
2924 4443 3016 4494 καὶ
3081 4443 3111 4507 ἡ
3163 4438 3430 4509 θεραπεία
3469 4435 3769 4503 φιλοτίμως
3826 4433 4040 4500 ἐπηκο-

2435 4537 2590 4591 λούθε
2601 4555 2637 4587 ι.

2510 4631 2652 4696 ΠΕΓ.
2678 4628 2868 4690 Οὕτως
2904 4620 2999 4678 οὖν
3023 4622 3190 4678 αὑτοῦ
3217 4621 3296 4692 τῷ
3325 4619 3481 4686 λίθῳ,
3521 4619 3614 4670 καὶ
3643 4618 3753 4676 τοῖς
3778 4616 4033 4683 δεσμοῖς,

2437 4723 2531 4776 καὶ
2574 4725 2696 4784 ταῖς
2744 4719 3147 4790 καθημεριναῖς
3205 4715 3444 4774 ἐκείναις
3513 4710 3751 4776 πληγαῖς
3799 4709 4039 4773 διακαρ-

2435 4814 2723 4885 τεροῦντός
2757 4813 2851 4866 ἐπὶ
2881 4813 3076 4883 χρόνον
3111 4809 3212 4880 ἤδη
3269 4806 3484 4875 συχνὸν.
3535 4805 3723 4872 ἑορταὶ
3773 4801 3878 4871 μὲν
3927 4800 4034 4868 ἤδη

2438 4909 2788 4979 Χριστιανοῖς
2821 4906 3046 4976 ἔμελλον
3090 4902 3161 4956 τὰ
3206 4900 3301 4954 τοῦ
3350 4899 3604 4966 Σωτῆρος
3647 4894 3804 4965 ἡμῶν
3850 4893 4038 4963 Ἰησοῦ

749 5006 805 5050 et
839 4995 932 5050 Dei
959 5010 1147 5050 amans
1181 4994 1406 5064 Sophia,
1440 5011 1559 5066 quas
1581 4997 1883 5050 vehementi
1912 4996 2128 5064 quidem
2163 4996 2331 5065 pieta-

2438 5003 2677 5073 Χριστοῦ
2715 5002 2986 5071 Θεοφάνια
3019 5011 3034 5027 ⁸
3066 5001 3099 5066 ἡ
3130 4996 3187 5050 δέ
3219 5013 3283 5063 γε
3313 4992 3564 5060 θεοφιλὴς
3594 4990 3766 5058 Σοφία
3811 4989 4038 5058 σφοδρῷ

755 5090 821 5143 iis
843 5090 960 5143 zelo
984 5102 1200 5156 semper
1224 5090 1562 5151 movebatur,
1580 5099 1633 5143 et
1657 5088 1856 5157 alioqui
1889 5089 2179 5144 ardentiori
2203 5099 2330 5144 tunc

753 5181 995 5234 fervebat
1031 5180 1256 5250 spiritu,
1311 5181 1472 5234 audet
1514 5181 1834 5250 prmclarum
1871 5183 2087 5252 aggredi
2122 5182 2331 5237 facinus

751 5280 802 5324 ct
845 5273 1022 5340 magni
1053 5272 1240 5326 animi.
1283 5271 1418 5327 Cum
1451 5271 1779 5327 famulorum
1813 5273 2116 5344 accepisset
2145 5274 2329 5328 multi-

753 5363 1018 5425 tudinem,
1048 5373 1102 5416 et
1125 5377 1440 5433 puerorum,
1476 5367 1565 5434 qui
1591 5365 1656 5419 ab
1684 5381 1746 5419 ca
1777 5367 2085 5431 alebantur,
2115 5382 2331 5421 mascuv

755 5455 833 5509 los
866 5466 914 5508 et
945 5453 1197 5521 feminas,
1239 5455 1542 5525 ingreditur
1569 5471 1870 5522 carcerem,
1905 5469 1959 5511 et
1989 5473 2112 5513 cum
2145 5458 2303 5512 vineu

755 5548 822 5602 lis
850 5547 1138 5603 solvissent
1171 5561 1488 5620 martyrem,
1522 5550 1758 5605 educunt
1779 5567 1810 5605 e
1843 5566 2094 5606 carcere.
2135 5553 2336 5608 Deinde

754 5653 886 5693 vero
921 5653 1042 5693 cum
1087 5638 1287 5708 Sophia
1319 5654 1442 5693 eum
1471 5649 1622 5696 veste
1667 5642 1936 5697 induisset
1968 5644 2197 5698 candida
2223 5684 2238 5708 ,
2281 5655 2334 5698 et

757 5731 1206 5795 superhumerale
1238 5733 1287 5785 ei
1323 5731 1690 5802 imposuisset,
1720 5742 1774 5788 et
1809 5735 1857 5788 ei
1900 5735 1953 5788 iu
1997 5751 2187 5790 manus
2221 5745 2333 5789 tra-

757 5822 979 5876 didisset
1005 5819 1380 5891 Evangelium,
1403 5839 1526 5879 cum
1547 5805 1735 5879 'multis
1765 5826 2103 5895 lampadibus
2132 5840 2182 5880 et
2209 5829 2296 5882 sul
2317 5861 2330 5867 -

759 5912 942 5967 :itibas
977 5916 1393 5978 cirrumseptum
1429 5917 1723 5972 deducebat
1758 5923 1821 5974 ad
1855 5920 2156 5974 ρςίςῖρεὶλιη,
2194 5920 2325 5974 Cum

2439 5098 2538 5166 μὲν
2556 5101 2650 5150 καὶ
2671 5099 2758 5150 ἀεὶ
2784 5095 2860 5166 τῷ
2881 5095 2979 5164 τῆς
3004 5091 3282 5153 εὐσεϐείας
3301 5087 3595 5154 κινουμένη
3621 5082 3787 5154 ζήλῳ,
3851 5081 4036 5142 ἄλλως

2434 5206 2494 5241 τε
2551 5188 2606 5240 δὲ
2665 5188 2757 5239 καὶ
2798 5185 3115 5256 θερμοτέρῳ
3169 5177 3472 5249 τηνικαῦτα
3496 5175 3704 5238 ζέσασα
3725 5173 4037 5240 πνεύματι,

2437 5282 2610 5351 τολμᾷ
2641 5297 2688 5332 τι
2722 5281 2969 5347 γενναῖον
2999 5278 3094 5329 καὶ
3141 5272 3398 5343 ἀνδρικόν
3423 5285 3434 5298 ·
3480 5270 3574 5322 καὶ
3625 5264 4038 5336 παραλαϐοῦσα

2441 5373 2644 5440 πλῆθός
2670 5390 2730 5424 τε
2764 5369 3016 5430 οίκετῶν,
3053 5368 3148 5420 καὶ
3192 5365 3300 5417 τῶν
3347 5360 3698 5432 τρεφομένων
3747 5359 3839 5409 ὑπ’
3887 5359 4035 5427 αὐτῇ

2441 5465 2666 5527 παίδων,
2717 5465 2842 5516 ὅσον
2891 5479 2950 5513 τε
2998 5459 3130 5527 θῆλυ
3166 5457 3260 5511 καὶ
3312 5457 3436 5509 ὅσον
3497 5456 3556 5507 ἐν
3585 5455 3835 5524 ἄρρεσιν,
3879 5451 4038 5503 ἔνδον

2439 5555 2531 5609 τοῦ
2563 5554 2940 5622 δεσμωτηρίου
2964 5553 3196 5619 γίνεται,
3230 5549 3325 5602 καὶ
3350 5547 3609 5607 λύσαντες
3639 5547 3729 5596 τὸν
3769 5545 4041 5612 μάρτυρα

2439 5648 2548 5700 τῶν
2579 5648 2818 5715 δεσμῶν,
2870 5644 3127 5710 ἐξάγουσι
3188 5641 3284 5694 τοῦ
3329 5638 3736 5710 δεσμωτηρίου.
3789 5637 4035 5688 Ἔπειτα

2439 5740 2495 5792 δὲ
2528 5741 2622 5793 καὶ
2671 5738 2862 5808 στολὴν
2901 5735 3052 5804 αὐτῷ
3097 5734 3382 5802 περιθεῖσα
3412 5731 3609 5800 λευκὴν
3640 5732 3673 5798 ἡ
3700 5729 3900 5795 Σοφία,
3940 5731 4043 5781 καὶ

2439 5832 2538 5901 τὴν
2596 5831 2847 5899 ἐπωμίδα
2907 5826 3316 5898 περιδαλοὶσα,
3378 5828 3469 5877 καὶ
3524 5827 3715 5894 χερσὶν
3769 5821 4043 5872 ἐπεδιιίαα

2441 5923 2494 5975 7‘;-
2543 5922 2894 5992 E'E-z'f‘;5i..cv,
2928 5921 3102 5980 circa;
3132 5919 3238 5972 ὑπὸ
3283 5917 3503 5981 ’πολλαῖς
3556 5917 3714 5968 19:7?-
3777 5914 4038 5980 Στεκτρπ
