4154 6490
131 406 232 471 893

1072 403 1241 462 VITA
1290 402 1351 464 Β.
1391 401 1718 463 JOANNIS
1751 399 2402 463 ELEEMOSYNARII.

3301 402 3405 466 894

130 526 259 576 λέων
289 516 679 588 Διοκλητιανοῠ
723 514 817 571 καὶ
880 516 1253 585 Μαειμιανοῦ,
1302 517 1397 568 ἐπὶ
1436 517 1714 586 ἀρχόντων
1745 525 1764 577 Α

1821 518 2051 570 certarit
2104 518 2205 571 sub
2263 518 2684 584 imperatoribus
2742 515 3079 569 Diocletiano
3132 525 3186 569 et
3246 516 3410 568 Maxi-

132 614 183 664 δὲ
204 607 559 679 Δομετιανοῦ,
611 606 995 676 Ἀγριππίνου,
1055 606 1375 676 Κουρικίου,
1427 605 1708 672 Δομετίου,

132 702 497 771 Σακερδῶτος,
557 700 840 769 Μαξίμου,
875 699 1247 769 Ἀφροδισίου,
1306 698 1561 759 Λουκίου,
1619 699 1711 751 καὶ

142 795 491 864 Ἀλεξάνδρου
512 811 524 822 ·
557 794 648 847 τὸν
670 792 859 862 ἀγῶνα
884 794 940 847 δὲ
983 794 1138 863 τρίτῃ
1174 794 1340 863 μηνὸς
1378 793 1711 862 Ὶανουαρίου

132 889 217 940 καὶ
242 890 467 957 εἰκοστῇ
500 885 784 947 καταλύει.
814 886 889 947 ὡς
906 880 1046 938 εἶναι
1070 885 1161 937 τὸν
1188 886 1363 938 πάντα
1387 884 1477 937 τοῦ
1507 901 1713 953 μαρτυε-

134 982 241 1049 ρίου
272 982 467 1050 χρόνον
494 981 738 1033 εἰκοστὸν
772 979 922 1048 αὑτῷ
947 981 1041 1031 καὶ
1068 980 1252 1047 ὄγδοον
1291 980 1429 1042 ἔτος.
1479 980 1543 1031 ’0
1577 978 1713 1045 πρὸς

131 1075 392 1142 ἁ-ιανηψιν
443 1075 593 1143 ἡμᾶς
626 1076 722 1143 τῆς
752 1073 960 1134 οἰκείας
997 1072 1141 1141 ἔχειν
1170 1073 1250 1124 δεῖ
1288 1072 1583 1143 ῥαθυμίας.
1620 1071 1714 1124 καὶ

132 1165 222 1233 τὴν
262 1164 484 1232 μακρὰν
515 1162 719 1230 ταύτην
750 1163 1017 1215 αἰδεῖσθαι
1039 1164 1147 1214 τῶν
1170 1163 1348 1216 ἄθλων
1378 1165 1710 1233 παράτασιν,

132 1261 239 1311 ὅποι
282 1258 423 1328 μηδὲ
460 1257 722 1328 βραχεῖάν
749 1274 871 1310 τινα
908 1254 1103 1322 καιροῦ
1137 1258 1308 1327 ῥοπὴν
1339 1258 1628 1327 ὑπομεῖναί
1663 1278 1713 1310 τι

138 1354 225 1406 καὶ
280 1352 396 1405 τῶν
450 1351 796 1423 ἀηδεστέρων
846 1351 934 1405 διὰ
979 1353 1218 1420 Χριστὸν
1262 1350 1589 1419 ἀνεχόμεθα,
1621 1354 1715 1404 καὶ

132 1446 267 1498 οὕτω
286 1444 762 1516 παρεσκευάσθαι.
792 1446 888 1499 καὶ
904 1445 1050 1499 οὕτω
1071 1446 1319 1517 θαῤῥεῖν,
1351 1446 1491 1499 ὥστε
1516 1446 1583 1498 δι’
1613 1449 1714 1499 αὺ-

132 1546 236 1599 τὸν,
272 1540 323 1591 εί
361 1540 569 1607 δεήσει,
622 1539 804 1592 πάντα
844 1539 1060 1604 παθεῖν,
1092 1540 1177 1592 ἶνα
1210 1540 1304 1592 καὶ
1339 1540 1493 1593 αὐτοὶ
1522 1556 1719 1609 προαι-

136 1632 333 1699 ρέσεως
367 1624 518 1700 ὦμεν
550 1632 851 1702 μαρτύριον
882 1630 1255 1697 διανύσαντες,
1285 1634 1379 1684 καὶ
1404 1635 1716 1703 παρῤησάς

133 1725 263 1793 πρὸς
303 1724 442 1777 Θεὸν
476 1724 591 1793 ἅμα
632 1727 729 1777 σὺν
755 1725 950 1794 ἐκείνῳ
976 1725 1342 1795 μετάσχωμεν
1366 1741 1377 1753 ·
1420 1722 1486 1796 ἦς
1510 1727 1718 1793 γένοιτο

134 1819 339 1873 πάντας
370 1816 521 1884 ἡμᾶς
554 1816 852 1883 ἐπιτυχεῖν,
888 1816 1072 1886 χάριτι
1096 1817 1189 1868 καὶ
1221 1816 1604 1887 φιλαηὺρωπίᾳ
1622 1816 1713 1869 τοῦ

1822 612 2001 663 miano
2054 629 2067 664 :
2127 610 2228 664 sub
2288 609 2693 677 magistratibus
2744 621 2923 661 autem
2978 623 3042 663 ac
3083 609 3407 676 praesidibus

1823 703 2148 764 Domitiano,
2179 704 2494 771 Agrippino,
2520 702 2762 764 Curii-io,
2790 702 3046 762 Domitio,
3081 701 3404 765 Saccrdote,

1822 794 2076 857 Maximo,
2132 796 2477 865 Aphrodisio,
2536 795 2703 849 Lucio
2749 806 2803 846 ct
2856 795 3187 850 Alexandro.
3241 794 3405 849 Finiit

1819 903 1949 943 vero
2000 900 2276 943 certamen
2306 888 2379 941 εδ
2404 887 2668 950 Januarii,
2706 888 2840 940 adeo
2882 900 2940 940 ιιι
2994 897 3161 940 totum
3197 898 3406 955 tempus

1819 983 2063 1053 martyrii
2094 984 2143 1035 ei
2182 982 2337 1035 fuerit
2374 981 2559 1051 viginti
2588 993 2638 1033 ιιι
2666 993 2790 1033 octo
2823 980 2971 1033 anni.
3004 980 3157 1045 Quod
3186 980 3402 1047 quidem

1821 1091 1917 1129 nos
1959 1083 2172 1143 Oportet
2210 1087 2393 1127 tenere
2443 1072 2701 1125 memoria
2731 1083 2786 1123 ut
2818 1087 2846 1123 a
2890 1080 3074 1123 nostra
3107 1071 3408 1123 excitemur

1818 1169 2092 1229 socordia,
2116 1177 2171 1220 et
2194 1168 2309 1221 haec
2335 1176 2439 1219 tam
2471 1166 2681 1233 prolixa
2710 1179 3055 1220 revercamur
3081 1165 3404 1226 certamina,

1820 1264 1910 1331 qui
1955 1276 2053 1315 nec
2097 1275 2321 1329 parvum
2363 1260 2584 1325 aliquod
2632 1267 2968 1312 momentum
3004 1258 3262 1326 temporis
3303 1258 3404 1311 ali-

1820 1357 1946 1423 quid
1980 1355 2188 1408 tnolesti
2216 1364 2438 1421 propter
2462 1352 2741 1406 Christum
2767 1352 3001 1406 tolerare
3024 1352 3362 1405 sustinemus
3388 1370 3401 1405 :

1820 1459 1875 1503 et
1930 1449 2010 1502 sic
2056 1463 2155 1501 nos
2211 1461 2629 1514 comparemus,
2682 1454 2737 1499 et
2790 1453 2993 1497 tantam
3049 1444 3410 1513 suscipiamus

1820 1541 2227 1604 conﬁdentiam,
2251 1550 2309 1595 ιιι
2333 1552 2552 1609 propter
2576 1541 2773 1609 ipsum,
2797 1539 2839 1590 si
2864 1554 3001 1605 opus
3023 1537 3205 1601 fuerit,
3229 1538 3408 1590 omnia

1823 1636 2110 1703 patiamur,
2139 1645 2196 1687 ut.
2224 1634 2321 1702 ipsi
2347 1635 2645 1686 voluntatis
2669 1634 2962 1684 subeamus
2987 1631 3328 1699 martyrium,
3357 1637 3411 1683 et

1822 1727 1960 1795 apud
1998 1726 2164 1780 Deum
2200 1727 2447 1779 ﬁduciam
2483 1742 2606 1779 cum
2639 1725 2741 1779 illis
2771 1739 3170 1792 coosequaniur
3204 1742 3217 1775 :
3245 1738 3407 1793 quam

1826 1819 1984 1871 detur
2023 1818 2177 1871 nobis
2215 1820 2469 1870 omnibus
2512 1816 2770 1886 consequi
2822 1817 2995 1885 gratia
3043 1824 3095 1867 et
3124 1816 3412 1868 clementia

136 1909 339 1977 Κυρίου
394 1908 553 1977 ἡμῶν
601 1909 780 1979 Ἰησοῦ
830 1908 1095 1979 Χριστοῦ,
1147 1910 1266 1979 μεθ’
1323 1905 1384 1963 οὗ
1424 1910 1502 1979 τῷ
1538 1911 1713 1978 "arpi.
1752 1901 1764 1955 Ι

1826 1911 2035 1965 Domini
2080 1912 2246 1965 nostri
2297 1911 2425 1966 Jesu
2484 1911 2709 1974 Christi,
2751 1924 2874 1965 cum
2907 1925 3015 1980 quo
3064 1909 3208 1962 Patri
3245 1907 3405 1963 simul

133 2003 242 2069 ἅμα
286 2002 367 2068 τῷ
406 2001 546 2068 ἁγίῳ
585 2001 865 2071 Πνεύματι
912 2002 1061 2067 δόξα,
1116 2003 1340 2074 κράτος,
1396 2003 1551 2073 τιμὴ,
1619 2006 1715 2057 καὶ

136 2093 532 2162 προσκύνησις,
565 2094 662 2148 νῦν
712 2096 807 2149 καὶ
833 2096 942 2162 ἀεὶ,
978 2098 1074 2149 καὶ
1105 2098 1184 2158 εἰς
1215 2098 1340 2157 τοὺς
1375 2096 1582 2159 αἰῶνας
1604 2096 1714 2148 τῶν

131 2186 361 2242 αἰώνων.
384 2187 586 2256 Ἀμήν.

1826 2022 1947 2057 cum
1989 2017 2179 2059 sancto
2222 2004 2427 2075 Spiritu
2470 2005 2662 2073 gloria,
2698 2006 2959 2072 potentia,
2997 2007 3169 2057 honor
3216 2012 3270 2056 et
3314 2002 3410 2055 ad-

1827 2098 2025 2161 oratio,
2076 2112 2217 2151 nunc
2247 2106 2299 2151 et
2336 2110 2553 2163 semper
2587 2104 2641 2149 et
2690 2096 2743 2150 iu
2800 2096 2991 2150 swcula
3049 2094 3407 2155 saeculorum,

1828 2195 2022 2243 Amen.

142 2377 3406 2416 Μ

597 2565 774 2677 DE
862 2562 983 2676 S.
1077 2559 1633 2677 JOANNE
1720 2554 2944 2671 ELEEMOSYNARIO

1262 2785 1710 2844 PATRIARCHA
1751 2780 2272 2843 ALEXANDRINO.

946 2957 1113 3017 {Anno
1134 2953 1245 3016 596,
1274 2959 1393 3005 Acta
1414 2962 1695 3004 sanctorum
1730 2954 1951 3005 Bolland.
1982 2952 2042 3003 ad
2065 2951 2198 3001 diem
2230 2953 2292 3001 25
2320 2950 2582 3013 Januarii.)

198 3272 474 3325 Amathus
503 3270 634 3323 urbs
663 3277 745 3321 cst
774 3265 935 3340 Cypri
967 3274 1276 3333 pervetusta
1314 3265 1363 3333 (:I
1408 3279 1513 3333 qua
1551 3263 1781 3317 insulam
1811 3260 1981 3328 ipsam
2023 3259 2313 3328 aliquando
2348 3256 2723 3311 Atnathusiam
2757 3257 3083 3326 appellatam
3125 3271 3191 3311 ex
3232 3257 3408 3312 Plinio

134 3374 271 3434 patet
300 3366 402 3421 lib.
438 3381 491 3425 ν,
529 3378 645 3431 cap.
679 3362 770 3429 51)
825 3362 927 3420 sita
963 3361 1016 3414 in
1042 3375 1137 3413 ora
1168 3358 1487 3420 meridiana,
1520 3354 1811 3424 episcopali
1839 3352 2100 3421 dignitate
2131 3353 2199 3404 ab
2230 3351 2360 3420 ipsis
2393 3350 2649 3405 Ecclesiae
2686 3352 3028 3406 incunabulis
3059 3346 3276 3406 oruata’.
3313 3350 3410 3406 llic

134 3465 301 3515 editus
343 3462 397 3513 in
442 3461 616 3515 lucem
656 3468 741 3513 est
769 3457 826 3511 S.
869 3454 1107 3510 Joannes
1150 3451 1662 3523 Eleemosynarius,
1710 3448 2111 3502 Alexandrinus
2144 3446 2491 3514 patriarcha;
2536 3446 2845 3513 ibidemque
2904 3450 3143 3501 excessit
3178 3465 3208 3502 e
3252 3447 3409 3503 vitis.

135 3555 254 3624 Ejus
294 3556 481 3611 Vitam
512 3553 691 3623 primo
725 3551 1065 3617 scripserunt
1099 3546 1337 3602 Joannes
1370 3554 1423 3599 et
1460 3544 1800 3611 Sophrouius
1824 3581 1839 3604 ,
1873 3544 1963 3613 qui
1999 3558 2027 3595 a
2071 3541 2295 3595 Leontio
2333 3543 2383 3593 l'l
2421 3540 2540 3595 Vita
2578 3542 2924 3609 appellantur
2962 3559 2980 3591 ι
3023 3543 3112 3595 Dei
3146 3544 3411 3605 cultores,

135 3660 405 3702 amatores
441 3648 735 3706 virtutum,
771 3644 989 3711 pietatis
1020 3651 1481 3711 propugnatores;
1520 3658 1537 3689 ι
1581 3638 1837 3691 Leontius
1869 3636 2091 3697 deinde,
2130 3634 2429 3703 Neapoleos
2503 3632 2664 3703 Cypri
2712 3635 3028 3702 episcopus,
3066 3635 3223 3700 cujus
3259 3633 3412 3686 testi-

136 3743 371 3795 monium
434 3752 536 3807 pro
578 3735 1015 3790 Christianorum
1070 3731 1314 3800 apologia
1366 3740 1554 3783 contra
1611 3726 1861 3789 Judaaos,
1912 3740 1975 3778 ac
2028 3728 2093 3778 de
2138 3724 2467 3791 imaginibus
2514 3735 2827 3777 sanctorum
2861 3734 3076 3786 exstat,
3124 3723 3175 3775 iu
3205 3723 3416 3793 synodo

136 3829 343 3886 Nicena
377 3846 443 3891 tt,
476 3829 689 3882 actione
713 3826 769 3890 4,
798 3825 887 3878 ubi
918 3834 973 3878 et.
1010 3841 1028 3874 ι
1070 3822 1465 3878 Constantinus
1493 3820 1873 3872 sanctissimus
1902 3817 2193 3885 episcopus
2222 3816 2555 3869 Constantia:
2586 3815 2747 3884 Cypri
2787 3815 2921 3869 dixit
2950 3833 2963 3867 :
2995 3813 3091 3867 Hic
3120 3814 3208 3881 qui
3244 3814 3415 3875 lectus

137 3938 213 3987 est
234 3924 425 3989 Pater,
462 3925 514 3975 in
550 3937 655 3974 una
686 3921 899 3973 urbium
928 3916 1090 3987 Cypri
1124 3917 1320 3970 decore
1352 3912 1727 3967 sacratissimo
1757 3909 1987 3972 claruit,
2018 3922 2071 3963 et
2105 3909 2267 3961 multa
2299 3908 2565 3975 pra-conia
2628 3918 2679 3961 et
2730 3908 2954 3959 festivos
2988 3920 3269 3960 sermones
3300 3905 3416 3970 cjus

137 4022 395 4074 habemus
424 4037 440 4071 :
466 4030 590 4070 cum
616 4012 811 4083 quibus
834 4021 919 4066 est
950 4010 1115 4065 etiam
1143 4022 1324 4064 sermo
1354 4007 1472 4076 ejus
1500 4005 1553 4058 in
1586 4002 2148 4072 Trausliguratioucm
2187 3998 2492 4055 Salvatoris
2550 4000 2745 4053 nostri.
2792 3998 3130 4067 Couscripsit
3158 4009 3337 4051 autem
3363 4008 3417 4051 et

137 4110 305 4166 Vitam
351 4110 416 4165 S.
475 4108 701 4163 Joannis
764 4104 1162 4173 archiepiscopi
1214 4101 1589 4162 Alexandria,
1639 4107 2002 4167 cognomento
2047 4095 2386 4156 Eleetnonis,
2445 4093 2498 4146 id
2551 4103 2635 4148 est
2733 4093 3146 4147 misericordis:
3202 4094 3330 4158 quin
3363 4104 3416 4144 et

140 4206 190 4261 S.
220 4205 506 4263 Simeonis
538 4195 813 4273 Simplicis
838 4243 853 4268 ,
889 4210 945 4255 et
976 4200 1080 4253 alia
1110 4199 1353 4268 quaedam
1376 4237 1391 4261 ,
1425 4202 1587 4264 atque
1624 4194 1678 4248 in
1713 4192 1971 4248 omnibus
2011 4188 2355 4245 sermonibus
2390 4187 2505 4241 suis
2538 4187 2875 4241 orthodoxus
2903 4188 3170 4240 cernitur.
3206 4183 3412 4238 Floruit

136 4314 306 4356 autem
341 4298 687 4370 temporibus
722 4294 971 4351 Mauricii
1004 4293 1369 4363 imperatoris.
1413 4311 1430 4341 ›

195 4396 310 4447 Alia
341 4402 529 4447 exstat
557 4391 802 4459 ejusdem
844 4387 903 4442 S.
935 4384 1156 4441 Joannis
1192 4383 1336 4449 Vita,
1363 4384 1477 4438 sive
1504 4399 1529 4434 a
1566 4382 1818 4436 Simeone
1858 4379 2244 4448 Metaphraste,
2281 4391 2377 4431 seu
2412 4393 2523 4454 quo
2554 4378 2660 4429 alio
2697 4376 3005 4445 antiquiore
3036 4375 3245 4434 Graeco,
3282 4386 3413 4425 cou-

137 4491 361 4558 r-cripta,
402 4488 599 4542 Latine
634 4485 841 4540 reddita
869 4498 902 4537 a
941 4482 1209 4537 Gentiauo
1251 4480 1511 4541 Herveto,
1554 4491 1609 4533 et
1647 4480 1715 4532 ab
1745 4480 1960 4549 Aloysio
1988 4474 2285 4543 Lipomano
2324 4472 2466 4529 edita
2560 4482 2705 4529 tomo
2739 4473 2811 4539 V,
2843 4474 2907 4527 de
2950 4469 3083 4524 Vitis
3110 4477 3283 4524 sanct.
3323 4466 3410 4521 Η..

137 4585 495 4639 Novembris:
544 4596 705 4651 quam
753 4580 933 4635 tom.|
1008 4577 1253 4633 Vitarum
1303 4580 1405 4632 hoc
1441 4574 1603 4631 XXIII
1656 4574 1903 4630 Januarii
1940 4573 2171 4626 inseruit
2206 4570 2531 4625 Laurentius
2578 4572 2815 4624 Surius:
2863 4578 2918 4623 et
2948 4583 3047 4623 nos
3090 4568 3175 4621 hic
3220 4566 3413 4619 damus

138 4694 246 4734 cum
278 4680 504 4734 duobus
528 4676 806 4745 pratclaris
830 4674 1034 4731 Graecis
1064 4674 1456 4743 antiquissimis
1493 4689 1622 4726 mss.
1664 4671 1945 4726 codicibus
1970 4669 2246 4730 collatam,
2278 4683 2341 4721 ac
2370 4667 2469 4721 sub
2504 4665 2721 4719 nomine
2755 4662 2969 4731 quidem
3002 4658 3406 4729 Metaphrastaz,

139 4770 251 4826 licet
282 4772 335 4825 bi
372 4768 598 4825 codices
628 4768 891 4838 plurimas
922 4764 1097 4833 Vitas,
1129 4764 1198 4819 ab
1223 4764 1289 4819 iis
1319 4779 1452 4834 quas
1484 4762 1882 4832 Metaphrastes
1912 4761 2136 4829 scripsit
2168 4759 2436 4826 diversas,
2470 4756 2810 4813 contineant.
