4154 6490
153 408 262 474 897

1145 421 1321 481 VITA
1359 422 1412 481 S.
1460 420 1781 483 JOANNIS
1819 425 2456 490 ELEEMOSYNARII.

3315 441 3423 504 898

154 492 323 591 πολλὴ
370 523 462 575 τοῦ
524 525 783 591 κηδεστοῦ
834 526 1081 592 ἐπίθεσις
1132 532 1414 600 ἠνάγκασε
1444 534 1534 587 τὸν
1563 536 1718 604 μέγαε

1811 585 1815 594 .
1846 540 2045 596 tunitas
2083 543 2262 611 coegit
2297 559 2549 612 magnum
2585 546 2845 600 Joannem
2877 549 3071 605 cedere
3108 561 3315 609 natura:
3351 556 3425 610 le-

151 616 262 673 τοῖς
324 618 571 681 φυσικοῖς
629 615 849 681 ὑπεῖξαι
906 620 1148 690 θεσμοῖς,
1199 625 1259 688 ἐξ
1292 623 1352 680 οὗ
1394 617 1599 680 παίδων
1637 630 1737 698 μὲν

153 706 337 771 πατὴρ
378 704 760 759 ἀποδείκνυται
780 726 791 737 ’
817 709 1015 763 θᾶττον
1048 712 1103 765 δὲ
1148 715 1208 765 τὸ
1241 716 1523 770 καλεῖσθαι
1554 722 1737 790 πατὴρ

153 798 486 865 ἀφαιρεῖται,
536 798 766 852 θανάτου
815 806 952 872 τομῇ
1012 804 1121 855 τῶν
1157 808 1365 860 παίδων
1432 810 1582 877 αὑτῷ
1632 814 1737 882 πρὸ

150 889 298 957 ὧρας
329 891 695 944 έκκοπέντων.
733 892 884 945 Ἐπεὶ
922 894 977 947 δὲ
1013 900 1125 958 τοῖς
1158 898 1370 961 κλάδοις
1398 902 1491 953 καὶ
1512 904 1611 972 τὴν
1652 908 1733 972 ρί-

151 979 246 1042 ζαν
275 983 303 1033 ὁ
334 983 510 1044 κοινὸς
539 982 631 1034 τοῦ
655 984 848 1050 γένους
871 985 1103 1054 φθορεὺς
1136 991 1482 1059 συνεξὲτεμε,
1521 996 1613 1047 καὶ
1635 997 1735 1063 τὴν

149 1075 404 1126 κοινωνὸν
464 1075 611 1143 αὐτῷ
657 1076 752 1129 τοῦ
806 1077 923 1145 βίου
959 1081 1231 1147 ἀφείλετο,
1268 1084 1584 1153 εὐχαριστεῖ
1636 1089 1734 1156 μὲν

148 1166 237 1217 ἐπὶ
285 1169 455 1219 πᾶσιν
512 1168 876 1236 ήεὺγνώμων
904 1171 1051 1240 ψυχὴ
1081 1171 1157 1241 τῷ
1199 1174 1293 1225 καὶ
1335 1176 1590 1231 δεδωκότι
1639 1181 1733 1231 καὶ

148 1258 471 1327 ἀφελομένῳ
485 1258 626 1329 Θεῷ,
651 1258 782 1329 ὓλην
804 1260 860 1313 δὲ
884 1262 1085 1332 ἀρετῆς
1113 1264 1175 1315 τὸ
1210 1268 1446 1334 πρᾶγμα
1474 1274 1728 1335 ποιεῖται,

150 1347 241 1400 καὶ
278 1349 381 1416 τὴν
406 1349 633 1403 ἐκείνων
658 1351 917 1422 στέρησιν
955 1354 1256 1421 φροντίδων
1292 1359 1553 1411 ἀπόθεσιν
1584 1361 1731 1428 λογι-

151 1442 383 1509 σάμενος
430 1446 855 1511 ἀπερισπάστως
915 1450 1251 1517 προσήδρευε
1304 1450 1379 1519 τῷ
1435 1453 1575 1523 Θεῷ,
1636 1458 1731 1506 καί

149 1533 277 1599 πρὸς
317 1537 384 1603 τῇ
418 1534 510 1586 τοῦ
542 1536 777 1603 Χριστοῦ
811 1537 950 1607 θύρᾳ
1004 1540 1092 1591 διὰ
1143 1542 1344 1603 παντὸς
1375 1546 1629 1613 κρούοντι
1665 1548 1730 1599 τὰ

149 1620 433 1689 σπλάγχνα
463 1622 561 1689 τῆς
596 1624 746 1685 θείας
798 1626 1165 1695 χρηστότητος
1219 1627 1368 1697 αὐτῴ
1418 1630 1719 1697 διανοῖγον-

146 1728 251 1765 eat.
295 1713 515 1780 Ἀμέλει
553 1713 683 1781 γοῦν
708 1714 803 1766 καὶ
832 1716 994 1778 αὐτὸς
1038 1719 1220 1771 ἐκεῖνα
1253 1720 1395 1772 κατὰ
1416 1720 1475 1771 τὸ
1505 1721 1728 1772 δυνατὴν

147 1802 577 1872 ἐκμιμούμενος,
603 1805 809 1873 ἀνοίγει
839 1807 935 1870 καὶ
984 1808 1267 1879 σπλάγχνα
1296 1814 1390 1864 καὶ
1429 1812 1596 1880 θύρας
1621 1815 1722 1865 πά-

1843 625 2031 692 gibus,
2082 643 2145 681 ex
2192 644 2300 698 quo
2348 629 2585 684 eflicitur
2638 634 2852 701 quidem
2900 649 3053 704 pater
3102 640 3423 699 liberorum.

1842 714 2053 770 Patrem
2079 730 2259 773 autem
2301 723 2480 775 vocari
2513 725 2621 775 cito
2644 725 2690 776 t-i
2730 737 2808 779 est
2838 730 3100 792 ablatum,
3133 732 3421 788 immatura

1843 821 2014 863 inmte
2047 811 2093 861 ei
2135 816 2417 880 prmreptis
2452 816 2595 869 ﬁliis.
2632 816 2925 885 Pnslqttattt
2964 834 3142 875 autem
3180 838 3301 876 cum
3337 841 3423 877 ra-

1843 900 1940 952 mis
1976 903 2208 955 radicem
2232 920 2447 975 quoque
2470 908 2630 961 simul
2662 912 2864 964 excidit
2900 915 3203 968 communis
3244 914 3417 970 hostis

1838 996 2084 1057 generis,
2124 1006 2175 1048 et
2209 1000 2432 1051 abstulit
2461 1001 2508 1050 ei
2549 1001 2672 1055 vita!
2702 1004 2941 1066 sociam,
2988 1015 3209 1072 propter
3239 1010 3415 1060 omnia

1837 1087 2048 1151 quidem
2097 1088 2208 1155 agit
2252 1092 2451 1155 gratias
2478 1101 2630 1162 grata
2684 1106 2736 1147 et
2794 1111 3003 1149 memor
3047 1097 3228 1151 anima
3279 1097 3414 1165 Deo,

1836 1180 1925 1243 qtti
1972 1180 2193 1233 dederat
2233 1191 2288 1233 et
2329 1185 2663 1250 abstulerat;
2710 1202 2829 1240 eam
2872 1200 3047 1242 autem
3088 1206 3200 1244 rem
3249 1191 3419 1246 eiﬁcit

1838 1274 2119 1324 materiam
2157 1274 2395 1338 virtutis,
2444 1287 2496 1328 et
2536 1293 2657 1331 eum
2693 1280 2905 1333 illorum
2938 1282 3293 1348 privationem
3329 1300 3414 1339 rc—

1836 1371 2080 1427 putasset
2123 1380 2244 1418 esse
2276 1382 2529 1419 curarunt
2568 1370 2985 1439 dcpositinnem,
3022 1372 3129 1426 Deo
3157 1386 3417 1444 perpetuo

1836 1455 1906 1507 ita
1938 1456 2226 1523 assidebat,
2276 1472 2330 1514 ut
2369 1461 2544 1515 dive'li
2592 1479 2697 1516 non
2743 1478 2944 1533 posset,
2999 1474 3051 1520 ct
3093 1470 3159 1521 aJ
3210 1469 3413 1523 Christi

1834 1560 2041 1616 portam
2078 1553 2291 1606 assidue
2329 1555 2593 1621 pulsanti,
2647 1559 2695 1609 ei
2746 1559 3065 1626 aperiuntur
3093 1563 3298 1613 viscera
3332 1564 3413 1614 di-

1833 1642 1969 1694 vinm
2002 1643 2369 1712 benignitatis.
2421 1645 2604 1712 Itaque
2647 1649 2759 1714 ipse
2803 1665 3019 1719 qunque
3063 1653 3147 1705 illa
3195 1654 3416 1707 imitans

1832 1746 1927 1798 pro
1961 1732 2190 1796 viribus,
2234 1736 2405 1801 aperit
2448 1740 2652 1791 viscera
2688 1749 2739 1792 et
2772 1753 2954 1807 pnl'las
2985 1759 3175 1797 omnes
3210 1756 3265 1797 et
3298 1761 3413 1797 ina-

1834 1833 1960 1871 num
2001 1819 2388 1889 indigentibus,
2422 1840 2526 1877 non
2565 1827 2951 1882 misericordia:
2982 1840 3161 1899 guttas
3204 1832 3410 1900 aliquas

147 1913 241 1958 σας
259 1896 359 1948 καὶ
381 1898 537 1965 χεῖρα
555 1898 668 1958 τοῖς
692 1897 987 1967 δεομένοις,
1010 1901 1071 1952 οὐ
1100 1902 1343 1969 ψεκάδας
1372 1879 1526 1967 τινὰς
1547 1906 1718 1967 ἐλέους

2118 1879 2144 1889 ν
2376 1879 2385 1885 ,
2653 1879 2656 1880 ν
2797 1879 2834 1881 κ.
2982 1879 3159 1899 νη-
3205 1879 3408 1900 ητ---

1838 1922 2002 1975 parce
2030 1912 2298 1977 prtehens,
2330 1914 2424 1966 sed
2454 1916 2710 1971 emittens
2737 1918 2939 1974 imbres
2962 1922 3332 1989 benignitatis,
3357 1934 3412 1975 et

149 1985 487 2055 μικρολόγως
538 1987 816 2056 παρέχων,
879 1988 995 2041 ἀλλ’
1026 1990 1268 2063 δμὸρους
1321 1993 1474 2056 ὅλους
1502 1996 1726 2058 ὑετίζων

146 2080 509 2147 χρηστότητος
528 2120 542 2141 ,
577 2081 670 2133 καὶ
691 2082 1028 2150 ἀμφοτέραις
1057 2085 1145 2135 τὸν
1190 2085 1419 2138 πλοῦτον
1453 2088 1685 2151 ἐξαντλὸ
1700 2108 1725 2139 ν

148 2172 249 2232 τοῖς
282 2171 605 2240 χρῄζουσιν.
922 2230 925 2233 λ

209 2266 281 2314 Δ’.
300 2263 588 2315 Ἐντεῦθεν
614 2264 866 2331 ἐπίδηλος
892 2267 1003 2327 τοῖς
1033 2268 1165 2319 πᾶσι
1194 2269 1423 2335 γίνεται,
1452 2272 1551 2323 οὐκ
1582 2271 1722 2324 ἰδιώ-

143 2371 252 2416 ταις
293 2357 459 2424 μόνον
496 2356 591 2408 καὶ
623 2357 903 2425 ἄρχουσιν,
944 2359 1080 2411 ἀλλὰ
1144 2362 1240 2411 καὶ
1300 2362 1447 2430 αὐτῷ
1479 2363 1719 2428 βασιλεῖ·

147 2448 467 2519 Ἡράκλειος
502 2450 556 2501 δὲ
574 2451 695 2503 τότε
713 2447 779 2521 ἦν
802 2452 866 2504 τὰ
901 2452 1186 2521 Ῥωμαίων
1221 2456 1473 2525 σκῆπτρα
1499 2459 1715 2509 διέπων·

141 2540 251 2591 ὅθεν
276 2542 309 2610 ἡ
338 2540 448 2593 τῶν
468 2539 860 2611 Ἀλεξανδρέων
896 2545 1071 2609 πόλις,
1101 2548 1439 2617 πατριάρχου
1473 2549 1593 2601 τότε
1618 2567 1714 2619 χη-

144 2632 388 2700 ρεύουσα,
418 2635 509 2685 ὲπὶ
536 2634 626 2686 τὸν
661 2634 830 2705 ἄνδρα
860 2636 1049 2689 τοῦτον
1080 2638 1185 2709 ὅλῳ
1218 2641 1367 2709 πόθῳ
1400 2645 1589 2710 χωρεῖ,
1628 2644 1717 2694 καὶ

144 2721 401 2788 βασιλέως
423 2725 592 2777 δεῖται
618 2725 695 2795 μὴ
718 2726 1043 2798 διαμαρτεῖν
1087 2730 1181 2781 τοῦ
1212 2731 1438 2792 σκοποῦ,
1474 2734 1588 2783 ἀλλ’
1613 2734 1717 2783 ὑπὸ

142 2816 381 2883 ἀρχιερεῖ
406 2815 540 2883 τῷδε
563 2817 661 2883 τὴν
690 2817 807 2869 κατ’
838 2820 1035 2882 αὐτοὺς
1065 2822 1451 2888 ποιμαίνεσθαι
1488 2825 1714 2893 Ἐκκλη-

145 2907 274 2959 σίαν.
319 2910 433 2961 Καὶ
483 2910 511 2959 ό
563 2912 662 2977 μὶν
698 2911 857 2971 εὐθὺς
891 2914 1277 2979 μετακαλεῖται
1301 2915 1389 2965 τὸν
1420 2915 1591 2982 μέγαν
1625 2918 1714 2968 καὶ

142 2998 263 3049 πᾶσι
292 3001 520 3069 τρόποις
544 2999 801 3067 ἐπιϐῆναι
830 3002 922 3053 τοῦ
952 3002 1143 3070 θρόνου
1171 3003 1360 3056 τοῦτον
1417 3007 1707 3077 ἐπιχειρεῖ.

151 3087 202 3142 Ὀ
240 3091 294 3143 δὲ
339 3092 662 3146 ἀνθίσταται
690 3094 1085 3163 γενναιότερον,
1125 3097 1215 3147 τὸν
1258 3096 1421 3163 ὄγκον
1447 3099 1539 3150 τοῦ
1573 3102 1709 3170 πρά-

1830 1998 2090 2052 ambabus
2128 2003 2377 2057 manibus
2414 2020 2545 2074 opes
2579 2006 2861 2064 elinnders
2890 2012 3156 2079 inopibus.

1897 2253 1984 2309 IV.
2026 2256 2163 2313 Hinc
2194 2262 2375 2314 evadit
2397 2266 2650 2319 omnibus
2676 2268 3015 2333 manifestus,
3038 2288 3142 2325 non
3170 2274 3399 2340 privatis

1825 2349 1996 2401 solum
2029 2363 2079 2403 et
2113 2355 2462 2421 principibus,
2491 2362 2583 2412 sed
2610 2362 2770 2412 etiam
2807 2362 2904 2430 ipsi
2944 2363 3263 2431 imperatori
3295 2368 3395 2438 ll).

1826 2438 2101 2494 Ileraclitts
2131 2458 2310 2499 autem
2348 2458 2474 2502 tunc
2504 2461 2712 2520 sceptra
2754 2454 2970 2506 tenebat
3000 2454 3392 2513 (tertianorum.

1822 2532 2184 2596 Quamobrem
2208 2552 2332 2589 cum
2362 2542 2556 2594 civitas
2588 2543 2953 2598 Alexandrina
2990 2558 3115 2601 tunc
3144 2562 3285 2604 esset
3318 2570 3403 2605 nr-

1821 2626 1942 2678 bata
1974 2629 2304 2694 patriarcha,
2335 2636 2398 2685 ad
2433 2634 2578 2688 hunc
2608 2637 2784 2689 virum
2812 2648 2921 2690 toto
2949 2642 3229 2694 contendit
3254 2644 3400 2697 desi-

1819 2719 1990 2781 derio,
2026 2734 2079 2775 et
2115 2734 2265 2791 rogat
2317 2725 2716 2793 imperatorem,
2751 2746 2816 2783 ne
2858 2731 2967 2799 ipsa
3015 2747 3044 2785 a
3090 2747 3257 2801 scopo
3298 2752 3399 2789 suo

1818 2813 2119 2878 excideret,
2169 2816 2261 2867 sed
2313 2817 2380 2870 ab
2432 2833 2496 2871 eo
2538 2820 2791 2887 pentilice
2841 2835 3158 2887 pasceretnr
3205 2841 3394 2880 eorum

1820 2903 2076 2958 Ecclesia.
2130 2906 2195 2959 Et
2250 2907 2336 2961 ille
2381 2910 2599 2976 quidem
2658 2927 2908 2979 magnum
2961 2914 3109 2968 illum
3165 2919 3398 2972 accersit

1817 2998 2082 3073 protitttts,
2114 3009 2167 3051 et
2196 3000 2446 3053 omnibus
2493 3003 2668 3056 modis
2696 3008 2927 3057 conatur
2953 3007 3001 3058 ei
3042 3009 3394 3073 persuadere,

1818 3096 1874 3140 ut
1917 3091 1983 3141 ad
2016 3091 2197 3142 sedem
2238 3096 2520 3147 ascendat.
2555 3095 2646 3147 Ille
2674 3106 2854 3149 autem
2910 3105 3133 3153 strenue
3165 3103 3391 3165 resistit,

143 3198 334 3251 γματος
360 3183 660 3237 δεδοικέναι
690 3186 885 3251 λέγων,
912 3188 1007 3239 καὶ
1039 3189 1115 3256 μὴ
1152 3184 1262 3249 οἷός
1288 3207 1343 3241 τε
1377 3188 1516 3243 εἶναι
1544 3194 1709 3258 ἀξιώ-

1815 3183 2000 3235 dicens
2034 3199 2092 3236 se
2146 3194 2337 3240 (tmere
2374 3189 2451 3239 rei
2489 3188 2949 3256 magnitudinem,
2987 3205 3089 3246 nec
3133 3208 3191 3245 se
3229 3209 3393 3261 posse

145 3288 299 3339 ματος
329 3274 588 3327 τοσούτου
625 3277 852 3345 μέγεθος
888 3278 1161 3333 ὑπελθεῖν.
1202 3281 1353 3333 Ἐπεὶ
1391 3283 1445 3335 δὲ
1468 3285 1739 3353 Νικήτας

142 3367 165 3414 ό
191 3366 281 3434 τὴν
315 3367 476 3431 ἀξίαν
508 3368 815 3438 πατρίκιος,
880 3371 1089 3439 μεγάλα
1141 3373 1200 3423 τὸ
1228 3376 1526 3443 τηνικαῦτα
1563 3381 1709 3447 ποιρὰ

143 3454 337 3520 βασιλεῖ
367 3456 687 3524 δυνάμενος,
714 3458 940 3525 ἁδελφός
970 3477 1027 3511 τε
1079 3462 1218 3513 κατὰ
1251 3465 1465 3533 πνεῦμα
1496 3466 1572 3535 τῷ
1608 3485 1710 3535 μα-

142 3547 301 3612 καρίῳ
331 3547 527 3606 τελῶν,
557 3550 651 3601 καὶ
682 3550 903 3619 δεσμοῖς
937 3551 1089 3617 αὐτῷ
1121 3554 1302 3620 φιλίας
1352 3556 1556 3624 ἄριστα
1582 3575 1706 3612 συν-

140 3636 367 3702 ημμένος
389 3677 407 3701 ,
442 3637 616 3701 ἄλλως
642 3654 701 3691 τε
753 3640 808 3692 δὲ
861 3641 955 3694 καὶ
986 3642 1047 3694 τδ
1079 3644 1459 3714 ἀπαράμιλλον
1484 3649 1583 3717 τῆς
1612 3652 1705 3701 τοῦ

139 3727 312 3795 ἀνδρὸς
334 3729 545 3798 ἀρετῆς
572 3731 967 3801 ἀκριϐέστερον
1000 3737 1385 3805 ἐπιστάμενος,
1430 3742 1521 3792 καὶ
1557 3741 1705 3805 ἄξιον

140 3814 257 3871 εἶναι
279 3820 372 3872 τοῦ
396 3821 614 3890 θρόνου,
639 3824 688 3874 εί
716 3825 806 3877 καί
826 3842 947 3877 τινα
980 3827 1187 3897 ἕτερον,
1209 3830 1484 3896 ἐγνωκὼς,
1514 3833 1590 3903 τῷ
1610 3835 1701 3902 βα-

140 3911 261 3963 σιλεῖ
298 3913 542 3983 σφοδρῶς
593 3914 851 3978 ἐνέκειτο,
911 3919 985 3987 μὴ
1020 3920 1302 3973 ὕπανεῖναι
1333 3922 1525 3991 λέγων,
1570 3926 1703 3980 ἀλλὰ

142 4001 221 4053 καὶ
252 4003 457 4057 ἄκοντα
490 4006 629 4075 πρὸς
659 4007 755 4059 τὸν
775 4006 965 4075 θρόνον
1006 4012 1305 4078 ἀναγαγεῖν
1326 4029 1339 4042 ·
1389 4017 1416 4067 ό
1454 4014 1703 4084 βασιλεὺς

137 4096 262 4164 ὁρμῇ
292 4095 502 4148 πλείονι
554 4101 648 4149 καὶ
709 4098 983 4166 πνεύματι
1047 4102 1299 4172 προσχὼν
1356 4105 1695 4177 θερμοτέρῳ,

139 4185 293 4237 πείθει
334 4188 432 4240 τὸν
480 4186 649 4256 ἄνδρα
679 4188 781 4260 τὴν
805 4190 1107 4261 ίερωσύνην
1136 4194 1561 4261 καταδέξασθαι,
1599 4200 1698 4251 οὐκ

137 4276 269 4329 ἀθεεὶ
321 4279 579 4346 γενέσθαι
632 4281 733 4350 τήν
793 4298 852 4333 τε
909 4284 1179 4354 τοσαύτην
1236 4290 1331 4339 τοῦ
1381 4288 1557 4359 δήμου
1588 4292 1699 4344 τῶν

148 4367 521 4439 Ἀλεξανδρέων
552 4375 893 4443 συγκίνησιν,
932 4379 1026 4427 καὶ
1065 4377 1157 4429 τοῦ
1215 4378 1548 4446 κρατοῦντος
1594 4384 1695 4453 τὴν

138 4458 385 4524 ἔνστασιν,
426 4463 807 4532 λογισάμενον.
846 4467 1057 4519 Γίνεται
1083 4469 1261 4521 τοίνυν
1302 4472 1395 4523 τοῦ
1422 4475 1691 4544 μακαρίου

137 4548 304 4619 Θρόνου
329 4553 597 4622 διάδοχος,
624 4555 699 4624 τῷ
730 4558 909 4627 χρόνῳ
938 4559 1033 4628 μὲν
1065 4561 1356 4621 πολλοστὸς
1400 4566 1520 4631 μετ’
1549 4568 1686 4619 ἐκεῖ-

137 4658 229 4703 νον,
257 4645 314 4694 οὑ
342 4646 477 4697 πολὺ
504 4646 559 4697 δὲ
592 4646 684 4697 τοῦ
714 4648 828 4716 βίου
856 4653 947 4702 καὶ
981 4650 1079 4721 τῆς
1112 4655 1314 4723 ἀρετῆς
1345 4655 1687 4725 λειπόμενος·

137 4730 299 4803 ὥσπερ
325 4738 433 4804 ἄρα
490 4738 582 4789 καὶ
610 4738 802 4807 δηλοῦν
846 4742 1030 4811 ἔχουσι
1078 4745 1147 4796 τὰ
1190 4748 1329 4815 μετὰ
1374 4748 1473 4820 τὴν
1512 4750 1686 4820 ἀρχὴν

137 4823 274 4886 εὐθὺς
304 4828 395 4880 τοῦ
427 4829 620 4899 ἀνδρὸς
645 4832 1068 4902 κατορθώματα.

196 4914 260 4968 Ε’.
280 4916 363 4979 Ὠς
395 4921 506 4988 γὰρ
533 4921 706 4992 ἐπέϐη
731 4924 829 4975 τοῦ
856 4925 1068 4993 θρόνου,
1091 4928 1242 4994 ἀγὼν
1265 4930 1411 5000 αὐτῷ
1439 4932 1526 4984 διὰ
1550 4950 1682 4985 παν-

139 5004 211 5065 τὸς
231 5007 410 5078 ἑτέρου
432 5012 491 5063 τὸ
513 5014 743 5080 Μάρκου
772 5017 1033 5086 κήρυγμα
1063 5022 1153 5071 καὶ
1181 5021 1279 5091 τὴν
1308 5024 1415 5075 τῶν
1442 5026 1684 5091 φθασάν-

140 5108 227 5145 των
245 5098 498 5169 Πατέρων
525 5103 708 5155 πίστιν
734 5106 1169 5173 ἀνανεώσασθαι,
1194 5110 1287 5162 καὶ
1310 5110 1376 5162 τὰ
1398 5112 1504 5163 τῶν
1527 5114 1680 5183 αίρε-

138 5188 281 5239 τικῶν
336 5196 697 5261 παραφυέντα
757 5197 970 5260 ζιζάνια
1026 5200 1203 5269 ῥίζαις
1236 5202 1427 5259 αὑταῖς
1457 5203 1678 5268 ἐξελεῖν.

138 5272 226 5331 τοῦ
239 5283 340 5353 γὰρ
359 5286 621 5354 Κναφέως
647 5289 851 5357 Πέτρου
878 5293 1195 5361 προσθήκην
1208 5295 1336 5347 ⁴τινὰ
1361 5295 1676 5367 βλάσφημον

1814 3282 2017 3326 tantam
2076 3277 2348 3328 sustinere
2405 3280 2741 3345 dignitatem.
2794 3280 2927 3333 Cum
2986 3298 3114 3337 vero
3171 3283 3391 3340 Nicctas

1809 3362 2070 3432 dignitate
2108 3369 2385 3432 patricius,
2426 3371 2516 3435 qui
2549 3380 2676 3423 tunc
2722 3373 2945 3425 multum
2990 3387 3203 3441 poterat
3247 3380 3386 3447 apud

1810 3455 2215 3523 imperatorem,
2268 3470 2320 3511 et
2369 3461 2425 3513 Β.
2474 3460 2664 3514 .Inanni
2713 3474 2829 3517 crat
2863 3466 3030 3519 frater
3062 3470 3278 3534 spiritu,
3325 3480 3381 3523 et

1811 3542 2047 3601 vinculis
2088 3552 2341 3604 amicitia:
2388 3563 2505 3605 erat
2562 3554 2609 3607 ei
2661 3558 2864 3621 optime
2915 3558 3270 3624 c0njuncttts,
3329 3572 3384 3614 ot

1805 3639 2007 3709 alioqui
2030 3653 2179 3696 recte
2206 3643 2413 3695 sciebat
2441 3645 2697 3698 virtutem
2727 3646 2841 3712 ejus
2873 3649 3376 3717 incomparabilem,

1805 3742 1858 3785 et
1885 3742 2112 3786 neverat
2156 3734 2325 3797 illum,
2356 3738 2396 3788 si
2452 3735 2591 3789 nllus
2624 3748 2767 3791 esset
2798 3739 2956 3803 allus,
2999 3756 3059 3794 ea
3105 3745 3231 3795 sede
3265 3756 3383 3798 esse

1804 3825 2048 3892 dignum,
2085 3828 2431 3881 vehementer
2465 3830 2687 3882 instaret
2722 3832 3063 3899 imperatori,
3099 3836 3286 3889 dicens
3315 3853 3381 3889 ne

1805 3931 1925 3968 eum
1958 3919 2257 3972 remitteret
2279 3959 2293 3978 ,
2325 3920 2416 3971 sed
2450 3922 2529 3972 vel
2572 3921 2796 3974 invitum
2830 3924 2893 3974 ad
2942 3924 3123 3977 sedem
3158 3926 3381 3980 invehe-

1808 4017 1927 4071 ret;
1979 4023 2177 4077 urgens
2222 4010 2517 4077 imperator
2571 4012 2777 4071 majore
2823 4015 3024 4081 impetu
3064 4024 3119 4068 et
3157 4017 3375 4084 spiritu.

1804 4094 2095 4166 persuadet
2134 4097 2351 4165 Juanni,
2383 4111 2437 4152 ut
2472 4102 2732 4169 suscipiat
2767 4104 3158 4170 pontiﬁcatum,
3196 4118 3254 4159 ut
3284 4112 3373 4174 qui

1802 4195 2130 4259 reputaverit
2182 4209 2285 4246 non
2342 4194 2462 4247 sine
2515 4194 2606 4248 Dei
2662 4199 2886 4251 numine
2936 4197 3105 4251 fuisse
3170 4208 3372 4252 tantam

1798 4282 2146 4337 Alexandrini
2200 4285 2378 4352 populi
2430 4288 2853 4341 commotionem
2914 4298 2969 4343 et
3023 4291 3373 4356 imperatoris

1798 4373 2217 4428 contentionem.
2277 4373 2361 4426 Fit
2408 4374 2588 4444 itaque
2642 4380 2785 4433 sedis
2842 4379 3006 4435 Μαι-οἰ
3059 4400 3369 4447 successor,

1796 4478 2039 4533 tempore
2064 4466 2280 4532 quidem
2316 4467 2382 4520 ab
2409 4467 2496 4521 illo
2522 4468 2674 4537 longe
2701 4480 2960 4534 remotus,
2983 4476 3073 4529 sed
3103 4492 3205 4529 non
3236 4479 3372 4531 mul-

1718 4545 1770 4605 D
1798 4562 1907 4609 tum
1934 4568 2171 4611 remotus
2197 4574 2224 4610 a
2258 4561 2363 4611 vita
2392 4560 2531 4612 illius
2554 4570 2606 4614 ct
2637 4564 2839 4616 virtute
2868 4581 2881 4618 :
2906 4568 3177 4633 quomodo
3204 4572 3367 4624 etiam

1797 4660 2015 4718 possunt
2065 4653 2372 4715 ostendere,
2411 4668 2527 4718 quae
2559 4655 2741 4707 statim
2780 4669 2897 4724 post
2946 4672 3252 4728 susceptain
3287 4681 3369 4718 re-

1795 4741 2026 4794 ctionem
2054 4750 2197 4796 recte
2232 4742 2295 4793 ab
2326 4743 2416 4796 illo
2450 4755 2597 4811 gesta
2631 4759 2777 4801 sunt.

1868 4922 1930 4977 V.
1971 4925 2257 4992 Postquam
2291 4927 2434 4980 enim
2474 4931 2715 4983 ascendit
2743 4933 2947 4993 sedem,
2972 4933 3073 4988 hoc
3103 4946 3230 4989 ante
3257 4938 3361 4991 alia

1792 5020 1972 5070 omnia
1997 5020 2294 5082 contendit,
2323 5030 2376 5071 ut
2401 5031 2685 5074 renovaret
2706 5020 2873 5078 Marci
2899 5026 3360 5092 praedicationem,

1789 5117 1838 5161 et
1887 5108 2045 5164 ﬁdem
2080 5110 2293 5163 Patrum
2320 5112 2408 5177 qui
2442 5125 2863 5179 praecesserant,
2895 5127 2950 5170 et
2984 5120 3357 5174 haereticorum

1788 5219 1907 5273 quae
1938 5212 2099 5255 enata
2136 5201 2344 5255 fuerant
2380 5204 2588 5257 zizania
2620 5206 2874 5260 evelleret
2906 5210 3185 5263 radicitus.
3218 5208 3354 5264 Nam

1787 5312 1907 5349 cum
1967 5295 2159 5349 Petrus
2201 5293 2488 5362 Cnapheus
2532 5296 2607 5367 (9..)
2655 5299 3022 5369 blasphematur
3066 5304 3352 5371 quamdam

199 5424 265 5508 (ί)
302 5427 693 5508 Melaph..tstes
749 5434 999 5508 fortassis
1054 5437 1216 5490 verba
1271 5440 1384 5491 haec
1438 5440 1675 5508 adjecit:

142 5506 262 5571 certe
289 5513 387 5549 non
404 5501 511 5575 _diu
552 5514 676 5555 ante
719 5505 894 5569 potuit
936 5520 1055 5559 esse
1097 5519 1253 5559 notus
1288 5501 1535 5563 Heraclio
1564 5511 1674 5575 jam

144 5563 441 5642 imperatori,
474 5586 595 5623 cum
619 5563 856 5625 aut-mox
885 5576 1189 5642 patriarcha
1216 5578 1287 5630 sit
1322 5563 1676 5641 creztttts,'aut

142 5634 292 5707 potius
308 5638 522 5707 aliquot
554 5653 675 5694 ante
704 5646 883 5697 annis.

156 5774 173 5788 γ’
197 5704 261 5770 (2)
298 5704 487 5788 Petrus
513 5708 967 5788 Quaplieusasive
996 5712 1168 5788 Fullo.
1198 5716 1299 5788 sub
1330 5716 1509 5773 Leone
1535 5720 1669 5788 imp.

142 5770 295 5826 lavare
331 5770 769 5852 Zenonisducis
810 5770 1049 5836 Orientis
1096 5770 1206 5852 (qui
1262 5770 1670 5843 deindc‘Leotrti

140 5848 363 5902 successit
388 5863 475 5903 an.
502 5847 629 5920 474)
655 5852 953 5909 Antiochiae
1001 5847 1190 5910 contra
1214 5856 1522 5928 episcopum
1554 5860 1668 5929 ejus

1778 5443 1927 5494 urbis
1957 5440 2316 5495 orthodoxnm
2344 5440 2655 5507 Martyrium
2686 5444 2953 5497 concitata
2983 5445 3348 5505 multitudine,

1776 5526 1893 5563 eam
1924 5513 2103 5564 sedem
2147 5513 2358 5572 invasit,
2391 5528 2451 5562 ac
2482 5511 2997 5579 Tlieopaschitarum
3029 5516 3351 5569 instauravit

1778 5581 2048 5641 haeresim,
2073 5582 2138 5631 de
2169 5597 2271 5643 qua
2302 5581 2539 5642 plurith
2569 5586 2738 5633 ac-turi
2770 5599 2957 5634 sumus
2988 5600 3091 5636 xxv
3114 5584 3347 5638 Februa-

1777 5650 1839 5702 rii
1873 5653 1938 5703 ad
1968 5649 2143 5702 Vitam
2176 5649 2231 5703 S.
2272 5649 2465 5703 Felicis
2496 5650 2554 5702 ΙΙΙ
2588 5667 2753 5717 papae.
2784 5653 3041 5707 Leontius
3074 5670 3221 5707 unm.
3278 5654 3347 5705 60

1776 5718 2255 5793 Severianitarum,
2282 5724 2395 5793 sive
2426 5722 2847 5793 Acephalorum,
2876 5724 3212 5793 aliorumque
3234 5724 3343 5779 ha:-

1778 5790 2067 5847 reticorum
2102 5792 2366 5855 meminit,
2405 5807 2506 5845 non
2536 5790 2678 5845 Petri
2708 5793 2971 5862 Cuaphei.
