4154 6490
758 424 871 489 899

1998 422 2283 483 MENSlS
2311 422 2774 487 JANUARIUS.

3929 429 4051 491 900

758 540 812 592 in
850 536 1191 591 Divinitatem
1230 534 1563 589 athlitionem
1615 536 1814 607 hymno
1845 543 1927 589 ter
1954 545 2143 588 sancto
2172 548 2336 588 ausus

2449 535 2583 587 κατὰ
2610 534 2711 603 τῆς
2742 534 2997 604 θεότητος
3033 535 3110 606 τῷ
3140 538 3422 608 Τρισαγίῳ
3454 541 3777 611 παρενεῖραι
3825 542 4049 608 τολμή-

755 637 903 684 esset
930 628 1189 689 inserere,
1219 637 1273 678 et
1304 628 1375 688 ei,
1406 627 1546 693 quod
1585 634 1688 685 est,
1724 643 1742 675 ι
1779 624 2013 678 Sanctus
2050 625 2331 677 immorta-

756 718 850 780 lis,
873 735 892 767 ι
927 714 1235 781 adiecisset,
1271 733 1290 766 ι
1328 716 1426 779 Qui
1459 714 1751 767 crucifixus
1781 723 1863 765 est
1900 723 2119 781 propter
2146 727 2276 775 nos;
2309 731 2325 762 ι

756 810 971 861 divinus
1006 807 1096 862 ille
1128 807 1232 871 vir,
1264 808 1365 860 hac
1412 804 1748 875 blasphemia
1793 804 2027 866 sublata,
2068 804 2335 871 impatibi-

756 900 859 951 lem
898 910 952 953 et
998 898 1355 953 immortalem
1400 898 1736 953 divinitatem
1768 913 1868 953 suo
1910 899 2161 967 dogmate
2184 913 2333 951 asse-

758 991 883 1054 ruit,
918 1000 972 1044 et
998 1006 1213 1061 gregem
1238 990 1311 1044 ita
1344 990 1548 1044 sentire
1582 991 1784 1043 docuit.
1816 989 1949 1043 Cum
1980 999 2160 1043 autem
2188 990 2334 1043 inve-

756 1084 929 1137 nisset
983 1094 1186 1149 septem
1249 1082 1362 1135 sola
1426 1083 1851 1135 ortltodnxoruwi
1932 1083 2202 1144 oratoria,
2269 1097 2330 1134 ea

755 1175 922 1231 effiat
948 1176 1129 1230 decies
1174 1174 1349 1245 plura,
1402 1187 1457 1227 ιιι
1512 1175 1600 1242 qui
1648 1189 1709 1227 ea
1742 1177 2079 1243 septuaginta
2129 1174 2333 1228 consti-

758 1270 940 1323 tuerit.
978 1267 1184 1321 Deinde
1232 1281 1393 1321 omne
1432 1267 1642 1319 confert
1672 1269 1929 1329 studium,
1965 1278 2021 1319 ιιι
2066 1266 2154 1334 qui
2190 1266 2330 1335 capti

757 1361 969 1415 fuerant
1000 1374 1158 1413 omne
1204 1374 1372 1427 genus
1418 1359 1733 1423 hmresibus,
1771 1369 2225 1413 converterentur
2265 1360 2333 1413 ad

757 1452 1037 1521 pietatem.
1095 1449 1322 1517 Fuitque
1370 1451 1520 1503 zelus
1564 1452 1680 1517 ejus
1724 1451 2232 1505 vehementissimus
2278 1452 2332 1505 in

757 1544 1211 1603 ordinationibus,
1254 1552 1312 1595 ut
1358 1557 1436 1595 eae
1475 1542 1691 1609 quidem
1720 1557 1867 1609 parre
1894 1551 2077 1597 essent
2105 1556 2134 1594 a
2166 1542 2334 1596 lucris

758 1646 813 1691 et
843 1635 1156 1689 muneribus
1192 1652 1206 1689 :
1234 1636 1374 1688 nulla
1418 1647 1597 1688 autem
1633 1650 1819 1689 earum
1856 1634 2009 1687 ﬁeret
2039 1634 2172 1688 citra
2206 1650 2335 1689 exa-

760 1728 1129 1781 minatiouent.
1164 1726 1428 1779 Praeterea
1478 1736 1658 1780 autem
1704 1726 1996 1779 maximum
2043 1726 2336 1781 adhibebat

759 1816 1092 1887 diligentiam
1130 1817 1180 1868 in
1211 1814 1566 1869 defendendis
1599 1816 1665 1869 iis
1691 1817 1887 1883 quibus
1917 1816 2078 1869 fiebat
2114 1816 2333 1882 injuria,

2438 642 2648 689 σαντος,
2678 627 2770 678 καὶ
2796 627 2874 695 τῷ
2897 626 3091 693 ’Δγιος
3120 627 3412 691 ἀθάνατος,
3433 629 3495 682 τὺ
3506 627 3570 681 '0
3594 628 3937 699 σταυρωθεὶς
3971 631 4048 681 δι’

2435 717 2583 785 ἡμᾶς
2614 716 2966 785 προσθέντος·
2994 719 3021 769 ὁ
3044 719 3187 780 θεῖος
3207 720 3417 781 ἐκεῖνος
3442 720 3584 790 ἀνὴρ
3614 720 3674 773 τὸ
3704 718 4047 790 βλάσφημον

2435 806 2595 858 τοῦτο
2642 806 2940 873 ύπεξελὼν,
2977 809 3163 877 άπαθῆ
3212 811 3306 863 καὶ
3345 812 3613 865 ἀθάνατον
3643 816 3745 881 τὴν
3796 812 4044 876 θεότητα

2436 895 2761 963 ἐδογμάτισέ
2783 913 2843 949 τε
2868 898 2964 949 καὶ
2988 898 3050 950 τὸ
3078 899 3328 969 ποίμνιον
3350 901 3495 955 οὕτω
3516 904 3736 973 φρονεῖν
3759 903 4038 966 ἐδίδαξεν.

2451 986 2624 1039 Ἑπτά
2649 988 2706 1040 δὲ
2744 989 2880 1058 μόνα
2912 988 3164 1059 εὑρηκὼς
3197 991 3495 1059 ὀρθοδόξων
3524 996 3792 1065 εύκτήρια
3816 1036 3831 1058 ,
3864 996 4041 1048 δεκαο

2438 1079 2727 1143 πλασιάζει
2750 1079 2945 1144 ταῦτα,
2976 1084 3055 1145 είς
3086 1082 3459 1152 ἑϐδομήκοντα
3488 1090 3864 1157 καταστήσας.
3892 1084 4041 1140 Εἶτα

2439 1172 2673 1238 σπουδήν
2701 1190 2759 1225 τε
2796 1174 2974 1226 πᾶσαν
3006 1176 3272 1244 εἰσφέρει,
3305 1180 3430 1239 τοὺς
3466 1178 3842 1241 παντοδαπαῖς
3871 1178 4039 1231 ne»..-

2435 1281 2533 1326 τας
2555 1264 2851 1333 ,αἱρέσεσιν
2899 1266 3226 1336 ἐπιστρέψαι
3261 1268 3398 1337 πρὸς
3431 1269 3531 1339 τὴν
3582 1271 3895 1334 εὐσέϐειαν,
3928 1274 4035 1324 καὶ

2438 1355 2596 1425 ζῆλον
2640 1351 2753 1409 οἷον
2788 1358 2916 1427 περὶ
2958 1356 3057 1419 τὰς
3094 1360 3436 1429 χειροτονίας
3468 1361 3805 1430 θερμότατον
3834 1404 3849 1427 ,
3882 1362 4031 1416 ὥστε

2436 1446 2737 1515 λημμάτων
2772 1448 2873 1515 μὲν
2915 1448 3084 1511 αὑτάς
3126 1449 3474 1517 καθαρεύειν,
3521 1453 3679 1515 ἐκτὸς
3709 1453 3767 1507 δὲ
3795 1455 4034 1523 δοκιμα-

2438 1538 2558 1601 σίας
2593 1539 2865 1609 μηδεμίαν
2902 1540 3084 1593 αὐτῶν
3113 1541 3367 1607 γίνεσθαι
3396 1545 3531 1613 πρὸς
3566 1546 3789 1608 τούτους
3825 1548 4033 1613 ὲπιμέ-

2437 1630 2614 1683 λειαν·
2647 1632 2778 1702 ὅσην
2813 1634 2940 1703 περὶ
2965 1635 3063 1704 τὴν
3098 1635 3206 1687 τῶν
3253 1636 3627 1705 ἀδικουμένων
3658 1640 4027 1707 προστασίαν,

2438 1724 2531 1774 καὶ
2558 1723 2620 1775 τὸ
2661 1723 2735 1794 μὴ
2765 1726 2888 1787 τοὺς
2922 1725 3245 1790 δικάζοντας
3275 1727 3545 1799 θεραπείᾳ
3579 1729 3894 1799 προσώπων
3921 1749 4027 1783 κα-

2436 1814 2816 1883 ταπροδιδόναι
2860 1817 2921 1869 τὸ
2980 1818 3208 1885 δίκαιον,
3276 1819 3413 1873 ἀλλά
3454 1820 3607 1890 ζυγῷ
3666 1821 4028 1890 δικαιοσύνης

759 1923 814 1963 et
847 1925 913 1964 ne
938 1909 1149 1977 judices
1197 1909 1557 1976 gratiticaudo
1605 1910 1852 1977 personis
1894 1909 1983 1977 jus
2021 1910 2335 1976 proderent,

2449 1904 2787 1973 σταθμᾶσθαι
2807 1905 2907 1969 τὰς
2928 1906 3159 1977 κρίσεις,
3186 1884 3280 1961 καὶ
3305 1910 3443 1979 μήτε
3473 1884 3612 1981 πρδς
3634 1912 3795 1981 χάριν
3822 1884 4028 1975 αὐτούς

761 2000 854 2055 setl
890 2000 1112 2069 justitia:
1149 2001 1349 2051 trutina
1394 2000 1757 2068 pontlerarent
1783 2000 2013 2069 judicia,
2057 2011 2237 2053 etnec
2272 2000 2337 2053 ad

761 2094 990 2162 gratiam
1020 2094 1346 2158 aspicerent,
1375 2108 1473 2145 nec
1503 2092 1568 2145 ad
1603 2092 1814 2145 odium.

838 2183 924 2237 VI.
984 2183 1135 2248 Quod
1179 2194 1357 2237 autem
1399 2195 1515 2236 erat
1561 2184 1609 2237 ei
1664 2186 1956 2236 maximum
2008 2194 2061 2238 et
2106 2187 2342 2237 maxime

766 2277 1063 2346 proprium,
1090 2285 1208 2328 erat
1241 2275 1454 2329 fervens
1480 2274 1852 2329 misericordia
1888 2276 1939 2329 in
1970 2290 2256 2345 pauperes,
2288 2289 2342 2330 et

764 2372 817 2423 in
844 2369 1101 2423 curandis
1130 2368 1493 2437 indigentibus
1525 2368 1906 2422 insatiabilitas
1928 2380 1983 2424 et
2005 2370 2340 2438 proclivitas,

764 2478 885 2529 qua:
918 2476 1022 2512 non
1074 2469 1283 2528 poterat
1324 2459 1655 2527 comprimi;
1690 2471 1745 2513 et
1789 2460 1921 2513 nihil
1963 2462 2187 2516 omnino
2215 2477 2341 2530 par-

770 2567 895 2605 cere
929 2552 1193 2620 pecuniis,
1216 2552 1349 2603 adeo
1378 2560 1435 2603 ut
1460 2552 1623 2604 etiam
1656 2567 1799 2621 saape
1828 2556 1894 2605 ad
1919 2552 2139 2607 fundum
2168 2554 2342 2622 ipsum

766 2643 1096 2710 perveniret.
1141 2642 1273 2695 Cum
1313 2643 1496 2709 itaque
1542 2653 1737 2711 praeter
1778 2643 1882 2695 alia
1929 2659 2022 2696 sua
2060 2644 2339 2709 beneficia,

764 2737 1127 2788 rxstruxisset
1172 2733 1513 2787 xenodochia
1555 2744 1609 2787 et
1651 2736 1961 2789 nosocomia
2018 2745 2073 2788 et
2120 2736 2344 2805 ptocbo-

768 2826 1009 2892 tropbia,
1070 2826 1150 2879 eis
1206 2825 1536 2879 frumentum
1589 2826 1837 2879 attribuit
1895 2828 2270 2895 quotidianum
2326 2842 2340 2879 :

766 2926 1033 2986 tantaeque
1064 2917 1177 2969 b.ec
1204 2926 1359 2969 erant
1401 2916 1449 2968 ei
1487 2930 1651 2977 curas,
1690 2927 1748 2968 ut
1795 2916 1957 2968 etiam
2013 2918 2343 2985 pauperibus

768 3010 1005 3074 feminis,
1052 3010 1251 3079 quibus
1301 3012 1365 3063 ad
1403 3009 1715 3078 pariendum
1768 3023 1873 3061 non
1919 3021 2079 3061 erant
2131 3009 2344 3062 habita-

765 3104 909 3166 cula,
941 3107 1114 3170 neque
1148 3102 1348 3173 aliquid
1373 3116 1560 3156 eorum
1588 3116 1708 3171 qua:
1747 3110 1870 3155 sunt
1903 3110 2024 3170 apta
2054 3102 2119 3154 ad
2157 3116 2343 3155 earum

766 3198 1128 3258 curationem,
1177 3208 1385 3265 septem
1419 3196 1609 3249 domos
1648 3194 1959 3247 attribuerit
2012 3196 2061 3246 in
2116 3193 2343 3246 diversis

768 3378 1006 3447 stragula
1040 3388 1093 3428 et
1128 3375 1489 3444 suppeditatio
1515 3374 1917 3437 alimentorum,
1949 3389 2053 3442 qua
2092 3374 2340 3428 reficere-

771 3481 861 3524 tur
892 3469 1184 3537 indigentia
1235 3466 1579 3535 parientiutn.
1623 3465 1825 3520 Prater
1866 3465 1980 3518 haec
2018 3465 2346 3535 pauperibus

768 3575 985 3630 quoque
1011 3558 1226 3612 clericis
1261 3556 1600 3627 providebat,
1633 3565 1688 3609 et
1718 3556 2005 3623 unicuique
2037 3571 2221 3610 eorum
2255 3571 2347 3623 pe-

769 3654 943 3706 cunia:
968 3648 1344 3717 prwbebantur
1375 3662 1589 3701 annuas.
1616 3646 1732 3701 Non
1760 3648 1839 3701 eis
1867 3659 2045 3701 autem
2079 3648 2229 3712 solis,
2254 3648 2346 3701 sed

771 3745 933 3796 etiam
963 3740 1265 3808 epist-opis,
1302 3740 1498 3806 quibus
1542 3749 1795 3808 sumptus
1830 3740 2049 3793 minime
2088 3750 2344 3809 suppete-

774 3838 901 3887 bant
952 3836 1014 3885 ad
1064 3835 1285 3884 vietum.
1328 3832 1431 3885 Sed
1481 3832 1609 3900 quid
1647 3833 1761 3886 haec
1788 3834 1852 3885 ad
1898 3846 2152 3899 maguum
2200 3848 2349 3885 mare

769 3925 887 3993 ejus
934 3923 1171 3977 liberalis
1224 3923 1536 3985 voluntatis,
1582 3933 1635 3975 et
1675 3932 1888 3975 vastum
1946 3923 2074 3974 illud
2127 3922 2348 3991 pelagus

773 4014 1165 4084 benignitatis?
1209 4014 1335 4067 Erat
1362 4014 1505 4065 enim
1544 4012 1684 4065 alter
1717 4014 1868 4065 Nilus
1894 4013 2115 4079 ςοιιιυεο
2151 4012 2351 4066 ﬂuento

772 4106 1150 4173 eleemosyuaa,
1192 4117 1297 4155 non
1330 4104 1522 4161 solam.
1567 4111 1624 4153 ιιι
1666 4101 1777 4163 ille,
1821 4101 2001 4170 rigans
2031 4099 2347 4171 Egyptum,

772 4197 866 4249 sed
896 4195 1066 4261 ipsam
1094 4206 1423 4252 universam,
1471 4200 1529 4243 ut
1561 4189 1732 4243 semel
1774 4189 1975 4251 dicam,
2001 4200 2201 4243 terram
2245 4191 2349 4243 cir~

772 4284 1090 4341 cumlluens.
1122 4283 1259 4349 Quis
1304 4283 1451 4338 enim
1482 4297 1547 4337 ex
1590 4282 1656 4335 iis
1691 4282 1784 4351 qui
1816 4282 2053 4351 undique
2090 4283 2353 4336 adventa-

777 4381 929 4441 bant,
967 4379 1107 4431 victu
1139 4376 1408 4445 indigens,
1441 4376 1486 4429 si
1517 4373 1585 4428 ad
1626 4376 1796 4443 ipsum
1827 4375 2175 4437 accessisset,
2211 4378 2348 4429 tristi

774 4472 925 4525 vultu
971 4481 1025 4524 et
1059 4472 1243 4524 vacuis
1292 4483 1544 4522 reversus
1588 4478 1674 4522 est
1718 4467 1986 4531 manibus,
2026 4476 2081 4521 et
2121 4484 2228 4521 non
2270 4480 2353 4523 est

2441 1998 2590 2065 ὀρᾷν,
2621 2000 2756 2067 μήτε
2786 1998 2891 2068 μὴν
2919 1999 3053 2070 πρὸς
3074 2000 3395 2071 ἀπέχθειαν.

2515 2174 2706 2239 ς’.,Τὸ
2737 2174 2793 2225 δὲ
2832 2174 3016 2243 μεῖξον
3064 2174 3211 2245 αὑτῷ
3242 2177 3335 2229 καὶ
3370 2176 3659 2230 ίδιαίτατον
3699 2180 3726 2231 ὁ
3758 2178 4031 2251 διάπυρος

2443 2264 2578 2333 πρὸς
2609 2266 2733 2328 τοὺς
2764 2266 3004 2334 πένητας
3055 2266 3204 2329 ἔλεος
3232 2263 3321 2338 ἦν,
3348 2268 3442 2320 καὶ
3471 2269 3534 2321 τὸ
3563 2271 3695 2340 περὶ
3726 2271 3827 2341 τὴν
3854 2272 4028 2342 θερα-

2444 2354 2607 2409 πείαν
2634 2357 2743 2410 τῶν
2767 2357 3035 2427 δεομένων
3064 2358 3341 2429 ἄπληστον
3386 2361 3478 2413 καὶ
3514 2362 3824 2429 ἀφύλακτον
3846 2404 3863 2426 ,
3930 2364 4033 2416 καὶ

2443 2450 2504 2503 τὸ
2541 2449 2673 2519 μηδὲ
2700 2450 2836 2512 ὅλως
2867 2451 3035 2517 ψειδὼ
3069 2451 3344 2506 ποιεῖσθαι
3388 2454 3687 2523 χρημάτων
3708 2493 3722 2518 ,
3753 2454 3899 2508 ὥστε
3931 2458 4033 2509 καὶ

2445 2541 2609 2593 αὑτοὺ
2638 2543 2897 2605 πολλάκις
2942 2543 3034 2596 τοῦ
3082 2546 3358 2615 πυθμένος
3411 2546 3673 2616 aeneam.
3706 2547 4035 2617 Ξενοδοχεῖα.

2446 2634 2577 2699 γοῦν
2626 2634 2720 2687 καὶ
2772 2638 3124 2705 νοσοκομεῖα,
3159 2639 3572 2708 πτωχοτροφεῖά
3614 2656 3674 2691 τε
3724 2639 3871 2708 ,πρὸς
3904 2644 4035 2703 ταῖς

2446 2726 2632 2788 ἄλλαις
2660 2727 2823 2778 αὐτοῦ
2859 2728 3134 2791 εύποιίαις
3164 2729 3514 2799 δειμάμενος,
3550 2731 3788 2796 άπὲταξε
3812 2734 4036 2793 τούτοις

2446 2819 2793 2890 καθημερινὰ
2818 2821 3122 2890 σιτηρέσια,
3152 2823 3246 2875 καὶ
3267 2823 3520 2876 τοσοῦτον
3546 2826 3696 2894 αὐτῷ
3720 2828 3783 2878 τὸ
3805 2828 3940 2897 περὶ
3962 2830 4039 2879 τά

2445 2910 2669 2962 τοιαῦτα
2728 2912 2987 2981 ἐπιμελὲς
3020 2908 3109 2981 ἦν,
3143 2913 3217 2974 ὡς
3266 2915 3361 2967 καὶ
3391 2916 3636 2981 γυναιξὶν
3668 2918 3902 2987 ἀπόροις
3942 2914 4039 2982 αἷς

2446 3000 2581 3070 πρὸς
2603 3002 2664 3053 τὸ
2686 3002 2895 3054 τίκτειν
2918 3002 3018 3054 οὐκ
3040 2998 3108 3071 ἦν
3138 3004 3480 3074 καταγώγια,
3512 3008 3631 3061 οὐδέ
3662 3026 3715 3061 τι
3746 3010 3858 3063 τῶν
3890 3011 4039 3078 πρὸς

2447 3091 2745 3159 θεραπείαν
2799 3094 3142 3163 ἐπιτηδείων,
3186 3094 3369 3159 οῖκους
3436 3099 3576 3151 ἑπτά
3633 3100 3693 3151 ὲν
3744 3099 4041 3170 διαφόροις

2396 3254 2411 3268 Ἴ
2448 3184 2718 3247 ἁποτάξαι
2771 3188 2958 3249 τόποις
2992 3187 3090 3271 τῆς
3140 3190 3373 3255 πόλεως,
3406 3191 3595 3254 κλίνας
3625 3207 3683 3243 τι
3720 3192 3817 3243 καὶ
3847 3209 4046 3261 στρω-

770 3288 901 3343 locis
938 3288 1199 3348 civitatis,
1224 3284 1575 3354 eiIeceritque
1606 3294 1663 3338 ut
1693 3285 1743 3337 in
1783 3284 1863 3339 eis
1906 3296 2089 3338 essent
2136 3284 2257 3338 lecti
2290 3294 2344 3338 et
2374 3284 2412 3303 “

2451 3278 2589 3345 μνὰς
2644 3279 2703 3329 ὲν
2736 3278 2946 3341 τούτοις
3000 3276 3140 3332 εἶναι
3187 3284 3642 3352 παρασκευάσαι,
3675 3284 3771 3335 καὶ
3808 3284 4037 3351 τροφῶν

2449 3364 2715 3435 χορηγίαν
2756 3368 2816 3420 τ’)
2862 3369 2971 3422 τῶν
2996 3370 3300 3423 τικτουσῶν
3340 3372 3551 3435 enim;
3589 3371 4034 3441 θεραπεύουσαν.

2461 3457 2584 3509 Ἐπὶ
2608 3460 2819 3521 τούτοις
2850 3459 2957 3511 τῶν
2983 3462 3297 3527 πενομένων
3321 3462 3417 3514 τοῦ
3446 3463 3651 3533 κλήρου
3688 3463 4035 3531 προμήθεια,

2450 3552 2544 3601 καὶ
2568 3551 2625 3602 τὸ
2649 3551 2864 3622 ἑκάστῳ
2892 3550 3095 3605 τούτων
3120 3555 3311 3622 ἐτήσια
3338 3557 3595 3624 χρήματα
3617 3557 3866 3626 ἐπιρρεῖν
3886 3572 3903 3586 ο
3932 3558 4039 3609 οὐκ

2449 3643 2634 3705 αὐτοῖς
2661 3643 2717 3695 δὲ
2745 3644 2948 3713 μόνοις,
2978 3644 3114 3697 άλλά
3146 3648 3239 3697 καὶ
3268 3649 3374 3697 τῶν
3400 3646 3715 3699 ἐπισκόπων
3761 3648 3909 3710 ὅσοις
3931 3649 4040 3700 οὐκ

2450 3735 2701 3803 αὐτάρκη
2746 3736 2815 3787 τὰ
2866 3737 3001 3806 πρὸς
3058 3738 3117 3789 τὸ
3176 3734 3279 3805 ζῇν
3317 3737 3581 3807 ἐτύγχανε
3632 3739 4036 3807 δαπανήματά.

2464 3824 2623 3875 Ἀλλά
2656 3824 2705 3875 τί
2736 3824 2907 3877 ταῦτα
2932 3826 3073 3895 πρὸς
3096 3827 3193 3896 τὴν
3220 3826 3463 3897 μεγάλην
3514 3827 3613 3896 τῆς
3647 3830 4038 3897 προαιρέσεως

2451 3914 2614 3967 αὐτοῦ
2649 3915 2943 3977 θάλασσαν.
2991 3920 3088 3969 καὶ
3118 3920 3178 3970 τὸ
3212 3920 3407 3986 ἀχανὲς
3438 3920 3612 3971 ἐκεῖνο
3642 3920 3886 3987 πελαγος
3933 3922 4039 3988 τῆς

2453 4007 2857 4076 χρηστότητος;
2892 4008 3080 4071 Νεῖλος
3115 4009 3222 4078 γάρ
3251 4027 3333 4072 τις
3362 4005 3431 4079 ἦν
3479 4011 3665 4076 ἔτερος
3698 4010 3920 4079 δαψιλεῖ
3954 4012 4037 4081 τῷ

2456 4099 2686 4167 ῥεύματι
2713 4100 2813 4167 τῆς
2836 4102 3224 4171 ὲλεημοσύνης,
3252 4103 3312 4154 ού
3347 4104 3445 4169 τὴν
3474 4103 3753 4170 Αἴγυπτον
3780 4102 3858 4165 ὡς
3890 4105 4039 4155 ἐκεῖ-

2454 4206 2541 4247 νος
2567 4189 2742 4257 ἄρδων
2806 4191 2998 4257 μόνην,
3042 4191 3177 4244 ἀλλα
3208 4192 3302 4243 καὶ
3352 4192 3521 4261 αὐτὴν
3561 4192 3662 4259 τὴν
3704 4194 4034 4260 σύμπασαν,

2453 4279 2527 4341 ὡς
2548 4281 2745 4345 εἰπεῖν,
2770 4283 3097 4353 περιρρέων.
3130 4283 3224 4343 Τίς
3248 4284 3354 4352 γάρ
3372 4283 3480 4335 τῶν
3504 4284 3882 4352 ἁπανταχόθεν
3912 4285 4038 4337 ἑπι-

2453 4371 2789 4441 δημούντων,
2844 4372 2960 4441 βίου
3016 4374 3292 4437 σπανίζων
3356 4374 3449 4425 καὶ
3504 4373 3653 4443 αύτῷ
3687 4375 4037 4443 προσελθὼν,

2456 4462 2671 4530 στυγνῷ
2702 4464 3001 4533 προσώπῳ,
3033 4466 3214 4526 κεναῖς
3248 4464 3517 4532 ἐπανῆλθε
3570 4466 3751 4533 χερσὶ,
3784 4467 4037 4535 και.οὑχὶ

778 4562 1160 4630 benignitatem
1193 4562 1403 4613 abunde
1432 4568 1760 4615 consecutus
1784 4559 1807 4612 7
1827 4558 1940 4613 lino
1976 4574 2103 4613 vero
2130 4562 2345 4627 quinam

2457 4555 2714 4618 πλουσίας
2739 4556 3019 4624 άπήλαυσε
3038 4560 3136 4625 τῆς
3163 4557 3527 4627 χρηστότητος
3550 4574 3564 4619 ;
3598 4558 3805 4624 μᾶλλον
3830 4559 3888 4610 δί
3913 4562 4036 4610 τίνα

776 4668 839 4707 ex
875 4654 965 4714 iis,
1004 4652 1098 4721 qui
1137 4661 1376 4719 egestate
1429 4652 1753 4705 laborabant
1805 4652 2113 4720 ubicunque
2172 4663 2343 4705 terra-

781 4762 899 4799 rum
933 4760 1054 4798 eum
1084 4760 1203 4799 esse
1236 4743 1533 4811 accepisset
1565 4784 1579 4808 ,
1619 4759 1723 4799 non
1755 4760 1817 4798 ea
1860 4745 2110 4811 prmbuit,
2142 4759 2261 4812 quae
2284 4746 2349 4797 ad

782 4850 935 4889 usuni
984 4833 1344 4887 sufficerent?
1378 4832 1511 4886 Nam
1557 4848 1679 4887 cum
1717 4843 1843 4887 tunc
1884 4835 2068 4887 Persa:
2118 4834 2351 4901 populati

779 4934 959 4979 essent
994 4924 1307 4977 universam
1338 4924 1576 4993 Syriam,
1604 4924 1695 4992 qui
1736 4940 1928 4979 eorum
1961 4941 2154 4979 manus
2199 4935 2353 4993 pote-

783 5025 906 5069 rant
934 5014 1187 5082 eliugere,
1218 5027 1271 5069 et
1297 5015 1444 5079 laici,
1472 5024 1578 5068 tam
1614 5017 1646 5069 ii
1680 5017 1768 5083 qui
1798 5017 2173 5085 magistratum
2209 5031 2356 5085 gere-

784 5108 933 5170 bant,
969 5124 1130 5175 quam
1175 5109 1391 5176 privati,
1438 5122 1493 5161 et
1540 5107 1721 5161 clerici
1753 5122 1874 5161 cum
1925 5108 2195 5176 episcopis
2233 5122 2357 5161 cou-

784 5200 995 5269 fugiuut
1025 5197 1427 5255 Alexandriam.
1459 5197 1666 5264 Quibus
1707 5199 1958 5252 omnibus
2004 5200 2155 5253 dives
2189 5202 2274 5254 ille
2305 5208 2357 5251 et

787 5291 1008 5343 minime
1052 5298 1313 5357 angustus
1346 5292 1661 5342 convivator
1685 5290 1926 5358 quotidie
1980 5292 2357 5358 suppeditabat

784 5393 903 5447 quae
926 5388 1081 5429 erant
1115 5382 1178 5427 ad
1210 5391 1365 5429 nsunt
1394 5379 1722 5439 necessaria,
1756 5392 1859 5429 non
1902 5376 1969 5430 ad
2004 5378 2355 5446 indigentium

793 5469 1059 5536 aspiciens
1110 5466 1535 5529 nmltitudinem,
1592 5479 1647 5520 ut
1689 5468 1888 5536 aliquid
1936 5468 2160 5529 faceret,
2216 5474 2357 5539 quod

786 5570 931 5613 esset
959 5558 1161 5612 sordidi
1202 5568 1255 5610 et
1299 5558 1577 5612 illiberalis
1603 5559 1791 5621 animi,
1857 5563 1951 5613 sed
1985 5565 2050 5613 ad
2094 5579 2237 5626 eum,
2268 5566 2355 5632 qtti

791 5650 967 5719 aperit
992 5665 1231 5711 manum,
1258 5658 1312 5701 et
1333 5664 1491 5701 omne
1514 5650 1711 5701 animal
1744 5651 1929 5718 implet
1962 5653 2356 5705 benedictione.

788 5744 924 5797 Cum
956 5754 1135 5796 autem
1174 5741 1488 5795 liasmiszus
1522 5741 1622 5809 (ὀὶ.
1662 5743 1767 5794 dux
1806 5747 2073 5797 exercitus
2099 5744 2357 5809 Chosroe,

860 5858 936 5925 (ὅ)
978 5855 1074 5909 Ms.
1120 5855 1292 5909 Graec.
1342 5855 1723 5919 lihusutt'ozus;
1760 5858 1983 5911 alterum
2039 5878 2138 5914 ms.
2175 5862 2349 5915 Grmr.

790 5926 1103 5981 Ilamwsus.
1151 5927 1484 5981 Describttur
1520 5929 1633 5980 lucc
1668 5926 1953 5983 Persarum
1986 5934 2255 6001 expeditio
2303 5950 2354 5986 tn

2452 4646 2561 4698 τῶν
2597 4646 2787 4706 ἐνδεῶς
2838 4648 3068 4716 ἐχόντων
3110 4648 3245 4699 ὃπου
3286 4647 3405 4699 ποτ’
3437 4647 3502 4699 ἂν
3549 4651 3643 4700 καὶ
3678 4650 3779 4713 γῆς
3818 4650 4037 4717 ὑπῆρχε

2459 4735 2669 4804 μαθὼν,
2705 4738 2805 4789 οὐκ
2834 4739 3081 4807 αὐτάρκη
3106 4739 3172 4790 τά
3204 4740 3336 4799 πρὸς
3366 4740 3463 4808 τὴν
3491 4740 3680 4807 χρείαν
3710 4740 3865 4808 αὐτῷ
3896 4758 4038 4809 παρ-

2457 4832 2581 4897 έσχε
2610 4848 2623 4895 ;
2659 4831 2883 4900 Περσῶν
2912 4832 3017 4900 γάρ
3050 4832 3109 4882 τὸ
3134 4832 3435 4898 τηνικαῦτα
3456 4832 3552 4900 τὴν
3575 4833 3761 4901 Σύρων
3787 4833 3899 4902 γῆν
3929 4836 4037 4885 πεῖ-

2460 4937 2556 4970 σαν
2608 4920 2970 4986 ληῖσαμένων,
3036 4922 3084 4972 oi
3138 4922 3236 4982 τὰς
3294 4921 3499 4973 τούτων
3531 4927 3717 4992 χεῖρας
3768 4926 4041 4991 ἐκφυγεῖν

2456 5010 2797 5078 δυνηθέντες,
2833 5012 2945 5062 ὅσοι
2975 5028 3030 5062 τε
3060 5014 3167 5064 τῶν
3199 5013 3398 5065 λαῐκῶν
3430 5008 3570 5082 ἦσαν
3600 5017 3861 5082 ἄρχοντες
3898 5019 4042 5083 ὁμοῦ

2458 5108 2551 5156 καὶ
2582 5106 2898 5172 ἀρχόμενοι,
2930 5105 3025 5155 καὶ
3048 5104 3164 5156 ὅσοι
3194 5106 3285 5156 τοῦ
3316 5106 3518 5173 κλήρου
3567 5107 3746 5166 αὐτοῖς
3808 5108 4045 5160 ἐπισκο-

2460 5215 2579 5259 ποις
2612 5198 2689 5259 είς
2728 5197 3133 5265 Ἀλεξάνδρειαν
3181 5198 3619 5264 καταφεύγουσιν
3641 5216 3654 5229 ·
3687 5193 3768 5260 οἷς
3795 5203 3972 5251 πᾶσιν
4021 5206 4049 5253 ὁ

2459 5289 2711 5349 πλούσιος
2747 5290 2948 5349 ἐκεῖνος
2989 5292 3080 5339 κ.ὶ
3112 5289 3553 5357 αστενοχώρητος
3612 5292 3886 5358 ἑστιάτωρ
3922 5294 4049 5345 ἱλα-

2464 5382 2569 5449 ρῶς
2594 5379 2711 5430 καθ’
2738 5381 2975 5447 ἑκάστην
3008 5383 3261 5452 ἐχορήγει
3308 5385 3374 5431 τα
3403 5384 3537 5449 πρὸς
3565 5383 3664 5449 τὴν
3714 5384 3932 5450 χρείαν,
3986 5388 4049 5436 οὐ

2463 5472 2601 5537 πρὸς
2623 5472 2681 5522 τὸ
2704 5471 2905 5538 πλῆθος
2935 5472 3147 5540 βλέπων
3165 5472 3270 5523 τῶν
3299 5473 3590 5541 δεομένων,
3628 5475 3712 5524 ἵνα
3740 5491 3790 5524 τι
3820 5481 3918 5526 καὶ
3960 5496 4053 5544 μι-

2464 5566 2735 5633 κρόψυχον
2785 5567 3015 5635 ύποστῇ,
3070 5566 3204 5619 ἀλλὰ
3238 5574 3369 5634 πρὸς
3414 5567 3507 5617 τὸν
3536 5568 3824 5633 ἀνοίγοντα
3887 5573 4054 5636 χεῖρα

2466 5659 2557 5707 καὶ
2588 5659 2749 5707 παντὶ
2782 5658 2905 5726 {vim
2929 5658 3176 5718 εὐδοκίας
3210 5657 3583 5723 μεταδιδόντα.
3633 5660 3968 5725 Ῥασμιόέου
3994 5663 4049 5713 δὲ

2469 5747 2561 5797 τοῦ
2596 5749 3032 5816 ἀρχιστρατήγου
3083 5748 3323 5814 Χοπρόου
3371 5750 3497 5809 τους
3545 5747 3881 5811 σεόαην-υιὶους
3936 5754 4053 5803 τών

2463 5863 2736 5917 Chronico
2782 5866 3146 5917 Alexandrino
3184 5880 3327 5917 anno
3370 5864 3603 5917 lleraclii
3648 5880 3699 5916 tv
3729 5886 3747 5925 ς
3777 5882 3804 5917 a
3871 5868 4053 5923 Theo—

2469 5934 2643 6000 pltanc
2675 5935 2766 5987 lib.
2802 5951 2950 5997 ιιίιι,
2985 5949 3105 6000 τεῳ.
3141 5935 3192 5998 ὃ,
3229 5951 3335 5988 nun
3364 5949 3641 5989 nominato
3670 5941 3805 5989 dum:
3837 5953 4051 5993 excru-
