4154 6490
156 472 241 528 an;
1107 467 1270 523 '-.'l":‘A
1319 468 1373 523 ς.
1424 466 1690 524 JOANA‘

1796 465 2365 522 l‘nglIMOSYNAllI
2388 465 2427 523 l.

3288 465 3392 528 932

158 580 511 650 ιερνπίλύμων
540 580 735 639 τόπους
772 578 1078 647 inti-332ml;
1110 594 1167 628 τε
1197 577 1287 628 καὶ
1311 577 1693 645 ἐκπορθήσαν-

1805 587 2069 628 vastasset
2096 586 2149 628 ct
2179 577 2531 642 depopulatus
2577 585 2721 629 esset
2758 576 3069 630 veneranda
3113 578 3226 633 loca
3272 580 3392 636 Ilie-

131 692 205 733 τος
228 715 240 732 ,
272 674 394 722 ἐπεὶ
426 671 582 721 τοῦτο
624 671 854 737 ἤκουσεν
900 672 927 720 ὁ
959 668 1051 720 τοῦ
1088 669 1223 719 Θεοῦ
1256 668 1566 736 ἅνθρωπος,
1599 669 1694 720 καὶ

132 766 195 825 ὡς
218 766 387 814 πάντα
421 762 487 812 τὰ
518 760 647 825 ἆγια
680 761 812 826 πυρὶ
841 759 1136 826 παρεδόθη,
1167 758 1354 827 θρηνεῖ
1389 758 1486 827 μὲν
1506 759 1695 825 ἐπίσης

142 855 369 922 Ἰερεμῖα
390 853 451 902 τὸ
486 850 727 916 γεγονὸς,
752 850 810 900 οὐ
852 849 1011 917 μέχρι
1039 848 1093 900 δὲ
1114 848 1302 900 τούτου
1324 850 1383 900 τὸ
1414 850 1697 917 συμπαθὲς

134 948 319 1013 ἵστησι.
343 942 666 1010 Κτήσιππὸν
688 958 808 991 τινα
840 941 1059 1006 θεοφιλῆ
1081 941 1364 1009 ἄνθρωπον
1380 942 1695 994 ἀποστέλλει

132 1037 336 1105 χρυσίον
366 1033 514 1103 αὐτῷ
536 1033 726 1101 συχνὸν
762 1031 1071 1102 ἐγχειρίσας
1098 1072 1111 1095 ,
1140 1033 1283 1083 σῖτόν
1299 1050 1355 1083 τε
1379 1034 1470 1085 καὶ
1492 1035 1696 1103 τροφὰς

140 1129 315 1197 ἐτέρας
350 1130 443 1178 καὶ
468 1125 809 1192 περιϐόλαια,
857 1125 951 1174 καὶ
992 1123 1123 1192 πρὸς
1166 1123 1266 1192 τὴν
1308 1124 1488 1176 αὐτῶν
1532 1141 1696 1193 μετα-

135 1219 343 1287 κομιὸὴν
370 1214 646 1283 ὑποζύγια
688 1215 1005 1283 πάμπολλα,
1044 1214 1178 1283 ὁμοῦ
1214 1215 1313 1283 μὲν
1346 1217 1443 1271 τὴν
1468 1216 1693 1285 ἐρήμω-

137 1330 208 1363 σιν
233 1310 601 1377 κατοψόμενον
629 1349 642 1370 ,
666 1309 800 1375 ὁμοῦ
834 1308 889 1360 δὲ
930 1308 1055 1368 τοὺς
1087 1308 1150 1358 ὲκ
1190 1308 1284 1374 τῆς
1321 1306 1696 1375 αἰχμαλωσίας

137 1401 570 1471 περιλειφθέντας
606 1398 807 1461 ἱκανῶς
845 1398 933 1450 διὰ
961 1397 1069 1449 τῶν
1094 1397 1404 1467 εΞρημένων
1450 1398 1694 1467 ἀνακτηο

137 1494 361 1559 σὸμενον.
422 1492 562 1561 Πρὸς
621 1491 794 1559 τούτῳ
845 1490 935 1542 καὶ
991 1489 1263 1558 Θεόδωρον
1334 1488 1695 1557 Ἀμαθοῦντος·

136 1586 438 1645 ἐπίσκοπον,
476 1585 567 1635 καὶ
628 1583 973 1635 ’Λναστάσιον
1019 1583 1110 1633 τὸν
1154 1580 1248 1633 τοῦ
1280 1581 1439 1650 ὅρους
1471 1580 1565 1634 τοῦ
1601 1600 1695 1651 με·

135 1676 283 1741 γάλου
314 1674 727 1744 καθηγούμενον
773 1673 1080 1741 Ἀντωνίου,
1114 1672 1207 1724 καὶ
1238 1672 1542 1742 Γρηγόριον
1580 1672 1693 1725 Ῥι-

134 1764 493 1833 νοκουρούρων
519 1764 835 1825 ἐπίσκοπον,
868 1763 959 1813 ἐπὶ
988 1762 1255 1832 ἀναλήψει
1278 1763 1384 1815 τῶν
1410 1763 1691 1832 αἰχμαλω-

138 1856 415 1908 τισθέντων
480 1856 753 1924 ἐκπέμπει
780 1897 791 1915 ,

138 1947 559 2015 παρασχόμενος.

864 1856 1087 1923 χρυσίον
1153 1856 1252 1907 οὐκ
1322 1855 1691 1925 εὐαρίθμητον

1805 668 2251 736 rosulynturum;
2313 678 2592 736 postquam
2658 669 2759 721 hoc
2821 671 3025 723 audivit
3078 670 3241 724 homo
3298 675 3385 727 ille

1804 746 2019 822 Dei,vet
2053 762 2193 825 quod
2247 758 2425 810 omnia
2476 771 2661 812 sancta
2721 758 2952 812 fuissent
3009 762 3114 828 igni
3167 765 3385 827 ttadita,

1799 849 1960 903 deﬂet
2000 850 2249 916 quidem,
2287 866 2389 903 non
2433 864 2591 904 secus
2618 862 2778 919 alque
2819 852 3116 917 Jeremins,
3154 855 3203 909 id
3240 858 3384 924 quod

1802 938 2000 991 factum
2048 938 2259 991 fuerat:
2307 955 2409 992 nou
2456 941 2717 995 hactenus
2752 955 2929 997 autem
2973 947 3220 997 constitit
3268 946 3384 1012 ejus

1800 1030 2223 1091 commiseratio,
2250 1032 2339 1083 sed
2367 1034 2526 1083 mittit
2560 1033 2723 1086 etiam
2748 1034 3059 1103 Cctsippum
3084 1035 3161 1105 (4)
3192 1052 3383 1105 quent-

1800 1124 1945 1183 dam,
1985 1126 2157 1175 virum
2183 1124 2353 1190 pium,
2378 1125 2598 1179 tradens
2620 1125 2667 1178 ei
2696 1126 2923 1178 multum
2958 1128 3096 1190 auri,
3130 1126 3378 1181 frumen-

1802 1226 2018 1283 tumque
2071 1226 2123 1269 et
2167 1216 2271 1267 alia
2313 1215 2566 1268 alimenta
2622 1227 2677 1270 et
2729 1217 3073 1281 indumenta,
3121 1228 3175 1273 et
3219 1221 3283 1273 ad
3316 1235 3379 1273 ea

1800 1306 2042 1357 vehenda
2074 1305 2313 1371 jumenta
2345 1305 2575 1372 plurima
2604 1323 2616 1358 :
2662 1315 2773 1359 tum
2813 1316 2870 1359 ut
2908 1309 3176 1375 aspiceret
3209 1311 3379 1364 vaSIi-

1799 1406 1985 1457 tatem,
2020 1396 2343 1459 tumeliam,
2380 1406 2439 1449 ut
2477 1412 2570 1450 eos
2599 1397 2690 1463 qui
2725 1407 3095 1452 remanserant
3120 1413 3183 1453 ex
3211 1404 3383 1468 capti-

1798 1487 1986 1547 vitate,
2027 1489 2158 1541 satis
2203 1504 2296 1555 per
2336 1503 2397 1541 ea
2446 1502 2567 1555 qua:
2613 1489 2757 1541 dicta
2789 1488 3035 1551 fuerunt,
3086 1503 3378 1550 recrearet.

1804 1579 2077 1631 Praeterea
2130 1590 2308 1632 autem
2364 1578 2707 1632 Theodorum
2766 1595 2981 1648 quoque
3036 1584 3381 1637 Amathuutis

1796 1671 2106 1736 episcopum
2132 1709 2145 1731 ,
2192 1679 2247 1721 et
2277 1670 2619 1721 Anastasium
2675 1670 2986 1737 praefectum
3021 1676 3196 1741 magni
3230 1690 3380 1727 mou-

1798 1760 1865 1811 tis
1910 1760 2128 1812 Antonii
2171 1760 2247 1827 (5)
2278 1801 2291 1821 ,
2333 1772 2385 1811 et
2418 1759 2736 1827 Gregorium
2786 1763 3097 1831 episcopum
3137 1763 3376 1818 Rinocu-

1798 1866 1979 1903 rorutn
2009 1850 2109 1919 (6),
2144 1851 2342 1903 emittit
2380 1854 2442 1904 ad
2484 1865 2575 1905 eos
2616 1853 2983 1920 recipiendos.
3025 1856 3115 1922 qui
3160 1856 3378 1909 abducti

1729 1929 1765 1977 Β
1802 1944 2014 1995 fuerant
2062 1944 2114 1995 itt
2161 1944 2559 2009 captivitatem,
2609 1943 2713 1995 vim
2762 1944 2879 1998 auri
2922 1946 3170 2015 praebens
3214 1962 3381 2017 prope

1805 2034 2278 2089 innttttterabileut.

1585 2149 1815 2203 CAPUT
1853 2152 1911 2202 ll.

1220 2243 1379 2298 i'aria
1403 2246 1781 2299 misrrirordiw
1816 2264 1969 2313 opera
1994 2252 2253 2301 exim-itu.

196 2369 260 2419 ΖΠ
295 2365 415 2427 HJ);
446 2366 491 2419 δ’
532 2367 595 2418 ἄν
620 2384 701 2429 τις
738 2366 894 2418 τοῦτο
939 2367 1117 2435 σιωπῇ
1153 2364 1443 2434 παραδοίη,
1470 2364 1564 2416 καὶ
1616 2366 1690 2433 μὴ

139 2461 317 2524 μᾶλλον
367 2462 560 2519 ἀκοαῖς
621 2460 1011 2526 εὐσπλάγχνων
1070 2459 1355 2527 χαρίσαιτο
1408 2456 1474 2508 δι’
1505 2457 1689 2518 αὐτοῦ,

136 2550 216 2601 ᾶτε
239 2552 329 2601 καὶ
353 2550 516 2601 πλέον
536 2550 889 2618 διασημαῖνον
919 2549 979 2600 τὸ
1012 2551 1137 2619 περί
1169 2548 1265 2617 τὴν
1319 2548 1691 2616 ἐλεημοσύνην

137 2638 212 2689 τοῦ
237 2640 427 2708 ἀνδρὸς
489 2640 913 2709 ὲπιμελέστατον
970 2640 1064 2691 καὶ
1118 2639 1483 2709 θερμότατον,
1541 2639 1692 2708 Ἅμα

137 2732 227 2801 γὰρ
281 2731 360 2799 τῷ
412 2732 767 2799 πιστευθῆναι
820 2733 916 2799 τὴν
968 2730 1398 2801 ἀρχιερωσύνην,
1455 2748 1693 2797 μετακαο

138 2823 414 2892 λεσὰμενος
434 2826 562 2885 τοὺς
590 2825 687 2885 τὰς
705 2824 997 2890 ἐκκλησίας
1020 2823 1456 2891 οἱκονομούντας,
1473 2821 1696 2874 ἀκουόν-

136 2929 227 2963 των
258 2915 390 2981 ὁμοῦ
423 2916 520 2967 καὶ
550 2914 660 2966 τῶν
704 2912 797 2966 τοῦ
829 2914 1121 2982 σεκρέτου·
1160 2914 1234 2965 Οὐ
1262 2913 1489 2975 δίκαιον,
1523 2909 1693 2977 εἶπεν,

138 3003 336 3069 ἁδελιροί
367 3021 426 3055 τε
451 3005 546 3056 καὶ
570 3004 995 3072 συλλειτουργοὶ,
1026 3002 1209 3071 ἕτερόν
1235 3018 1286 3053 τι
1312 3000 1417 3070 πρδ
1444 2999 1536 3053 τοῦ
1560 3001 1694 3069 Χρι-

140 3093 247 3145 στοῦ
278 3094 363 3147 δια
424 3094 703 3164 φροντίδος
740 3095 884 3162 ἡμᾶς
932 3092 1279 3161 ποιήσασθαι.
1327 3090 1538 3143 Οὐκοῦν
1592 3091 1695 3142 ἀνὰ

142 3187 297 3238 πᾶσαν
322 3185 683 3255 πορευθέντες
702 3186 800 3255 τὴν
832 3186 986 3237 πόλιν
1012 3184 1131 3236 καθ’
1167 3184 1261 3236 ἕνα
1288 3183 1351 3253 δὴ
1381 3183 1505 3243 τοὺς
1531 3184 1696 3250 ἐμοὺς

141 3278 517 3346 ἀπογράψασθε
550 3278 834 3339 δεσπότας.
895 3278 1015 3328 Τῶν
1071 3277 1127 3328 δὲ
1171 3276 1263 3327 ἐπὶ
1296 3274 1538 3345 τῷλόγῳ
1582 3274 1697 3326 δια-

140 3372 505 3438 πορουμένων,
542 3372 634 3420 καὶ
692 3372 834 3431 τίνες
864 3370 929 3420 ἂν
957 3365 1067 3419 εἶεν
1099 3369 1147 3420 οἱ
1201 3366 1298 3419 τοῦ
1354 3366 1694 3435 πατριάρχου

139 3458 374 3512 δεσπόται
400 3460 937 3527 διαπυνθανομένων.
967 3456 1074 3520 υῦς
1102 3460 1277 3525 ὑμεῖς,
1304 3454 1428 3524 ἔφη,
1463 3455 1695 3523 πένητας

142 3555 217 3602 καὶ
241 3554 537 3621 προσαίτας
562 3550 743 3603 καλεῖν
764 3550 1010 3611 εἰώθατε,
1038 3548 1259 3611 τούτους
1292 3544 1402 3612 ἐγὼ
1432 3545 1697 3607 δεσπότας

1872 2364 1978 2417 \‘ll.
2009 2366 2474 2430 Quemadmodum
2513 2376 2694 2420 autem
2728 2368 2831 2424 hoc
2859 2369 3128 2438 quispiam
3158 2370 3379 2423 manda.

1798 2459 1867 2510 rit
1907 2458 2153 2519 silentio,
2201 2468 2255 2510 et
2302 2474 2406 2509 non
2456 2460 2632 2524 potius
2682 2460 3112 2514 misericordium
3158 2461 3379 2516 auribus

1796 2566 1891 2617 per
1930 2550 2106 2615 ipsum
2144 2550 2309 2600 fuerit
2344 2548 2695 2616 gratiﬁcatus,
2736 2560 2787 2601 ut
2826 2550 2970 2617 quod
3009 2552 3180 2620 magis
3213 2552 3380 2621 signi-

1799 2639 1953 2701 ticet,
1988 2652 2147 2705 quam
2182 2640 2227 2689 is
2275 2637 2325 2690 in
2363 2638 2704 2706 eleemosyua
2739 2638 2893 2707 longe
2931 2637 3377 2707 diligentissimus

1797 2728 1957 2781 fuerit
1996 2740 2049 2780 et
2093 2728 2646 2781 vehementissimus?
2676 2726 2808 2781 Nam
2837 2744 2960 2782 cum
2999 2728 3229 2796 primum
3256 2729 3377 2797 ejus

1797 2820 1917 2873 lidei
1959 2820 2195 2873 creditus
2233 2819 2421 2872 fuisset
2453 2819 2821 2887 pontificatus,
2859 2819 2925 2873 iis
2968 2819 3251 2873 accersitis
3285 2820 3375 2887 qui

1799 2928 1882 2966 res
1921 2912 2175 2966 Ecclesiae
2210 2912 2616 2978 dispensaltaut,
2659 2912 2723 2965 iis
2761 2914 2923 2967 etiam
2955 2913 3112 2966 simul
3153 2912 3375 2966 audien-

1805 2988 1953 3056 tibus
1984 3004 2075 3069 qui
2113 3009 2269 3055 erant
2304 3015 2333 3051 a
2361 3015 2606 3053 secreto:
2642 3000 2755 3054 Non
2794 3012 2897 3064 est,
2930 3004 3119 3071 inquit,
3144 3004 3374 3072 justum,

1797 3109 1828 3148 ο
1874 3096 2072 3148 fratres
2127 3105 2181 3148 et
2212 3095 2262 3146 in
2305 3093 2605 3147 ministerio
2644 3097 2809 3159 socii,
2858 3096 3015 3148 ullius
3050 3096 3270 3149 alterius
3300 3097 3376 3149 rei

1798 3203 1981 3243 curam
2025 3201 2213 3257 gerere
2254 3186 2433 3253 prius,
2472 3201 2631 3254 quam
2685 3186 2906 3239 Christi.
2954 3187 3158 3241 Euntes
3190 3186 3371 3254 itaque

1800 3295 1892 3347 per
1939 3287 2103 3331 tutam
2150 3278 2463 3343 civitatem,
2518 3278 2826 3345 singulatim
2876 3277 3172 3331 describite
3227 3292 3376 3329 meus

1799 3372 2067 3423 dominos.
2111 3370 2241 3422 Cum
2275 3382 2459 3423 autem
2508 3370 2614 3434 illi,
2652 3380 2935 3436 postquam
2983 3369 3083 3422 hoc
3125 3368 3374 3431 dixisset,

1801 3462 2139 3524 dubitarent,
2184 3472 2237 3515 et
2269 3463 2490 3529 quinam
2535 3471 2718 3515 essent
2774 3460 3095 3527 patriarcha:
3143 3459 3370 3519 domini,

1804 3556 2241 3620 interrogarent,
2281 3552 2429 3617 Quos
2474 3566 2587 3614 vos,
2642 3550 2779 3602 dixit
2826 3549 2946 3613 ille,
2989 3564 3250 3617 pauperes
3324 3557 3377 3601 et

140 3641 256 3709 ὁμοῦ
283 3644 375 3695 καὶ
398 3641 776 3710 συλλήπτορας
816 3639 1085 3709 ὀνομάζω.
1116 3639 1283 3691 Αὐτοὶ
1318 3637 1424 3707 γάρ
1479 3652 1570 3705 μοι
1603 3636 1692 3688 καὶ

1799 3646 2075 3698 ιιιιιιιιιίοοε
2107 3644 2292 3696 soletis
2323 3642 2594 3712 appellare
2616 3683 2631 3706 ,
2667 3657 2762 3695 eos
2813 3655 2910 3709 ego
2948 3640 3193 3713 dominos
3227 3655 3376 3695 meos

146 3736 275 3799 μόνοι
304 3733 541 3787 δύναιντ’
569 3733 635 3786 ἂν
655 3732 1011 3785 συλλαϐέσθαι
1046 3731 1179 3799 πρὸς
1211 3730 1268 3783 τὸ
1292 3729 1387 3797 τῆς
1424 3727 1693 3797 βασιλείας

144 3824 355 3892 Χριστοῦ
406 3826 485 3895 μὴ
528 3825 872 3894 διαμαρτεῖν.
936 3824 1020 3884 Ὠς
1054 3823 1110 3874 δὲ
1172 3826 1309 3891 ταχὺ
1367 3820 1588 3889 γεγονὸς
1637 3822 1696 3871 τὸ

144 3917 467 3986 προσταχθὲν
492 3916 808 3983 κατενόησε,
836 3914 930 3967 καὶ
949 3914 1027 3975 είς
1056 3911 1494 3981 ἑπτακισχιλίους
1524 3912 1696 3963 ᾶπαν-

143 4022 225 4068 τας
250 4007 384 4078 πρὸς
419 4009 532 4069 τοῖς
569 4007 945 4068 πεντακοσίοις
1010 4002 1437 4074 ἀριθμηθέντας,
1476 4002 1691 4072 ἑκάστῳ

144 4098 327 4150 τούτων
363 4099 653 4151 ἐκέλευσεν
713 4097 1020 4167 ἡμερησίαν
1074 4094 1409 4164 παρέχεσθαι
1466 4093 1562 4163 τὴν
1607 4092 1697 4144 δα-

146 4191 319 4257 πανην.

204 4280 276 4329 Η·.
306 4278 442 4332 Μετ’
466 4278 644 4329 ἐκεῖνο
668 4275 989 4344 σπούδασμα
1021 4272 1113 4326 τοῦ
1155 4274 1348 4343 ἀνδρὸς
1372 4273 1603 4340 γίνεται,
1634 4273 1693 4323 τὸ

146 4366 346 4431 δικαίοις
376 4368 567 4435 ζυγοῖς
595 4370 691 4421 καὶ
723 4368 981 4435 σταθμοῖς
1012 4365 1248 4436 χρῆσθαι
1304 4366 1427 4427 τοὺς
1457 4366 1523 4416 τὰ
1563 4364 1695 4415 ὥνια

147 4460 437 4522 πωλοῦντας
491 4462 634 4511 κατὰ
678 4459 776 4526 τὴν
809 4460 907 4526 τῆς
938 4458 1144 4520 πόλεως
1179 4458 1406 4525 ἀγορὰν,
1432 4456 1459 4507 ὃ
1494 4456 1577 4524 δὴκ
1602 4458 1696 4507 καὶ

146 4547 199 4598 δι’
231 4550 521 4619 ἐγγράφων
557 4548 915 4618 προθεμάτων
954 4546 1309 4617 κατώρθωται
1356 4546 1433 4616 τῷ
1479 4546 1690 4615 δικαίῳ·

148 4640 224 4689 καὶ
261 4642 415 4693 τοῦτο
456 4640 515 4692 δὲ
551 4638 709 4710 ἔργον
757 4640 966 4693 ἐκείνου
993 4680 1008 4705 ,
1039 4640 1178 4691 κατὰ
1210 4638 1408 4708 πολλὴν
1440 4638 1695 4706 πρόνοιαν

146 4731 236 4779 τῶν
280 4732 657 4799 ἀδικουμένων
698 4732 1009 4800 γενόμενον.
1054 4728 1258 4783 Μαθὼν
1309 4731 1414 4797 γὰρ
1466 4729 1693 4791 πολλοὺς

149 4822 273 4889 αὐτῷ
302 4823 631 4891 προσελθεῖν
675 4822 966 4891 μέλλοντας
996 4824 1090 4873 καὶ
1141 4820 1265 4888 περὶ
1298 4814 1371 4873 ὧν
1412 4820 1693 4890 ἠδίκηνται

147 4912 397 4983 δεηθῆναι,
429 4915 712 4984 εἴργεσθαι
768 4914 919 4984 παρὰ
967 4912 1074 4965 τῶν
1110 4912 1390 4979 ἑπομένων
1438 4912 1586 4981 αὐτῷ
1636 4913 1688 4963 τί

150 5006 421 5069 ποιεῖ;Δύο
450 5007 553 5074 τῆς
583 5005 871 5074 ἑὸδομάδος
897 5004 1170 5068 ἀποτάξας
1202 5005 1436 5074 ἡμέρας,
1461 5004 1687 5075 τετράδα

150 5098 289 5164 φημὶ,
342 5100 435 5150 καὶ
486 5098 870 5166 Παρασκευὴν,
930 5098 986 5149 ἐν
1024 5096 1244 5159 ταύταις
1296 5098 1445 5164 παρὰ
1492 5097 1559 5148 τὰ
1598 5096 1690 5147 τοῦ

148 5188 255 5240 ναοῦ
289 5190 605 5260 προπύλαια
664 5190 1045 5258 καθεζόμενος,
1110 5190 1271 5240 παντὶ
1324 5187 1401 5257 τῷ
1452 5190 1691 5257 ἐντυχεῖν

150 5277 431 5352 βουλομένῳ
472 5283 664 5344 ἄνετος
708 5278 776 5353 ἦν
827 5284 917 5334 καὶ
965 5282 1304 5352 εὐπρόσιτος,
1357 5280 1531 5343 ἐνίους
1581 5279 1692 5331 τῶν

150 5448 255 5496 ius;
289 5453 364 5496 :tst
391 5445 459 5496 ab
489 5444 591 5494 hoc
615 5456 731 5507 cap.
764 5441 833 5495 55
855 5456 1081 5494 vocatur
1109 5439 1471 5494 Sarbaraznn.
1515 5438 1691 5493 Theo-

151 5512 350 5579 pltutteAt
419 5513 671 5579 sequitur
737 5511 1057 5577 Cedrenus;
1121 5516 1261 5577 apud
1328 5525 1466 5579 quos
1545 5511 1688 5563 nulla

153 5578 386 5635 Rasmiszi
423 5578 655 5635 mentio.

207 5650 274 5714 μ)
313 5652 509 5703 Suritts
535 5649 865 5718 Cratippum,
906 5650 1172 5705 Baronius
1210 5665 1300 5704 att.
1348 5649 1471 5714 6H,
1517 5666 1570 5703 tt.
1600 5648 1689 5712 15,

154 5714 469 5786 Chrysippum
502 5714 695 5774 vocat.
814 5742 817 5745 ‘

206 5790 271 5859 (5t
313 5791 383 5844 De
415 5803 616 5843 montis
646 5790 806 5859 hujus
831 5790 932 5844 situ
957 5802 1135 5843 actum
1168 5800 1250 5845 est
1288 5806 1394 5843 xm
1425 5788 1690 5851 Januarii,

151 5859 201 5909 ntl
226 5857 275 5912 γι
304 5875 384 5914 aut
423 5861 486 5917 S.
524 5857 743 5916 Antonii
789 5859 817 5930 ᾗ
864 5860 897 5913 2
944 5862 997 5915 itt
1042 5859 1339 5932 Prolegom.
1388 5860 1465 5915 De
1507 5861 1695 5927 Primis

1796 3736 2135 3801 etadjutores
2159 3736 2397 3787 nomino.
2433 3732 2564 3786 Nam
2590 3733 2625 3786 li
2662 3732 2761 3786 soli
2802 3732 2927 3784 mihi
2956 3740 3179 3799 possunt
3212 3746 3370 3799 opem

1798 3826 1975 3887 ferre,
2023 3836 2078 3877 ut
2117 3842 2144 3878 a
2187 3825 2383 3880 Christi
2426 3840 2592 3893 regno
2634 3839 2738 3878 non
2776 3824 3045 3876 excidam.
3082 3821 3373 3891 Postquam

1797 3930 1975 3971 autem
2021 3918 2131 3970 cito
2174 3918 2373 3970 tactum
2413 3917 2587 3970 fuerat
2619 3916 2760 3983 quod
2798 3915 3074 3983 jusserat,
3109 3915 3377 3968 intellexit

1796 4023 2003 4068 omnes,
2043 4008 2132 4075 qui
2166 4008 2432 4060 numerati
2464 4007 2701 4070 fuerant,
2731 4006 2952 4060 efﬁcere
2978 4016 3184 4073 septem
3208 4005 3373 4057 millia

1795 4110 1850 4151 et
1914 4100 2269 4166 quingentos,
2338 4108 2390 4151 et
2447 4098 2609 4167 jussit
2667 4095 2959 4163 unicuique
3020 4111 3209 4149 eorum
3255 4096 3374 4149 dari

1798 4197 2064 4255 sumptum
2103 4189 2380 4241 diurnum.

1866 4277 1996 4330 \‘lll.
2041 4277 2167 4330 Post
2213 4278 2327 4330 ha-c
2363 4292 2516 4329 suum
2561 4277 2830 4330 convertit
2861 4276 3100 4329 studium
3144 4277 3210 4329 atl
3247 4277 3374 4341 hoc,

1796 4378 1854 4421 ut
1883 4369 2043 4436 justis
2066 4368 2391 4434 ponderibus
2414 4376 2468 4419 et
2495 4369 2764 4420 mensuris
2793 4376 3093 4430 uterentur,
3128 4368 3216 4433 qtti
3248 4382 3375 4421 ren-

1794 4460 1989 4511 debaut
2042 4459 2090 4509 iu
2130 4458 2368 4511 civitate.
2404 4458 2552 4522 Quod
2587 4460 2799 4523 quidem
2842 4458 3069 4525 pulchre
3116 4460 3240 4511 terit
3294 4462 3376 4512 vir

1790 4551 1990 4617 justus,
2031 4550 2244 4618 publice
2278 4549 2605 4617 prmscriptis
2644 4549 2856 4602 edictis.
2901 4549 3069 4603 Porro
3107 4565 3233 4602 vero
3273 4551 3374 4605 hoc

1795 4658 2014 4712 quoque
2058 4644 2123 4693 ab
2175 4641 2264 4693 illo
2303 4641 2503 4691 factum
2552 4649 2663 4701 est,
2708 4642 2850 4709 quod
2894 4655 3141 4705 magnam
3184 4656 3371 4694 curam

1796 4736 2017 4800 gerebat
2065 4747 2281 4791 eorum,
2334 4730 2531 4796 quibus
2581 4731 2743 4781 [iebat
2800 4730 3014 4797 injuria.
3070 4728 3204 4781 Nam
3247 4746 3369 4783 cunt

1799 4828 2093 4893 accepisset
2128 4825 2327 4876 multus
2358 4823 2422 4874 ad
2453 4838 2573 4874 eum
2606 4837 2944 4886 accessuros,
2973 4832 3026 4875 et
3057 4825 3121 4876 de
3154 4824 3221 4876 iis
3252 4838 3371 4891 quae

1800 4918 1903 4971 illis
1937 4918 2091 4970 facta:
2122 4915 2333 4968 fuerant
2371 4914 2576 4980 injuriis
2615 4915 3040 4981 suitplicaturos,
3081 4916 3149 4966 ab
3184 4914 3247 4973 iis
3277 4913 3370 4981 qui

1799 5010 1969 5075 ipsum
1997 5006 2381 5072 sequebantur,
2407 5004 2611 5067 arceri;
2645 5003 2771 5070 quid
2795 5002 2962 5055 furit?
2993 5002 3208 5055 Duobus
3238 5003 3369 5053 lteb-

1798 5099 2039 5152 duntathe
2073 5098 2381 5149 constitutis
2413 5094 2622 5157 tlielttts,
2653 5107 2871 5163 quarto,
2905 5096 3145 5163 inquam,
3183 5096 3291 5157 die,
3316 5104 3371 5146 et

1796 5190 1881 5242 die
1910 5188 2253 5250 Parasceves,
2285 5188 2476 5241 sedens
2505 5187 2556 5239 in
2592 5187 2775 5254 templi
2811 5188 3128 5251 porticibus,
3159 5202 3217 5239 se
3247 5186 3369 5238 cui-

1797 5281 1927 5333 libet
1959 5278 2155 5331 volenti
2183 5277 2452 5345 pra'bebat
2485 5278 2820 5340 adeundum,
2870 5276 3154 5330 nonnullos
3196 5291 3262 5330 ex
3303 5276 3369 5329 iis

1792 5440 2196 5521 Stthessoribus
2224 5448 2276 5492 et
2308 5431 2597 5491 abbatibus
2637 5453 2731 5491 seu
2774 5433 3047 5505 pmfectis
3092 5445 3366 5490 monaste-

1797 5510 2385 5647 rnté)5liltittocorttra,
2420 5578 2530 5632 sive
2564 5576 2949 5638 Rhinocolura,
2985 5572 3111 5627 urbs
3145 5573 3195 5626 in
3225 5589 3357 5629 con-

1796 5649 1925 5721 finio
1967 5648 2279 5721 Αέδεγμιι-οι
2311 5647 2496 5721 Syriae,
2540 5657 2596 5721 ut
2627 5648 2891 5721 pluribus
2911 5648 3117 5721 dictum
3160 5652 3361 5721 _est_xvt

1795 5719 2016 5772 Jattttar.
2052 5716 2115 5769 atl
2164 5716 2335 5769 Vitam
2375 5716 2431 5771 S.
2469 5718 2639 5781 Mclzt',
2686 5718 2801 5771 sive
2846 5716 3091 5779 Melanis,
3128 5716 3361 5779 ejusdem

1798 5790 1948 5843 urbis
1984 5790 2241 5858 episcopi.
