  <div class='ocr_page' id='page_1' title='image "/cluster/home/n/w/nwhite01/storage/ocr_20150623/114/nnc1.0046980210/465.png"; bbox 0 0 4154 6490; ppageno 0'>
   <div class='ocr_carea' id='block_1_1' title="bbox 763 454 868 516">
    <p class='ocr_par' dir='ltr' id='par_1_1' title="bbox 763 454 868 516">
     <span class='ocr_line' id='line_1_1' title="bbox 763 454 868 516; baseline 0.038 -4"><span class='ocrx_word' id='word_1_1' title='bbox 763 454 868 516; x_wconf 79' lang='lat'><strong>903</strong></span> 
     </span>
    </p>
   </div>
   <div class='ocr_carea' id='block_1_2' title="bbox 1977 441 2764 506">
    <p class='ocr_par' dir='ltr' id='par_1_2' title="bbox 1977 441 2764 506">
     <span class='ocr_line' id='line_1_2' title="bbox 1977 441 2764 506; baseline 0.003 -3"><span class='ocrx_word' id='word_1_2' title='bbox 1977 441 2261 504; x_wconf 82' lang='lat' dir='ltr'><strong>MENSIS</strong></span> <span class='ocrx_word' id='word_1_3' title='bbox 2305 443 2764 506; x_wconf 82' lang='lat' dir='ltr'><strong>JANUARIUS.</strong></span> 
     </span>
    </p>
   </div>
   <div class='ocr_carea' id='block_1_3' title="bbox 3940 441 4055 502">
    <p class='ocr_par' dir='ltr' id='par_1_3' title="bbox 3940 441 4055 502">
     <span class='ocr_line' id='line_1_3' title="bbox 3940 441 4055 502; baseline -0.017 1"><span class='ocrx_word' id='word_1_4' title='bbox 3940 441 4055 502; x_wconf 64' lang='lat'><strong>904</strong></span> 
     </span>
    </p>
   </div>
   <div class='ocr_carea' id='block_1_4' title="bbox 771 543 2358 632">
    <p class='ocr_par' dir='ltr' id='par_1_4' title="bbox 771 553 2348 632">
     <span class='ocr_line' id='line_1_4' title="bbox 771 553 2348 632; baseline -0.007 -17"><span class='ocrx_word' id='word_1_5' title='bbox 771 579 860 632; x_wconf 93' lang='lat' dir='ltr'><strong>qm</strong></span> <span class='ocrx_word' id='word_1_6' title='bbox 911 571 1064 615; x_wconf 85' lang='lat' dir='ltr'><strong>erant</strong></span> <span class='ocrx_word' id='word_1_7' title='bbox 1093 563 1293 611; x_wconf 86' lang='lat' dir='ltr'><strong>virtute</strong></span> <span class='ocrx_word' id='word_1_8' title='bbox 1325 557 1585 626; x_wconf 78' lang='lat' dir='ltr'><strong>insignes,</strong></span> <span class='ocrx_word' id='word_1_9' title='bbox 1617 556 1825 608; x_wconf 88' lang='lat' dir='ltr'><strong>habens</strong></span> <span class='ocrx_word' id='word_1_10' title='bbox 1852 567 2036 608; x_wconf 87' lang='lat' dir='ltr'><strong>secum</strong></span> <span class='ocrx_word' id='word_1_11' title='bbox 2067 553 2348 607; x_wconf 82' lang='lat' dir='ltr'><strong>conliden-</strong></span> 
     </span>
    </p>
   </div>
   <div class='ocr_carea' id='block_1_5' title="bbox 2463 543 4062 632">
    <p class='ocr_par' dir='ltr' id='par_1_5' title="bbox 2463 543 4062 623">
     <span class='ocr_line' id='line_1_5' title="bbox 2463 543 4062 623; baseline -0.004 -19"><span class='ocrx_word' id='word_1_12' title='bbox 2463 552 2544 604; x_wconf 76' lang='grc' dir='ltr'><strong>ἐπ’</strong></span> <span class='ocrx_word' id='word_1_13' title='bbox 2574 553 2742 622; x_wconf 81' lang='grc' dir='ltr'>ἀρετῇ</span> <span class='ocrx_word' id='word_1_14' title='bbox 2775 553 3062 623; x_wconf 78' lang='grc' dir='ltr'><strong>διασήμων</strong></span> <span class='ocrx_word' id='word_1_15' title='bbox 3100 553 3241 622; x_wconf 76' lang='grc' dir='ltr'>ἔχων</span> <span class='ocrx_word' id='word_1_16' title='bbox 3271 549 3420 618; x_wconf 84' lang='grc' dir='ltr'>αὐτῷ</span> <span class='ocrx_word' id='word_1_17' title='bbox 3469 547 3915 616; x_wconf 77' lang='grc' dir='ltr'>συνεδρεύοντας,</span> <span class='ocrx_word' id='word_1_18' title='bbox 3976 543 4062 608; x_wconf 78' lang='grc' dir='ltr'>οἷς</span> 
     </span>
    </p>
   </div>
   <div class='ocr_carea' id='block_1_6' title="bbox 774 644 2350 717">
    <p class='ocr_par' dir='ltr' id='par_1_6' title="bbox 774 644 2350 717">
     <span class='ocr_line' id='line_1_6' title="bbox 774 644 2350 717; baseline -0.008 -11"><span class='ocrx_word' id='word_1_19' title='bbox 774 665 873 707; x_wconf 87' lang='lat' dir='ltr'><strong>tes.</strong></span> <span class='ocrx_word' id='word_1_20' title='bbox 895 651 1103 716; x_wconf 77' lang='lat' dir='ltr'><strong>Quibus</strong></span> <span class='ocrx_word' id='word_1_21' title='bbox 1133 663 1274 717; x_wconf 73' lang='lat' dir='ltr'><strong>saepe</strong></span> <span class='ocrx_word' id='word_1_22' title='bbox 1293 646 1577 702; x_wconf 75' lang='lat' dir='ltr'><strong>dictitabat</strong></span> <span class='ocrx_word' id='word_1_23' title='bbox 1607 645 1757 709; x_wconf 89' lang='lat' dir='ltr'><strong>illud,</strong></span> <span class='ocrx_word' id='word_1_24' title='bbox 1789 644 2006 714; x_wconf 85' lang='lat' dir='ltr'><strong>dignum</strong></span> <span class='ocrx_word' id='word_1_25' title='bbox 2034 645 2174 712; x_wconf 86' lang='lat' dir='ltr'><strong>quod</strong></span> <span class='ocrx_word' id='word_1_26' title='bbox 2209 645 2350 696; x_wconf 90' lang='lat' dir='ltr'><strong>scri-</strong></span> 
     </span>
    </p>
   </div>
   <div class='ocr_carea' id='block_1_7' title="bbox 770 735 2350 815">
    <p class='ocr_par' dir='ltr' id='par_1_7' title="bbox 770 735 2350 815">
     <span class='ocr_line' id='line_1_7' title="bbox 770 735 2350 815; baseline -0.008 -17"><span class='ocrx_word' id='word_1_27' title='bbox 770 756 874 815; x_wconf 85' lang='lat' dir='ltr'><strong>ptis</strong></span> <span class='ocrx_word' id='word_1_28' title='bbox 903 753 959 797; x_wconf 90' lang='lat' dir='ltr'><strong>et</strong></span> <span class='ocrx_word' id='word_1_29' title='bbox 1003 741 1276 795; x_wconf 64' lang='lat' dir='ltr'><strong>memoriae</strong></span> <span class='ocrx_word' id='word_1_30' title='bbox 1318 739 1647 792; x_wconf 77' lang='lat' dir='ltr'><strong>mandi-tur:</strong></span> <span class='ocrx_word' id='word_1_31' title='bbox 1688 736 1748 789; x_wconf 90' lang='lat' dir='ltr'><strong>Si</strong></span> <span class='ocrx_word' id='word_1_32' title='bbox 1779 737 1970 798; x_wconf 83' lang='lat' dir='ltr'><strong>nobis,</strong></span> <span class='ocrx_word' id='word_1_33' title='bbox 2010 737 2222 798; x_wconf 86' lang='lat' dir='ltr'><strong>dicens,</strong></span> <span class='ocrx_word' id='word_1_34' title='bbox 2257 735 2350 802; x_wconf 89' lang='lat' dir='ltr'><strong>qui</strong></span> 
     </span>
    </p>
   </div>
   <div class='ocr_carea' id='block_1_8' title="bbox 771 826 2350 895">
    <p class='ocr_par' dir='ltr' id='par_1_8' title="bbox 771 826 2350 895">
     <span class='ocr_line' id='line_1_8' title="bbox 771 826 2350 895; baseline -0.008 -5"><span class='ocrx_word' id='word_1_35' title='bbox 771 851 955 890; x_wconf 86' lang='lat' dir='ltr'><strong>smnus</strong></span> <span class='ocrx_word' id='word_1_36' title='bbox 980 834 1244 895; x_wconf 89' lang='lat' dir='ltr'><strong>homines,</strong></span> <span class='ocrx_word' id='word_1_37' title='bbox 1267 832 1392 885; x_wconf 87' lang='lat' dir='ltr'><strong>licet</strong></span> <span class='ocrx_word' id='word_1_38' title='bbox 1413 830 1633 883; x_wconf 90' lang='lat' dir='ltr'><strong>omnino</strong></span> <span class='ocrx_word' id='word_1_39' title='bbox 1658 830 1724 880; x_wconf 83' lang='lat' dir='ltr'><strong>ad</strong></span> <span class='ocrx_word' id='word_1_40' title='bbox 1749 829 1912 881; x_wconf 86' lang='lat' dir='ltr'><strong>Deum</strong></span> <span class='ocrx_word' id='word_1_41' title='bbox 1945 827 2203 880; x_wconf 72' lang='lat' dir='ltr'><strong>accedere</strong></span> <span class='ocrx_word' id='word_1_42' title='bbox 2231 826 2350 878; x_wconf 82' lang='lat' dir='ltr'><strong>abs-</strong></span> 
     </span>
    </p>
   </div>
   <div class='ocr_carea' id='block_1_9' title="bbox 769 919 2350 996">
    <p class='ocr_par' dir='ltr' id='par_1_9' title="bbox 769 919 2350 996">
     <span class='ocr_line' id='line_1_9' title="bbox 769 919 2350 996; baseline -0.006 -17"><span class='ocrx_word' id='word_1_43' title='bbox 769 943 873 996; x_wconf 81' lang='lat' dir='ltr'><strong>que</strong></span> <span class='ocrx_word' id='word_1_44' title='bbox 913 926 1022 980; x_wconf 85' lang='lat' dir='ltr'><strong>ullo</strong></span> <span class='ocrx_word' id='word_1_45' title='bbox 1068 926 1456 986; x_wconf 86' lang='lat' dir='ltr'><strong>intercessore,</strong></span> <span class='ocrx_word' id='word_1_46' title='bbox 1514 930 1568 974; x_wconf 88' lang='lat' dir='ltr'><strong>et</strong></span> <span class='ocrx_word' id='word_1_47' title='bbox 1613 921 1676 972; x_wconf 91' lang='lat' dir='ltr'><strong>de</strong></span> <span class='ocrx_word' id='word_1_48' title='bbox 1708 919 1906 987; x_wconf 84' lang='lat' dir='ltr'><strong>quibus</strong></span> <span class='ocrx_word' id='word_1_49' title='bbox 1939 919 2188 970; x_wconf 87' lang='lat' dir='ltr'><strong>volumus</strong></span> <span class='ocrx_word' id='word_1_50' title='bbox 2226 931 2350 970; x_wconf 89' lang='lat' dir='ltr'><strong>eum</strong></span> 
     </span>
    </p>
   </div>
   <div class='ocr_carea' id='block_1_10' title="bbox 776 1006 2353 1088">
    <p class='ocr_par' dir='ltr' id='par_1_10' title="bbox 776 1006 2353 1088">
     <span class='ocr_line' id='line_1_10' title="bbox 776 1006 2353 1088; baseline -0.009 -16"><span class='ocrx_word' id='word_1_51' title='bbox 776 1034 999 1088; x_wconf 77' lang='lat' dir='ltr'><strong>rogare;</strong></span> <span class='ocrx_word' id='word_1_52' title='bbox 1031 1016 1300 1085; x_wconf 89' lang='lat' dir='ltr'><strong>quomodo</strong></span> <span class='ocrx_word' id='word_1_53' title='bbox 1326 1028 1428 1066; x_wconf 91' lang='lat' dir='ltr'><strong>non</strong></span> <span class='ocrx_word' id='word_1_54' title='bbox 1464 1012 1563 1079; x_wconf 81' lang='lat' dir='ltr'><strong>ipsi</strong></span> <span class='ocrx_word' id='word_1_55' title='bbox 1595 1026 1808 1076; x_wconf 86' lang='lat' dir='ltr'><strong>quoque</strong></span> <span class='ocrx_word' id='word_1_56' title='bbox 1840 1009 2046 1061; x_wconf 62' lang='lat' dir='ltr'><strong>nostris</strong></span> <span class='ocrx_word' id='word_1_57' title='bbox 2075 1006 2353 1060; x_wconf 72' lang='lat' dir='ltr'><strong>conservis</strong></span> 
     </span>
    </p>
   </div>
   <div class='ocr_carea' id='block_1_11' title="bbox 773 1102 2350 1178">
    <p class='ocr_par' dir='ltr' id='par_1_11' title="bbox 773 1102 2350 1178">
     <span class='ocr_line' id='line_1_11' title="bbox 773 1102 2350 1178; baseline -0.01 -14"><span class='ocrx_word' id='word_1_58' title='bbox 773 1121 956 1178; x_wconf 79' lang='lat' dir='ltr'><strong>portas</strong></span> <span class='ocrx_word' id='word_1_59' title='bbox 988 1107 1299 1176; x_wconf 85' lang='lat' dir='ltr'><strong>aperuimus</strong></span> <span class='ocrx_word' id='word_1_60' title='bbox 1324 1105 1527 1172; x_wconf 84' lang='lat' dir='ltr'><strong>absque</strong></span> <span class='ocrx_word' id='word_1_61' title='bbox 1560 1102 1667 1155; x_wconf 89' lang='lat' dir='ltr'><strong>ullo</strong></span> <span class='ocrx_word' id='word_1_62' title='bbox 1697 1102 2086 1170; x_wconf 84' lang='lat' dir='ltr'><strong>impedimento</strong></span> <span class='ocrx_word' id='word_1_63' title='bbox 2107 1140 2122 1164; x_wconf 89' lang='lat'><strong>,</strong></span> <span class='ocrx_word' id='word_1_64' title='bbox 2163 1107 2216 1150; x_wconf 92' lang='lat' dir='ltr'><strong>et</strong></span> <span class='ocrx_word' id='word_1_65' title='bbox 2247 1113 2350 1150; x_wconf 88' lang='lat' dir='ltr'><strong>non</strong></span> 
     </span>
    </p>
   </div>
   <div class='ocr_carea' id='block_1_12' title="bbox 772 1189 2356 1264">
    <p class='ocr_par' dir='ltr' id='par_1_12' title="bbox 772 1189 2356 1264">
     <span class='ocr_line' id='line_1_12' title="bbox 772 1189 2356 1264; baseline -0.009 -9"><span class='ocrx_word' id='word_1_66' title='bbox 772 1201 1026 1264; x_wconf 85' lang='lat' dir='ltr'><strong>cuilibet,</strong></span> <span class='ocrx_word' id='word_1_67' title='bbox 1059 1201 1143 1253; x_wconf 90' lang='lat' dir='ltr'><strong>cui</strong></span> <span class='ocrx_word' id='word_1_68' title='bbox 1175 1209 1257 1252; x_wconf 92' lang='lat' dir='ltr'><strong>est</strong></span> <span class='ocrx_word' id='word_1_69' title='bbox 1292 1211 1426 1264; x_wconf 90' lang='lat' dir='ltr'><strong>opus</strong></span> <span class='ocrx_word' id='word_1_70' title='bbox 1449 1235 1464 1258; x_wconf 91' lang='lat'><strong>,</strong></span> <span class='ocrx_word' id='word_1_71' title='bbox 1509 1194 1798 1262; x_wconf 77' lang='lat' dir='ltr'><strong>benignam</strong></span> <span class='ocrx_word' id='word_1_72' title='bbox 1831 1206 2017 1246; x_wconf 87' lang='lat' dir='ltr'><strong>aurem</strong></span> <span class='ocrx_word' id='word_1_73' title='bbox 2063 1189 2356 1258; x_wconf 64' lang='lat' dir='ltr'><strong>praebueri-</strong></span> 
     </span>
    </p>
   </div>
   <div class='ocr_carea' id='block_1_13' title="bbox 777 1287 2350 1356">
    <p class='ocr_par' dir='ltr' id='par_1_13' title="bbox 777 1287 2350 1356">
     <span class='ocr_line' id='line_1_13' title="bbox 777 1287 2350 1356; baseline -0.008 -10"><span class='ocrx_word' id='word_1_74' title='bbox 777 1291 937 1346; x_wconf 83' lang='lat' dir='ltr'><strong>mus?</strong></span> <span class='ocrx_word' id='word_1_75' title='bbox 995 1292 1212 1346; x_wconf 84' lang='lat' dir='ltr'><strong>Scimus</strong></span> <span class='ocrx_word' id='word_1_76' title='bbox 1241 1291 1407 1353; x_wconf 85' lang='lat' dir='ltr'><strong>enim,</strong></span> <span class='ocrx_word' id='word_1_77' title='bbox 1440 1306 1543 1356; x_wconf 89' lang='lat' dir='ltr'><strong>qua</strong></span> <span class='ocrx_word' id='word_1_78' title='bbox 1580 1288 1748 1342; x_wconf 87' lang='lat' dir='ltr'><strong>mensi</strong></span> <span class='ocrx_word' id='word_1_79' title='bbox 1781 1287 2044 1340; x_wconf 78' lang='lat' dir='ltr'><strong>fuerimus</strong></span> <span class='ocrx_word' id='word_1_80' title='bbox 2073 1296 2350 1344; x_wconf 86' lang='lat' dir='ltr'><strong>mensura,</strong></span> 
     </span>
    </p>
   </div>
   <div class='ocr_carea' id='block_1_14' title="bbox 773 1376 2232 1445">
    <p class='ocr_par' dir='ltr' id='par_1_14' title="bbox 773 1376 2232 1445">
     <span class='ocr_line' id='line_1_14' title="bbox 773 1376 2232 1445; baseline -0.009 -6"><span class='ocrx_word' id='word_1_81' title='bbox 773 1386 962 1440; x_wconf 87' lang='lat' dir='ltr'><strong>eadem</strong></span> <span class='ocrx_word' id='word_1_82' title='bbox 999 1399 1096 1438; x_wconf 89' lang='lat' dir='ltr'><strong>nos</strong></span> <span class='ocrx_word' id='word_1_83' title='bbox 1120 1397 1240 1437; x_wconf 65' lang='lat' dir='ltr'><strong>esse</strong></span> <span class='ocrx_word' id='word_1_84' title='bbox 1277 1397 1524 1435; x_wconf 87' lang='lat' dir='ltr'><strong>mensum</strong></span> <span class='ocrx_word' id='word_1_85' title='bbox 1557 1379 1800 1433; x_wconf 83' lang='lat' dir='ltr'><strong>vicissim</strong></span> <span class='ocrx_word' id='word_1_86' title='bbox 1835 1385 2156 1445; x_wconf 82' lang='lat' dir='ltr'><strong>accepturos</strong></span> <span class='ocrx_word' id='word_1_87' title='bbox 2191 1376 2232 1426; x_wconf 80' lang='lat'><strong>‘.</strong></span> 
     </span>
    </p>
   </div>
   <div class='ocr_carea' id='block_1_15' title="bbox 846 1469 2356 1539">
    <p class='ocr_par' dir='ltr' id='par_1_15' title="bbox 846 1469 2356 1539">
     <span class='ocr_line' id='line_1_15' title="bbox 846 1469 2356 1539; baseline -0.009 -8"><span class='ocrx_word' id='word_1_88' title='bbox 846 1477 936 1531; x_wconf 75' lang='lat' dir='ltr'><strong>lx.</strong></span> <span class='ocrx_word' id='word_1_89' title='bbox 977 1477 1109 1530; x_wconf 88' lang='lat' dir='ltr'><strong>Cum</strong></span> <span class='ocrx_word' id='word_1_90' title='bbox 1145 1485 1352 1539; x_wconf 88' lang='lat' dir='ltr'><strong>autem,</strong></span> <span class='ocrx_word' id='word_1_91' title='bbox 1385 1482 1443 1526; x_wconf 90' lang='lat' dir='ltr'><strong>ut</strong></span> <span class='ocrx_word' id='word_1_92' title='bbox 1471 1482 1854 1533; x_wconf 83' lang='lat' dir='ltr'><strong>consueverat,</strong></span> <span class='ocrx_word' id='word_1_93' title='bbox 1888 1469 2178 1536; x_wconf 77' lang='lat' dir='ltr'><strong>aliquando</strong></span> <span class='ocrx_word' id='word_1_94' title='bbox 2217 1481 2356 1535; x_wconf 69' lang='lat' dir='ltr'><strong>pra:-</strong></span> 
     </span>
    </p>
   </div>
   <div class='ocr_carea' id='block_1_16' title="bbox 773 1567 2354 1633">
    <p class='ocr_par' dir='ltr' id='par_1_16' title="bbox 773 1567 2354 1633">
     <span class='ocr_line' id='line_1_16' title="bbox 773 1567 2354 1633; baseline -0.008 -11"><span class='ocrx_word' id='word_1_95' title='bbox 773 1569 1023 1633; x_wconf 74' lang='lat' dir='ltr'><strong>sedisset,</strong></span> <span class='ocrx_word' id='word_1_96' title='bbox 1052 1577 1106 1621; x_wconf 86' lang='lat' dir='ltr'><strong>et</strong></span> <span class='ocrx_word' id='word_1_97' title='bbox 1135 1567 1316 1620; x_wconf 90' lang='lat' dir='ltr'><strong>nullus</strong></span> <span class='ocrx_word' id='word_1_98' title='bbox 1346 1569 1689 1627; x_wconf 68' lang='lat' dir='ltr'><strong>arcessisset,</strong></span> <span class='ocrx_word' id='word_1_99' title='bbox 1728 1577 1962 1632; x_wconf 77' lang='lat' dir='ltr'><strong>surgens</strong></span> <span class='ocrx_word' id='word_1_100' title='bbox 1993 1574 2237 1627; x_wconf 88' lang='lat' dir='ltr'><strong>vespere,</strong></span> <span class='ocrx_word' id='word_1_101' title='bbox 2270 1573 2354 1611; x_wconf 85' lang='lat' dir='ltr'><strong>re-</strong></span> 
     </span>
    </p>
   </div>
   <div class='ocr_carea' id='block_1_17' title="bbox 772 1653 2354 1726">
    <p class='ocr_par' dir='ltr' id='par_1_17' title="bbox 772 1653 2354 1726">
     <span class='ocr_line' id='line_1_17' title="bbox 772 1653 2354 1726; baseline -0.008 -12"><span class='ocrx_word' id='word_1_102' title='bbox 772 1661 940 1714; x_wconf 89' lang='lat' dir='ltr'><strong>cessit</strong></span> <span class='ocrx_word' id='word_1_103' title='bbox 979 1659 1152 1712; x_wconf 84' lang='lat' dir='ltr'><strong>tristis</strong></span> <span class='ocrx_word' id='word_1_104' title='bbox 1192 1667 1244 1712; x_wconf 91' lang='lat' dir='ltr'><strong>et</strong></span> <span class='ocrx_word' id='word_1_105' title='bbox 1281 1658 1608 1726; x_wconf 79' lang='lat' dir='ltr'><strong>lacrymans.</strong></span> <span class='ocrx_word' id='word_1_106' title='bbox 1643 1654 1796 1708; x_wconf 77' lang='lat' dir='ltr'><strong>Nullo</strong></span> <span class='ocrx_word' id='word_1_107' title='bbox 1832 1668 1958 1705; x_wconf 86' lang='lat' dir='ltr'><strong>vero</strong></span> <span class='ocrx_word' id='word_1_108' title='bbox 1992 1653 2229 1704; x_wconf 76' lang='lat' dir='ltr'><strong>audente</strong></span> <span class='ocrx_word' id='word_1_109' title='bbox 2269 1665 2354 1702; x_wconf 91' lang='lat' dir='ltr'><strong>ro-</strong></span> 
     </span>
    </p>
   </div>
   <div class='ocr_carea' id='block_1_18' title="bbox 775 1743 2356 1822">
    <p class='ocr_par' dir='ltr' id='par_1_18' title="bbox 775 1743 2356 1822">
     <span class='ocr_line' id='line_1_18' title="bbox 775 1743 2356 1822; baseline -0.008 -16"><span class='ocrx_word' id='word_1_110' title='bbox 775 1768 904 1822; x_wconf 76' lang='lat' dir='ltr'><strong>gare</strong></span> <span class='ocrx_word' id='word_1_111' title='bbox 947 1766 1165 1804; x_wconf 84' lang='lat' dir='ltr'><strong>causam</strong></span> <span class='ocrx_word' id='word_1_112' title='bbox 1209 1764 1305 1802; x_wconf 89' lang='lat' dir='ltr'><strong>cur</strong></span> <span class='ocrx_word' id='word_1_113' title='bbox 1348 1759 1493 1802; x_wconf 80' lang='lat' dir='ltr'><strong>esset</strong></span> <span class='ocrx_word' id='word_1_114' title='bbox 1542 1749 1742 1810; x_wconf 79' lang='lat' dir='ltr'><strong>tristis,</strong></span> <span class='ocrx_word' id='word_1_115' title='bbox 1788 1746 2003 1798; x_wconf 86' lang='lat' dir='ltr'><strong>divinus</strong></span> <span class='ocrx_word' id='word_1_116' title='bbox 2045 1743 2136 1812; x_wconf 88' lang='lat' dir='ltr'><strong>qui</strong></span> <span class='ocrx_word' id='word_1_117' title='bbox 2167 1743 2356 1795; x_wconf 87' lang='lat' dir='ltr'><strong>aderat</strong></span> 
     </span>
    </p>
   </div>
   <div class='ocr_carea' id='block_1_19' title="bbox 779 1833 2354 1908">
    <p class='ocr_par' dir='ltr' id='par_1_19' title="bbox 779 1833 2354 1908">
     <span class='ocr_line' id='line_1_19' title="bbox 779 1833 2354 1908; baseline -0.006 -14"><span class='ocrx_word' id='word_1_118' title='bbox 779 1838 1142 1908; x_wconf 88' lang='lat' dir='ltr'><strong>Sophronius,</strong></span> <span class='ocrx_word' id='word_1_119' title='bbox 1187 1838 1325 1904; x_wconf 86' lang='lat' dir='ltr'><strong>Quid</strong></span> <span class='ocrx_word' id='word_1_120' title='bbox 1357 1847 1459 1899; x_wconf 88' lang='lat' dir='ltr'><strong>est,</strong></span> <span class='ocrx_word' id='word_1_121' title='bbox 1499 1838 1693 1903; x_wconf 92' lang='lat' dir='ltr'><strong>inquit,</strong></span> <span class='ocrx_word' id='word_1_122' title='bbox 1722 1851 1754 1888; x_wconf 95' lang='lat' dir='ltr'><strong>o</strong></span> <span class='ocrx_word' id='word_1_123' title='bbox 1784 1835 1866 1887; x_wconf 85' lang='lat' dir='ltr'><strong>vir</strong></span> <span class='ocrx_word' id='word_1_124' title='bbox 1894 1834 2093 1896; x_wconf 84' lang='lat' dir='ltr'><strong>divine,</strong></span> <span class='ocrx_word' id='word_1_125' title='bbox 2130 1833 2269 1900; x_wconf 88' lang='lat' dir='ltr'><strong>quod</strong></span> <span class='ocrx_word' id='word_1_126' title='bbox 2301 1840 2354 1884; x_wconf 90' lang='lat' dir='ltr'><strong>te</strong></span> 
     </span>
    </p>
   </div>
   <div class='ocr_carea' id='block_1_20' title="bbox 2457 642 4063 714">
    <p class='ocr_par' dir='ltr' id='par_1_20' title="bbox 2457 642 4063 714">
     <span class='ocr_line' id='line_1_20' title="bbox 2457 642 4063 714; baseline -0.004 -19"><span class='ocrx_word' id='word_1_127' title='bbox 2457 645 2692 714; x_wconf 81' lang='grc' dir='ltr'>ἐπέφερε</span> <span class='ocrx_word' id='word_1_128' title='bbox 2748 645 2986 712; x_wconf 70' lang='grc' dir='ltr'>συνεχῶς</span> <span class='ocrx_word' id='word_1_129' title='bbox 3036 645 3096 697; x_wconf 75' lang='grc' dir='ltr'>τὸ</span> <span class='ocrx_word' id='word_1_130' title='bbox 3150 643 3372 713; x_wconf 72' lang='grc' dir='ltr'>γραφῆς</span> <span class='ocrx_word' id='word_1_131' title='bbox 3430 643 3607 694; x_wconf 82' lang='grc' dir='ltr'>ἐκεῖνο</span> <span class='ocrx_word' id='word_1_132' title='bbox 3658 642 3754 692; x_wconf 83' lang='grc' dir='ltr'>καὶ</span> <span class='ocrx_word' id='word_1_133' title='bbox 3816 642 4063 709; x_wconf 78' lang='grc' dir='ltr'><strong>μνήμης</strong></span> 
     </span>
    </p>
   </div>
   <div class='ocr_carea' id='block_1_21' title="bbox 2453 732 4058 806">
    <p class='ocr_par' dir='ltr' id='par_1_21' title="bbox 2453 732 4058 806">
     <span class='ocr_line' id='line_1_21' title="bbox 2453 732 4058 806; baseline -0.004 -17"><span class='ocrx_word' id='word_1_134' title='bbox 2453 736 2625 800; x_wconf 78' lang='grc' dir='ltr'>ἄξιον,</span> <span class='ocrx_word' id='word_1_135' title='bbox 2653 737 2713 787; x_wconf 77' lang='lat' dir='ltr'><strong>El</strong></span> <span class='ocrx_word' id='word_1_136' title='bbox 2750 739 2899 806; x_wconf 59' lang='grc' dir='ltr'>ἡμῖν,</span> <span class='ocrx_word' id='word_1_137' title='bbox 2940 738 3136 802; x_wconf 80' lang='grc' dir='ltr'>λέγων,</span> <span class='ocrx_word' id='word_1_138' title='bbox 3175 735 3482 805; x_wconf 84' lang='grc' dir='ltr'>ἀνθρώποις</span> <span class='ocrx_word' id='word_1_139' title='bbox 3515 732 3666 785; x_wconf 77' lang='grc' dir='ltr'>οὖσιν</span> <span class='ocrx_word' id='word_1_140' title='bbox 3701 732 3854 785; x_wconf 76' lang='grc' dir='ltr'>ἄδεια</span> <span class='ocrx_word' id='word_1_141' title='bbox 3888 735 4058 784; x_wconf 81' lang='grc' dir='ltr'>πᾶσα</span> 
     </span>
    </p>
   </div>
   <div class='ocr_carea' id='block_1_22' title="bbox 2456 819 4060 898">
    <p class='ocr_par' dir='ltr' id='par_1_22' title="bbox 2456 819 4060 898">
     <span class='ocr_line' id='line_1_22' title="bbox 2456 819 4060 898; baseline -0.002 -20"><span class='ocrx_word' id='word_1_142' title='bbox 2456 827 2775 897; x_wconf 73' lang='grc' dir='ltr'>προσελθεῖν</span> <span class='ocrx_word' id='word_1_143' title='bbox 2808 829 3026 897; x_wconf 78' lang='grc' dir='ltr'>ἁμέσως</span> <span class='ocrx_word' id='word_1_144' title='bbox 3053 829 3130 898; x_wconf 84' lang='grc' dir='ltr'>τῷ</span> <span class='ocrx_word' id='word_1_145' title='bbox 3163 827 3305 897; x_wconf 83' lang='grc' dir='ltr'>Θεῷ,</span> <span class='ocrx_word' id='word_1_146' title='bbox 3339 829 3432 879; x_wconf 75' lang='grc' dir='ltr'>καὶ</span> <span class='ocrx_word' id='word_1_147' title='bbox 3464 826 3593 894; x_wconf 76' lang='grc' dir='ltr'>περὶ</span> <span class='ocrx_word' id='word_1_148' title='bbox 3624 819 3700 876; x_wconf 81' lang='grc' dir='ltr'>ὧν</span> <span class='ocrx_word' id='word_1_149' title='bbox 3734 823 4060 892; x_wconf 79' lang='grc' dir='ltr'>βουλόμεθα</span> 
     </span>
    </p>
   </div>
   <div class='ocr_carea' id='block_1_23' title="bbox 2453 915 4058 989">
    <p class='ocr_par' dir='ltr' id='par_1_23' title="bbox 2453 915 4058 989">
     <span class='ocr_line' id='line_1_23' title="bbox 2453 915 4058 989; baseline -0.004 -19"><span class='ocrx_word' id='word_1_150' title='bbox 2453 919 2732 987; x_wconf 80' lang='grc' dir='ltr'>δεηθῆναι,</span> <span class='ocrx_word' id='word_1_151' title='bbox 2766 920 2883 981; x_wconf 82' lang='grc' dir='ltr'><strong>πῶς</strong></span> <span class='ocrx_word' id='word_1_152' title='bbox 2916 922 3036 989; x_wconf 73' lang='grc' dir='ltr'>οὐχὶ</span> <span class='ocrx_word' id='word_1_153' title='bbox 3063 923 3178 981; x_wconf 80' lang='grc' dir='ltr'>τοῖς</span> <span class='ocrx_word' id='word_1_154' title='bbox 3199 917 3512 987; x_wconf 70' lang='grc' dir='ltr'>ὁμοδούλοις</span> <span class='ocrx_word' id='word_1_155' title='bbox 3544 916 3858 978; x_wconf 75' lang='grc' dir='ltr'><strong>ἀκωλύτους</strong></span> <span class='ocrx_word' id='word_1_156' title='bbox 3883 915 4058 967; x_wconf 69' lang='grc' dir='ltr'>αὐτοὶ</span> 
     </span>
    </p>
   </div>
   <div class='ocr_carea' id='block_1_24' title="bbox 2453 1002 4056 1081">
    <p class='ocr_par' dir='ltr' id='par_1_24' title="bbox 2453 1002 4056 1081">
     <span class='ocr_line' id='line_1_24' title="bbox 2453 1002 4056 1081; baseline -0.003 -19"><span class='ocrx_word' id='word_1_157' title='bbox 2453 1013 2551 1073; x_wconf 77' lang='grc' dir='ltr'>τὰς</span> <span class='ocrx_word' id='word_1_158' title='bbox 2582 1011 2750 1081; x_wconf 79' lang='grc' dir='ltr'>θύρας</span> <span class='ocrx_word' id='word_1_159' title='bbox 2773 1011 3112 1080; x_wconf 80' lang='grc' dir='ltr'>ἁνοίξαιμεν,</span> <span class='ocrx_word' id='word_1_160' title='bbox 3130 1013 3224 1064; x_wconf 76' lang='grc' dir='ltr'>καὶ</span> <span class='ocrx_word' id='word_1_161' title='bbox 3243 1013 3404 1062; x_wconf 77' lang='grc' dir='ltr'>παντὶ</span> <span class='ocrx_word' id='word_1_162' title='bbox 3428 1008 3505 1077; x_wconf 77' lang='grc' dir='ltr'><strong>τῷ</strong></span> <span class='ocrx_word' id='word_1_163' title='bbox 3523 1008 3713 1078; x_wconf 85' lang='grc' dir='ltr'>χρείαν</span> <span class='ocrx_word' id='word_1_164' title='bbox 3739 1007 3916 1075; x_wconf 77' lang='grc' dir='ltr'>ἔχοντι</span> <span class='ocrx_word' id='word_1_165' title='bbox 3951 1002 4056 1068; x_wconf 74' lang='grc' dir='ltr'><strong>οὖς</strong></span> 
     </span>
    </p>
   </div>
   <div class='ocr_carea' id='block_1_25' title="bbox 2457 1094 4059 1174">
    <p class='ocr_par' dir='ltr' id='par_1_25' title="bbox 2457 1094 4059 1174">
     <span class='ocr_line' id='line_1_25' title="bbox 2457 1094 4059 1174; baseline -0.005 -18"><span class='ocrx_word' id='word_1_166' title='bbox 2457 1105 2714 1174; x_wconf 71' lang='grc' dir='ltr'>φιλήκοον</span> <span class='ocrx_word' id='word_1_167' title='bbox 2761 1105 3190 1172; x_wconf 82' lang='grc' dir='ltr'>ὑποκλίναιμεν;</span> <span class='ocrx_word' id='word_1_168' title='bbox 3218 1102 3455 1169; x_wconf 75' lang='grc' dir='ltr'>Οἴδαμεν</span> <span class='ocrx_word' id='word_1_169' title='bbox 3493 1101 3623 1169; x_wconf 82' lang='grc' dir='ltr'>γὰρ,</span> <span class='ocrx_word' id='word_1_170' title='bbox 3651 1101 3735 1152; x_wconf 84' lang='grc' dir='ltr'><strong>ὅτι</strong></span> <span class='ocrx_word' id='word_1_171' title='bbox 3860 1100 4059 1167; x_wconf 79' lang='grc' dir='ltr'>μέτρῳ</span> 
     </span>
    </p>
   </div>
   <div class='ocr_carea' id='block_1_26' title="bbox 2459 1189 4059 1267">
    <p class='ocr_par' dir='ltr' id='par_1_26' title="bbox 2459 1189 4059 1267">
     <span class='ocr_line' id='line_1_26' title="bbox 2459 1189 4059 1267; baseline -0.006 -19"><span class='ocrx_word' id='word_1_172' title='bbox 2459 1197 2824 1267; x_wconf 85' lang='grc' dir='ltr'>μετρήσομεν,</span> <span class='ocrx_word' id='word_1_173' title='bbox 2862 1197 3000 1248; x_wconf 82' lang='grc' dir='ltr'>κατὰ</span> <span class='ocrx_word' id='word_1_174' title='bbox 3033 1196 3093 1248; x_wconf 84' lang='grc' dir='ltr'><strong>τὸ</strong></span> <span class='ocrx_word' id='word_1_175' title='bbox 3121 1194 3252 1248; x_wconf 80' lang='grc' dir='ltr'>αὐτὸ</span> <span class='ocrx_word' id='word_1_176' title='bbox 3285 1195 3380 1247; x_wconf 81' lang='grc' dir='ltr'><strong>καὶ</strong></span> <span class='ocrx_word' id='word_1_177' title='bbox 3410 1194 3541 1262; x_wconf 78' lang='grc' dir='ltr'>ἡμῖν</span> <span class='ocrx_word' id='word_1_178' title='bbox 3571 1195 3687 1244; x_wconf 85' lang='grc' dir='ltr'>ἀντι</span> <span class='ocrx_word' id='word_1_179' title='bbox 3698 1189 4059 1260; x_wconf 74' lang='grc' dir='ltr'>μετρηθήσε·</span> 
     </span>
    </p>
   </div>
   <div class='ocr_carea' id='block_1_27' title="bbox 2454 1305 2562 1340">
    <p class='ocr_par' dir='ltr' id='par_1_27' title="bbox 2454 1305 2562 1340">
     <span class='ocr_line' id='line_1_27' title="bbox 2454 1305 2562 1340; baseline 0 0"><span class='ocrx_word' id='word_1_180' title='bbox 2454 1305 2562 1340; x_wconf 87' lang='grc' dir='ltr'>ται.</span> 
     </span>
    </p>
   </div>
   <div class='ocr_carea' id='block_1_28' title="bbox 2527 1453 4055 1533">
    <p class='ocr_par' dir='ltr' id='par_1_28' title="bbox 2527 1453 4055 1533">
     <span class='ocr_line' id='line_1_28' title="bbox 2527 1453 4055 1533; baseline -0.007 -17"><span class='ocrx_word' id='word_1_181' title='bbox 2527 1462 2604 1516; x_wconf 84' lang='grc' dir='ltr'><strong>Θ’.</strong></span> <span class='ocrx_word' id='word_1_182' title='bbox 2640 1462 2893 1533; x_wconf 79' lang='grc' dir='ltr'>Συνήθως</span> <span class='ocrx_word' id='word_1_183' title='bbox 2923 1460 3054 1529; x_wconf 83' lang='grc' dir='ltr'>γοῦν</span> <span class='ocrx_word' id='word_1_184' title='bbox 3086 1477 3216 1514; x_wconf 89' lang='grc' dir='ltr'>ποτε</span> <span class='ocrx_word' id='word_1_185' title='bbox 3246 1456 3720 1530; x_wconf 81' lang='grc' dir='ltr'>προκαθεσθέντος</span> <span class='ocrx_word' id='word_1_186' title='bbox 3750 1453 3922 1508; x_wconf 74' lang='grc' dir='ltr'>αὐτοῦ</span> <span class='ocrx_word' id='word_1_187' title='bbox 3952 1456 4055 1506; x_wconf 79' lang='grc' dir='ltr'><strong>καὶ</strong></span> 
     </span>
    </p>
   </div>
   <div class='ocr_carea' id='block_1_29' title="bbox 2463 1545 4050 1624">
    <p class='ocr_par' dir='ltr' id='par_1_29' title="bbox 2463 1545 4050 1624">
     <span class='ocr_line' id='line_1_29' title="bbox 2463 1545 4050 1624; baseline -0.008 -18"><span class='ocrx_word' id='word_1_188' title='bbox 2463 1554 2692 1624; x_wconf 84' lang='grc' dir='ltr'>μηδενὸς</span> <span class='ocrx_word' id='word_1_189' title='bbox 2726 1552 3140 1620; x_wconf 82' lang='grc' dir='ltr'><strong>προσελθόντος,</strong></span> <span class='ocrx_word' id='word_1_190' title='bbox 3172 1549 3412 1612; x_wconf 75' lang='grc' dir='ltr'>ἀναστὰς</span> <span class='ocrx_word' id='word_1_191' title='bbox 3464 1547 3594 1617; x_wconf 82' lang='grc' dir='ltr'><strong>περὶ</strong></span> <span class='ocrx_word' id='word_1_192' title='bbox 3626 1547 3809 1615; x_wconf 79' lang='grc' dir='ltr'>δείλην</span> <span class='ocrx_word' id='word_1_193' title='bbox 3863 1545 4050 1612; x_wconf 71' lang='grc' dir='ltr'>ὀψίαν,</span> 
     </span>
    </p>
   </div>
   <div class='ocr_carea' id='block_1_30' title="bbox 2456 1637 4055 1714">
    <p class='ocr_par' dir='ltr' id='par_1_30' title="bbox 2456 1637 4055 1714">
     <span class='ocr_line' id='line_1_30' title="bbox 2456 1637 4055 1714; baseline -0.006 -18"><span class='ocrx_word' id='word_1_194' title='bbox 2456 1645 2706 1714; x_wconf 79' lang='grc' dir='ltr'>κατηφὴς</span> <span class='ocrx_word' id='word_1_195' title='bbox 2733 1643 2809 1696; x_wconf 83' lang='grc' dir='ltr'>ὢν</span> <span class='ocrx_word' id='word_1_196' title='bbox 2839 1644 2932 1696; x_wconf 82' lang='grc' dir='ltr'><strong>καὶ</strong></span> <span class='ocrx_word' id='word_1_197' title='bbox 2959 1643 3261 1712; x_wconf 80' lang='grc' dir='ltr'>σύνδακρυς</span> <span class='ocrx_word' id='word_1_198' title='bbox 3288 1641 3514 1711; x_wconf 79' lang='grc' dir='ltr'>ἐπανῄει</span> <span class='ocrx_word' id='word_1_199' title='bbox 3539 1655 3554 1669; x_wconf 74' lang='grc' dir='ltr'><strong>ο</strong></span> <span class='ocrx_word' id='word_1_200' title='bbox 3595 1639 3822 1706; x_wconf 74' lang='grc' dir='ltr'>μηδενὸς</span> <span class='ocrx_word' id='word_1_201' title='bbox 3848 1637 3906 1689; x_wconf 84' lang='grc' dir='ltr'>δὲ</span> <span class='ocrx_word' id='word_1_202' title='bbox 3931 1637 4055 1688; x_wconf 76' lang='grc' dir='ltr'>τολ-</span> 
     </span>
    </p>
   </div>
   <div class='ocr_carea' id='block_1_31' title="bbox 2460 1732 4056 1807">
    <p class='ocr_par' dir='ltr' id='par_1_31' title="bbox 2460 1732 4056 1807">
     <span class='ocr_line' id='line_1_31' title="bbox 2460 1732 4056 1807; baseline -0.006 -17"><span class='ocrx_word' id='word_1_203' title='bbox 2460 1738 2668 1807; x_wconf 84' lang='grc' dir='ltr'>μῶντος</span> <span class='ocrx_word' id='word_1_204' title='bbox 2701 1736 2965 1790; x_wconf 87' lang='grc' dir='ltr'>πυθέσθαι</span> <span class='ocrx_word' id='word_1_205' title='bbox 3017 1736 3116 1806; x_wconf 76' lang='grc' dir='ltr'><strong>τὴν</strong></span> <span class='ocrx_word' id='word_1_206' title='bbox 3167 1735 3345 1789; x_wconf 80' lang='grc' dir='ltr'><strong>αἰτίαν</strong></span> <span class='ocrx_word' id='word_1_207' title='bbox 3375 1735 3471 1803; x_wconf 82' lang='grc' dir='ltr'>τῆς</span> <span class='ocrx_word' id='word_1_208' title='bbox 3506 1732 3993 1801; x_wconf 83' lang='grc' dir='ltr'>σκυθρωπότητος,</span> <span class='ocrx_word' id='word_1_209' title='bbox 4026 1732 4056 1780; x_wconf 77' lang='grc' dir='ltr'>ὁ</span> 
     </span>
    </p>
   </div>
   <div class='ocr_carea' id='block_1_32' title="bbox 2459 1820 4054 1896">
    <p class='ocr_par' dir='ltr' id='par_1_32' title="bbox 2459 1820 4054 1896">
     <span class='ocr_line' id='line_1_32' title="bbox 2459 1820 4054 1896; baseline -0.005 -18"><span class='ocrx_word' id='word_1_210' title='bbox 2459 1828 2600 1888; x_wconf 87' lang='grc' dir='ltr'>θεῖος</span> <span class='ocrx_word' id='word_1_211' title='bbox 2630 1825 2822 1896; x_wconf 75' lang='grc' dir='ltr'>παρὼν</span> <span class='ocrx_word' id='word_1_212' title='bbox 2854 1827 3184 1896; x_wconf 74' lang='grc' dir='ltr'>Σωφρόνιος,</span> <span class='ocrx_word' id='word_1_213' title='bbox 3220 1825 3286 1878; x_wconf 86' lang='grc' dir='ltr'>Τί</span> <span class='ocrx_word' id='word_1_214' title='bbox 3335 1825 3394 1876; x_wconf 85' lang='grc' dir='ltr'>τὸ</span> <span class='ocrx_word' id='word_1_215' title='bbox 3445 1823 3716 1890; x_wconf 78' lang='grc' dir='ltr'><strong>λυπῆσαν,</strong></span> <span class='ocrx_word' id='word_1_216' title='bbox 3772 1821 3904 1892; x_wconf 66' lang='grc' dir='ltr'>ἔφη,</span> <span class='ocrx_word' id='word_1_217' title='bbox 3956 1820 4054 1872; x_wconf 79' lang='grc' dir='ltr'>θε-</span> 
     </span>
    </p>
   </div>
   <div class='ocr_carea' id='block_1_33' title="bbox 773 1892 2358 1996">
    <p class='ocr_par' dir='ltr' id='par_1_33' title="bbox 773 1925 2352 1996">
     <span class='ocr_line' id='line_1_33' title="bbox 773 1925 2352 1996; baseline -0.007 -11"><span class='ocrx_word' id='word_1_218' title='bbox 773 1932 956 1986; x_wconf 82' lang='lat' dir='ltr'><strong>all&#39;ecit</strong></span> <span class='ocrx_word' id='word_1_219' title='bbox 996 1931 1272 1992; x_wconf 86' lang='lat' dir='ltr'><strong>molestia,</strong></span> <span class='ocrx_word' id='word_1_220' title='bbox 1317 1937 1370 1981; x_wconf 86' lang='lat' dir='ltr'><strong>et</strong></span> <span class='ocrx_word' id='word_1_221' title='bbox 1413 1929 1576 1980; x_wconf 86' lang='lat' dir='ltr'><strong>animi</strong></span> <span class='ocrx_word' id='word_1_222' title='bbox 1614 1927 1936 1996; x_wconf 69' lang='lat' dir='ltr'><strong>mgritndiue</strong></span> <span class='ocrx_word' id='word_1_223' title='bbox 1981 1925 2173 1977; x_wconf 81' lang='lat' dir='ltr'><strong>bonam</strong></span> <span class='ocrx_word' id='word_1_224' title='bbox 2207 1933 2352 1976; x_wconf 90' lang='lat' dir='ltr'><strong>tuam</strong></span> 
     </span>
    </p>
   </div>
   <div class='ocr_carea' id='block_1_34' title="bbox 2463 1892 4051 1996">
    <p class='ocr_par' dir='ltr' id='par_1_34' title="bbox 2463 1915 4051 1988">
     <span class='ocr_line' id='line_1_34' title="bbox 2463 1915 4051 1988; baseline -0.004 -18"><span class='ocrx_word' id='word_1_225' title='bbox 2463 1919 2670 1984; x_wconf 88' lang='grc' dir='ltr'>σπέσιε,</span> <span class='ocrx_word' id='word_1_226' title='bbox 2689 1920 2782 1970; x_wconf 74' lang='grc' dir='ltr'><strong>καὶ</strong></span> <span class='ocrx_word' id='word_1_227' title='bbox 2800 1919 3035 1987; x_wconf 77' lang='grc' dir='ltr'>ἀθυμίας</span> <span class='ocrx_word' id='word_1_228' title='bbox 3053 1919 3151 1988; x_wconf 81' lang='grc' dir='ltr'><strong>τὴν</strong></span> <span class='ocrx_word' id='word_1_229' title='bbox 3165 1917 3378 1988; x_wconf 84' lang='grc' dir='ltr'>ἀγαθήν</span> <span class='ocrx_word' id='word_1_230' title='bbox 3397 1934 3489 1969; x_wconf 92' lang='grc' dir='ltr'><strong>σου</strong></span> <span class='ocrx_word' id='word_1_231' title='bbox 3515 1915 3810 1984; x_wconf 83' lang='grc' dir='ltr'>πληρῶσαν</span> <span class='ocrx_word' id='word_1_232' title='bbox 3829 1915 4017 1982; x_wconf 62' lang='grc' dir='ltr'>ψυχήν</span> <span class='ocrx_word' id='word_1_233' title='bbox 4039 1933 4051 1974; x_wconf 91' lang='grc'>;</span> 
     </span>
    </p>
   </div>
   <div class='ocr_carea' id='block_1_35' title="bbox 777 2014 2359 2090">
    <p class='ocr_par' dir='ltr' id='par_1_35' title="bbox 777 2014 2359 2090">
     <span class='ocr_line' id='line_1_35' title="bbox 777 2014 2359 2090; baseline -0.006 -14"><span class='ocrx_word' id='word_1_234' title='bbox 777 2022 1018 2090; x_wconf 79' lang='lat' dir='ltr'><strong>implevit</strong></span> <span class='ocrx_word' id='word_1_235' title='bbox 1043 2018 1314 2073; x_wconf 82' lang='lat' dir='ltr'><strong>animam?</strong></span> <span class='ocrx_word' id='word_1_236' title='bbox 1346 2019 1436 2072; x_wconf 90' lang='lat' dir='ltr'><strong>lIle</strong></span> <span class='ocrx_word' id='word_1_237' title='bbox 1466 2029 1644 2072; x_wconf 88' lang='lat' dir='ltr'><strong>autem</strong></span> <span class='ocrx_word' id='word_1_238' title='bbox 1681 2018 1794 2070; x_wconf 90' lang='lat' dir='ltr'><strong>miti</strong></span> <span class='ocrx_word' id='word_1_239' title='bbox 1826 2027 1880 2069; x_wconf 90' lang='lat' dir='ltr'><strong>ct</strong></span> <span class='ocrx_word' id='word_1_240' title='bbox 1914 2017 2015 2068; x_wconf 91' lang='lat' dir='ltr'><strong>leni</strong></span> <span class='ocrx_word' id='word_1_241' title='bbox 2053 2031 2215 2068; x_wconf 87' lang='lat' dir='ltr'><strong>voce:</strong></span> <span class='ocrx_word' id='word_1_242' title='bbox 2249 2014 2359 2067; x_wconf 72' lang='lat' dir='ltr'><strong>llo-</strong></span> 
     </span>
    </p>
   </div>
   <div class='ocr_carea' id='block_1_36' title="bbox 775 2108 2357 2182">
    <p class='ocr_par' dir='ltr' id='par_1_36' title="bbox 775 2108 2357 2182">
     <span class='ocr_line' id='line_1_36' title="bbox 775 2108 2357 2182; baseline -0.004 -14"><span class='ocrx_word' id='word_1_243' title='bbox 775 2115 902 2181; x_wconf 90' lang='lat' dir='ltr'><strong>die,</strong></span> <span class='ocrx_word' id='word_1_244' title='bbox 954 2114 1168 2182; x_wconf 90' lang='lat' dir='ltr'><strong>inquit,</strong></span> <span class='ocrx_word' id='word_1_245' title='bbox 1217 2113 1558 2166; x_wconf 77' lang='lat' dir='ltr'><strong>miSi-randus</strong></span> <span class='ocrx_word' id='word_1_246' title='bbox 1602 2109 1844 2163; x_wconf 78' lang='lat' dir='ltr'><strong>Joauucs</strong></span> <span class='ocrx_word' id='word_1_247' title='bbox 1902 2124 2006 2162; x_wconf 89' lang='lat' dir='ltr'><strong>non</strong></span> <span class='ocrx_word' id='word_1_248' title='bbox 2057 2111 2122 2161; x_wconf 87' lang='lat' dir='ltr'><strong>ab</strong></span> <span class='ocrx_word' id='word_1_249' title='bbox 2175 2108 2357 2176; x_wconf 89' lang='lat' dir='ltr'><strong>aliquo</strong></span> 
     </span>
    </p>
   </div>
   <div class='ocr_carea' id='block_1_37' title="bbox 775 2200 2354 2273">
    <p class='ocr_par' dir='ltr' id='par_1_37' title="bbox 775 2200 2354 2273">
     <span class='ocr_line' id='line_1_37' title="bbox 775 2200 2354 2273; baseline -0.006 -14"><span class='ocrx_word' id='word_1_250' title='bbox 775 2208 936 2259; x_wconf 88' lang='lat' dir='ltr'><strong>ullam</strong></span> <span class='ocrx_word' id='word_1_251' title='bbox 959 2206 1166 2273; x_wconf 88' lang='lat' dir='ltr'><strong>accepit</strong></span> <span class='ocrx_word' id='word_1_252' title='bbox 1196 2206 1521 2266; x_wconf 82' lang='lat' dir='ltr'><strong>mercedem,</strong></span> <span class='ocrx_word' id='word_1_253' title='bbox 1551 2219 1726 2270; x_wconf 76' lang='lat' dir='ltr'><strong>neque</strong></span> <span class='ocrx_word' id='word_1_254' title='bbox 1766 2203 1933 2253; x_wconf 91' lang='lat' dir='ltr'><strong>ullum</strong></span> <span class='ocrx_word' id='word_1_255' title='bbox 1963 2201 2043 2253; x_wconf 87' lang='lat' dir='ltr'><strong>vel</strong></span> <span class='ocrx_word' id='word_1_256' title='bbox 2073 2200 2354 2252; x_wconf 88' lang='lat' dir='ltr'><strong>minimum</strong></span> 
     </span>
    </p>
   </div>
   <div class='ocr_carea' id='block_1_38' title="bbox 775 2287 2360 2366">
    <p class='ocr_par' dir='ltr' id='par_1_38' title="bbox 775 2287 2360 2366">
     <span class='ocr_line' id='line_1_38' title="bbox 775 2287 2360 2366; baseline -0.009 -17"><span class='ocrx_word' id='word_1_257' title='bbox 775 2295 1044 2366; x_wconf 84' lang='lat' dir='ltr'><strong>piaculum</strong></span> <span class='ocrx_word' id='word_1_258' title='bbox 1091 2293 1261 2363; x_wconf 90' lang='lat' dir='ltr'><strong>potuit</strong></span> <span class='ocrx_word' id='word_1_259' title='bbox 1303 2290 1501 2344; x_wconf 70' lang='lat' dir='ltr'><strong>offerre</strong></span> <span class='ocrx_word' id='word_1_260' title='bbox 1544 2290 1764 2343; x_wconf 75' lang='lat' dir='ltr'><strong>Christo</strong></span> <span class='ocrx_word' id='word_1_261' title='bbox 1809 2306 1902 2356; x_wconf 87' lang='lat' dir='ltr'><strong>pro</strong></span> <span class='ocrx_word' id='word_1_262' title='bbox 1939 2287 2120 2366; x_wconf 67' lang='lat' dir='ltr'><strong>multis</strong></span> <span class='ocrx_word' id='word_1_263' title='bbox 2155 2295 2209 2338; x_wconf 82' lang='lat' dir='ltr'><strong>et</strong></span> <span class='ocrx_word' id='word_1_264' title='bbox 2247 2301 2360 2336; x_wconf 82' lang='lat' dir='ltr'><strong>ina-</strong></span> 
     </span>
    </p>
   </div>
   <div class='ocr_carea' id='block_1_39' title="bbox 777 2355 2355 2459">
    <p class='ocr_par' dir='ltr' id='par_1_39' title="bbox 777 2355 2355 2459">
     <span class='ocr_line' id='line_1_39' title="bbox 777 2355 2355 2459; baseline -0.009 -15"><span class='ocrx_word' id='word_1_265' title='bbox 777 2391 895 2459; x_wconf 68' lang='lat' dir='ltr'><strong>guis</strong></span> <span class='ocrx_word' id='word_1_266' title='bbox 937 2389 1048 2443; x_wconf 86' lang='lat' dir='ltr'><strong>suis</strong></span> <span class='ocrx_word' id='word_1_267' title='bbox 1092 2386 1341 2453; x_wconf 75' lang='lat' dir='ltr'><strong>delictis,</strong></span> <span class='ocrx_word' id='word_1_268' title='bbox 1393 2387 1661 2453; x_wconf 90' lang='lat' dir='ltr'><strong>quomodo</strong></span> <span class='ocrx_word' id='word_1_269' title='bbox 1705 2398 1880 2449; x_wconf 84' lang='lat' dir='ltr'><strong>neque</strong></span> <span class='ocrx_word' id='word_1_270' title='bbox 1925 2381 2060 2433; x_wconf 88' lang='lat' dir='ltr'><strong>alias</strong></span> <span class='ocrx_word' id='word_1_271' title='bbox 2086 2355 2355 2448; x_wconf 81' lang='lat' dir='ltr'><strong>iniquam.</strong></span> 
     </span>
    </p>
   </div>
   <div class='ocr_carea' id='block_1_40' title="bbox 776 2471 2355 2550">
    <p class='ocr_par' dir='ltr' id='par_1_40' title="bbox 776 2471 2355 2550">
     <span class='ocr_line' id='line_1_40' title="bbox 776 2471 2355 2550; baseline -0.008 -14"><span class='ocrx_word' id='word_1_272' title='bbox 776 2484 913 2550; x_wconf 86' lang='lat' dir='ltr'><strong>Quid</strong></span> <span class='ocrx_word' id='word_1_273' title='bbox 967 2483 1069 2536; x_wconf 93' lang='lat' dir='ltr'><strong>hoc</strong></span> <span class='ocrx_word' id='word_1_274' title='bbox 1122 2480 1212 2533; x_wconf 85' lang='lat' dir='ltr'><strong>illo</strong></span> <span class='ocrx_word' id='word_1_275' title='bbox 1260 2481 1472 2541; x_wconf 88' lang='lat' dir='ltr'><strong>minus,</strong></span> <span class='ocrx_word' id='word_1_276' title='bbox 1525 2477 1626 2528; x_wconf 83' lang='lat' dir='ltr'><strong>nisi</strong></span> <span class='ocrx_word' id='word_1_277' title='bbox 1683 2476 1846 2527; x_wconf 85' lang='lat' dir='ltr'><strong>etiam</strong></span> <span class='ocrx_word' id='word_1_278' title='bbox 1899 2475 2071 2538; x_wconf 82' lang='lat' dir='ltr'><strong>majus</strong></span> <span class='ocrx_word' id='word_1_279' title='bbox 2128 2471 2355 2535; x_wconf 87' lang='lat' dir='ltr'><strong>dixeris,</strong></span> 
     </span>
    </p>
   </div>
   <div class='ocr_carea' id='block_1_41' title="bbox 777 2563 2359 2647">
    <p class='ocr_par' dir='ltr' id='par_1_41' title="bbox 777 2563 2359 2647">
     <span class='ocr_line' id='line_1_41' title="bbox 777 2563 2359 2647; baseline -0.007 -23"><span class='ocrx_word' id='word_1_280' title='bbox 777 2575 919 2647; x_wconf 85' lang='lat' dir='ltr'><strong>quod</strong></span> <span class='ocrx_word' id='word_1_281' title='bbox 955 2576 1138 2628; x_wconf 82' lang='lat' dir='ltr'><strong>dicunt</strong></span> <span class='ocrx_word' id='word_1_282' title='bbox 1172 2587 1292 2628; x_wconf 83' lang='lat' dir='ltr'><strong>esse</strong></span> <span class='ocrx_word' id='word_1_283' title='bbox 1327 2572 1605 2638; x_wconf 78' lang='lat' dir='ltr'><strong>cujusdam</strong></span> <span class='ocrx_word' id='word_1_284' title='bbox 1638 2567 1715 2636; x_wconf 82' lang='lat'><strong>(7)</strong></span> <span class='ocrx_word' id='word_1_285' title='bbox 1759 2566 2102 2635; x_wconf 80' lang='lat' dir='ltr'><strong>imperatoris</strong></span> <span class='ocrx_word' id='word_1_286' title='bbox 2156 2563 2359 2616; x_wconf 75' lang='lat' dir='ltr'><strong>Roma-</strong></span> 
     </span>
    </p>
   </div>
   <div class='ocr_carea' id='block_1_42' title="bbox 779 2657 2358 2733">
    <p class='ocr_par' dir='ltr' id='par_1_42' title="bbox 779 2657 2358 2733">
     <span class='ocr_line' id='line_1_42' title="bbox 779 2657 2358 2733; baseline -0.014 -10"><span class='ocrx_word' id='word_1_287' title='bbox 779 2683 994 2730; x_wconf 88' lang='lat' dir='ltr'><strong>norum,</strong></span> <span class='ocrx_word' id='word_1_288' title='bbox 1026 2665 1117 2733; x_wconf 89' lang='lat' dir='ltr'><strong>qui</strong></span> <span class='ocrx_word' id='word_1_289' title='bbox 1146 2663 1279 2716; x_wconf 78' lang='lat' dir='ltr'><strong>dixit</strong></span> <span class='ocrx_word' id='word_1_290' title='bbox 1311 2684 1322 2717; x_wconf 92' lang='lat'>:</span> <span class='ocrx_word' id='word_1_291' title='bbox 1359 2663 1528 2716; x_wconf 83' lang='lat' dir='ltr'><strong>Hodie</strong></span> <span class='ocrx_word' id='word_1_292' title='bbox 1565 2677 1666 2713; x_wconf 85' lang='lat' dir='ltr'><strong>non</strong></span> <span class='ocrx_word' id='word_1_293' title='bbox 1706 2660 2069 2727; x_wconf 73' lang='lat' dir='ltr'><strong>regnavimus,</strong></span> <span class='ocrx_word' id='word_1_294' title='bbox 2101 2657 2358 2724; x_wconf 82' lang='lat' dir='ltr'><strong>quoniam</strong></span> 
     </span>
    </p>
   </div>
   <div class='ocr_carea' id='block_1_43' title="bbox 780 2751 2357 2818">
    <p class='ocr_par' dir='ltr' id='par_1_43' title="bbox 780 2751 2357 2818">
     <span class='ocr_line' id='line_1_43' title="bbox 780 2751 2357 2818; baseline -0.01 -5"><span class='ocrx_word' id='word_1_295' title='bbox 780 2759 1051 2813; x_wconf 87' lang='lat' dir='ltr'><strong>ncminem</strong></span> <span class='ocrx_word' id='word_1_296' title='bbox 1097 2757 1376 2811; x_wconf 71' lang='lat' dir='ltr'><strong>allecimns</strong></span> <span class='ocrx_word' id='word_1_297' title='bbox 1422 2753 1728 2806; x_wconf 76' lang='grc' dir='ltr'>ὺυιιρῆι-ἱοῖ</span> <span class='ocrx_word' id='word_1_298' title='bbox 1765 2751 1894 2804; x_wconf 81' lang='lat' dir='ltr'><strong>Cum</strong></span> <span class='ocrx_word' id='word_1_299' title='bbox 1945 2753 2127 2818; x_wconf 79' lang='lat' dir='ltr'><strong>itaque</strong></span> <span class='ocrx_word' id='word_1_300' title='bbox 2173 2766 2357 2802; x_wconf 88' lang='lat' dir='ltr'><strong>sacro-</strong></span> 
     </span>
    </p>
   </div>
   <div class='ocr_carea' id='block_1_44' title="bbox 782 2843 2357 2912">
    <p class='ocr_par' dir='ltr' id='par_1_44' title="bbox 782 2843 2357 2912">
     <span class='ocr_line' id='line_1_44' title="bbox 782 2843 2357 2912; baseline -0.009 -8"><span class='ocrx_word' id='word_1_301' title='bbox 782 2861 1001 2904; x_wconf 84' lang='lat' dir='ltr'><strong>sanctus</strong></span> <span class='ocrx_word' id='word_1_302' title='bbox 1050 2847 1401 2902; x_wconf 69' lang='lat' dir='ltr'><strong>intcllexissel</strong></span> <span class='ocrx_word' id='word_1_303' title='bbox 1450 2845 1824 2912; x_wconf 80' lang='lat' dir='ltr'><strong>Sophronias,</strong></span> <span class='ocrx_word' id='word_1_304' title='bbox 1872 2843 2002 2911; x_wconf 84' lang='lat' dir='ltr'><strong>quid</strong></span> <span class='ocrx_word' id='word_1_305' title='bbox 2047 2843 2146 2894; x_wconf 88' lang='lat' dir='ltr'><strong>sibi</strong></span> <span class='ocrx_word' id='word_1_306' title='bbox 2184 2844 2357 2900; x_wconf 64' lang='lat' dir='ltr'><strong>vellet,</strong></span> 
     </span>
    </p>
   </div>
   <div class='ocr_carea' id='block_1_45' title="bbox 778 2927 2356 3013">
    <p class='ocr_par' dir='ltr' id='par_1_45' title="bbox 778 2927 2356 3013">
     <span class='ocr_line' id='line_1_45' title="bbox 778 2927 2356 3013; baseline -0.008 -17"><span class='ocrx_word' id='word_1_307' title='bbox 778 2943 920 3013; x_wconf 91' lang='lat' dir='ltr'><strong>quod</strong></span> <span class='ocrx_word' id='word_1_308' title='bbox 957 2943 1022 2993; x_wconf 89' lang='lat' dir='ltr'><strong>ah</strong></span> <span class='ocrx_word' id='word_1_309' title='bbox 1049 2957 1112 2993; x_wconf 84' lang='lat' dir='ltr'><strong>en</strong></span> <span class='ocrx_word' id='word_1_310' title='bbox 1141 2927 1341 2992; x_wconf 78' lang='lat' dir='ltr'><strong>dictum</strong></span> <span class='ocrx_word' id='word_1_311' title='bbox 1372 2938 1547 2988; x_wconf 75' lang='lat' dir='ltr'><strong>fuerat</strong></span> <span class='ocrx_word' id='word_1_312' title='bbox 1577 2955 1588 2988; x_wconf 93' lang='lat'>:</span> <span class='ocrx_word' id='word_1_313' title='bbox 1623 2936 1699 2988; x_wconf 86' lang='lat' dir='ltr'><strong>Te</strong></span> <span class='ocrx_word' id='word_1_314' title='bbox 1731 2939 1928 3004; x_wconf 80' lang='lat' dir='ltr'><strong>potius,</strong></span> <span class='ocrx_word' id='word_1_315' title='bbox 1966 2936 2160 3002; x_wconf 89' lang='lat' dir='ltr'><strong>inquit,</strong></span> <span class='ocrx_word' id='word_1_316' title='bbox 2193 2935 2356 2986; x_wconf 68' lang='lat' dir='ltr'><strong>laetari</strong></span> 
     </span>
    </p>
   </div>
   <div class='ocr_carea' id='block_1_46' title="bbox 781 3024 2355 3102">
    <p class='ocr_par' dir='ltr' id='par_1_46' title="bbox 781 3024 2355 3102">
     <span class='ocr_line' id='line_1_46' title="bbox 781 3024 2355 3102; baseline -0.01 -12"><span class='ocrx_word' id='word_1_317' title='bbox 781 3044 1015 3102; x_wconf 79' lang='lat' dir='ltr'><strong>oportet,</strong></span> <span class='ocrx_word' id='word_1_318' title='bbox 1044 3041 1095 3084; x_wconf 87' lang='lat' dir='ltr'><strong>ct</strong></span> <span class='ocrx_word' id='word_1_319' title='bbox 1132 3046 1236 3084; x_wconf 89' lang='lat' dir='ltr'><strong>non</strong></span> <span class='ocrx_word' id='word_1_320' title='bbox 1273 3031 1489 3083; x_wconf 79' lang='lat' dir='ltr'><strong>tristitia</strong></span> <span class='ocrx_word' id='word_1_321' title='bbox 1517 3028 1680 3090; x_wconf 80' lang='lat' dir='ltr'><strong>:d‘tici,</strong></span> <span class='ocrx_word' id='word_1_322' title='bbox 1709 3044 1739 3080; x_wconf 85' lang='grc' dir='ltr'><strong>ο</strong></span> <span class='ocrx_word' id='word_1_323' title='bbox 1772 3028 2084 3080; x_wconf 68' lang='lat' dir='ltr'><strong>beatissime</strong></span> <span class='ocrx_word' id='word_1_324' title='bbox 2115 3024 2355 3087; x_wconf 82' lang='lat' dir='ltr'><strong>domine,</strong></span> 
     </span>
    </p>
   </div>
   <div class='ocr_carea' id='block_1_47' title="bbox 780 3119 2357 3195">
    <p class='ocr_par' dir='ltr' id='par_1_47' title="bbox 780 3119 2357 3195">
     <span class='ocr_line' id='line_1_47' title="bbox 780 3119 2357 3195; baseline -0.008 -15"><span class='ocrx_word' id='word_1_325' title='bbox 780 3128 922 3195; x_wconf 85' lang='lat' dir='ltr'><strong>quod</strong></span> <span class='ocrx_word' id='word_1_326' title='bbox 953 3127 1044 3178; x_wconf 87' lang='lat' dir='ltr'><strong>tibi</strong></span> <span class='ocrx_word' id='word_1_327' title='bbox 1074 3125 1426 3178; x_wconf 72' lang='lat' dir='ltr'><strong>commissum</strong></span> <span class='ocrx_word' id='word_1_328' title='bbox 1453 3137 1668 3188; x_wconf 65' lang='lat' dir='ltr'><strong>gregem</strong></span> <span class='ocrx_word' id='word_1_329' title='bbox 1698 3121 1890 3173; x_wconf 71' lang='lat' dir='ltr'><strong>feret-is</strong></span> <span class='ocrx_word' id='word_1_330' title='bbox 1916 3121 2095 3169; x_wconf 78' lang='lat' dir='ltr'><strong>vivere</strong></span> <span class='ocrx_word' id='word_1_331' title='bbox 2132 3119 2182 3169; x_wconf 90' lang='lat' dir='ltr'><strong>in</strong></span> <span class='ocrx_word' id='word_1_332' title='bbox 2214 3126 2357 3168; x_wconf 85' lang='lat' dir='ltr'><strong>tanta</strong></span> 
     </span>
    </p>
   </div>
   <div class='ocr_carea' id='block_1_48' title="bbox 779 3209 2358 3288">
    <p class='ocr_par' dir='ltr' id='par_1_48' title="bbox 779 3209 2358 3288">
     <span class='ocr_line' id='line_1_48' title="bbox 779 3209 2358 3288; baseline -0.008 -20"><span class='ocrx_word' id='word_1_333' title='bbox 779 3233 942 3288; x_wconf 78' lang='lat' dir='ltr'><strong>pace,</strong></span> <span class='ocrx_word' id='word_1_334' title='bbox 987 3225 1044 3269; x_wconf 85' lang='lat' dir='ltr'><strong>ut</strong></span> <span class='ocrx_word' id='word_1_335' title='bbox 1087 3215 1265 3267; x_wconf 83' lang='lat' dir='ltr'><strong>nullus</strong></span> <span class='ocrx_word' id='word_1_336' title='bbox 1313 3216 1380 3265; x_wconf 89' lang='lat' dir='ltr'><strong>de</strong></span> <span class='ocrx_word' id='word_1_337' title='bbox 1430 3229 1483 3263; x_wconf 84' lang='lat' dir='ltr'><strong>re</strong></span> <span class='ocrx_word' id='word_1_338' title='bbox 1534 3214 1712 3277; x_wconf 82' lang='lat' dir='ltr'><strong>aliqua</strong></span> <span class='ocrx_word' id='word_1_339' title='bbox 1767 3227 1890 3261; x_wconf 82' lang='lat' dir='ltr'><strong>cum</strong></span> <span class='ocrx_word' id='word_1_340' title='bbox 1941 3210 2116 3261; x_wconf 77' lang='lat' dir='ltr'><strong>vicino</strong></span> <span class='ocrx_word' id='word_1_341' title='bbox 2167 3209 2358 3261; x_wconf 77' lang='lat' dir='ltr'><strong>haheat</strong></span> 
     </span>
    </p>
   </div>
   <div class='ocr_carea' id='block_1_49' title="bbox 779 3301 2363 3372">
    <p class='ocr_par' dir='ltr' id='par_1_49' title="bbox 779 3301 2363 3372">
     <span class='ocr_line' id='line_1_49' title="bbox 779 3301 2363 3372; baseline -0.008 -6"><span class='ocrx_word' id='word_1_342' title='bbox 779 3310 1208 3366; x_wconf 84' lang='lat' dir='ltr'><strong>controversiam</strong></span> <span class='ocrx_word' id='word_1_343' title='bbox 1239 3325 1251 3360; x_wconf 90' lang='lat'>:</span> <span class='ocrx_word' id='word_1_344' title='bbox 1291 3305 1384 3358; x_wconf 83' lang='lat' dir='ltr'><strong>sed</strong></span> <span class='ocrx_word' id='word_1_345' title='bbox 1421 3316 1672 3372; x_wconf 81' lang='lat' dir='ltr'><strong>tauquam</strong></span> <span class='ocrx_word' id='word_1_346' title='bbox 1713 3304 1884 3371; x_wconf 79' lang='lat' dir='ltr'><strong>angeli</strong></span> <span class='ocrx_word' id='word_1_347' title='bbox 1919 3302 2117 3369; x_wconf 83' lang='lat' dir='ltr'><strong>aliqui,</strong></span> <span class='ocrx_word' id='word_1_348' title='bbox 2159 3301 2363 3367; x_wconf 80' lang='lat' dir='ltr'><strong>absque</strong></span> 
     </span>
    </p>
   </div>
   <div class='ocr_carea' id='block_1_50' title="bbox 781 3393 2359 3455">
    <p class='ocr_par' dir='ltr' id='par_1_50' title="bbox 781 3393 2359 3455">
     <span class='ocr_line' id='line_1_50' title="bbox 781 3393 2359 3455; baseline -0.008 0"><span class='ocrx_word' id='word_1_349' title='bbox 781 3401 888 3455; x_wconf 89' lang='lat' dir='ltr'><strong>ulla</strong></span> <span class='ocrx_word' id='word_1_350' title='bbox 936 3400 1028 3454; x_wconf 89' lang='lat' dir='ltr'><strong>lite</strong></span> <span class='ocrx_word' id='word_1_351' title='bbox 1075 3410 1123 3453; x_wconf 90' lang='lat' dir='ltr'><strong>el</strong></span> <span class='ocrx_word' id='word_1_352' title='bbox 1172 3400 1518 3452; x_wconf 81' lang='lat' dir='ltr'><strong>coiilentione</strong></span> <span class='ocrx_word' id='word_1_353' title='bbox 1573 3397 1818 3448; x_wconf 86' lang='lat' dir='ltr'><strong>homines</strong></span> <span class='ocrx_word' id='word_1_354' title='bbox 1863 3394 2045 3445; x_wconf 89' lang='lat' dir='ltr'><strong>vivant</strong></span> <span class='ocrx_word' id='word_1_355' title='bbox 2100 3393 2152 3445; x_wconf 73' lang='lat' dir='ltr'><strong>in</strong></span> <span class='ocrx_word' id='word_1_356' title='bbox 2197 3401 2359 3446; x_wconf 84' lang='lat' dir='ltr'><strong>terra.</strong></span> 
     </span>
    </p>
   </div>
   <div class='ocr_carea' id='block_1_51' title="bbox 784 3481 2365 3554">
    <p class='ocr_par' dir='ltr' id='par_1_51' title="bbox 784 3481 2365 3554">
     <span class='ocr_line' id='line_1_51' title="bbox 784 3481 2365 3554; baseline -0.008 -10"><span class='ocrx_word' id='word_1_357' title='bbox 784 3493 919 3546; x_wconf 83' lang='lat' dir='ltr'><strong>Cum</strong></span> <span class='ocrx_word' id='word_1_358' title='bbox 947 3498 1125 3543; x_wconf 85' lang='lat' dir='ltr'><strong>autem</strong></span> <span class='ocrx_word' id='word_1_359' title='bbox 1153 3503 1336 3541; x_wconf 88' lang='lat' dir='ltr'><strong>verum</strong></span> <span class='ocrx_word' id='word_1_360' title='bbox 1369 3503 1488 3540; x_wconf 78' lang='lat' dir='ltr'><strong>esse</strong></span> <span class='ocrx_word' id='word_1_361' title='bbox 1512 3487 1654 3554; x_wconf 89' lang='lat' dir='ltr'><strong>quod</strong></span> <span class='ocrx_word' id='word_1_362' title='bbox 1687 3487 1918 3547; x_wconf 81' lang='lat' dir='ltr'><strong>dixerat,</strong></span> <span class='ocrx_word' id='word_1_363' title='bbox 1951 3484 2244 3536; x_wconf 83' lang='lat' dir='ltr'><strong>invenisset</strong></span> <span class='ocrx_word' id='word_1_364' title='bbox 2283 3481 2365 3533; x_wconf 89' lang='lat' dir='ltr'><strong>vir</strong></span> 
     </span>
    </p>
   </div>
   <div class='ocr_carea' id='block_1_52' title="bbox 787 3573 2360 3643">
    <p class='ocr_par' dir='ltr' id='par_1_52' title="bbox 787 3573 2360 3643">
     <span class='ocr_line' id='line_1_52' title="bbox 787 3573 2360 3643; baseline -0.007 -8"><span class='ocrx_word' id='word_1_365' title='bbox 787 3581 1123 3643; x_wconf 86' lang='lat' dir='ltr'><strong>mitissimus,</strong></span> <span class='ocrx_word' id='word_1_366' title='bbox 1155 3579 1336 3632; x_wconf 82' lang='lat' dir='ltr'><strong>statim</strong></span> <span class='ocrx_word' id='word_1_367' title='bbox 1370 3578 1469 3630; x_wconf 80' lang='lat' dir='ltr'><strong>fuit</strong></span> <span class='ocrx_word' id='word_1_368' title='bbox 1496 3578 1774 3628; x_wconf 82' lang='lat' dir='ltr'><strong>traductus</strong></span> <span class='ocrx_word' id='word_1_369' title='bbox 1802 3577 1867 3629; x_wconf 86' lang='lat' dir='ltr'><strong>ad</strong></span> <span class='ocrx_word' id='word_1_370' title='bbox 1894 3574 2061 3627; x_wconf 91' lang='lat' dir='ltr'><strong>animi</strong></span> <span class='ocrx_word' id='word_1_371' title='bbox 2097 3573 2360 3634; x_wconf 41' lang='lat' dir='ltr'><strong>Laetitiam,</strong></span> 
     </span>
    </p>
   </div>
   <div class='ocr_carea' id='block_1_53' title="bbox 783 3667 2365 3743">
    <p class='ocr_par' dir='ltr' id='par_1_53' title="bbox 783 3667 2365 3743">
     <span class='ocr_line' id='line_1_53' title="bbox 783 3667 2365 3743; baseline -0.007 -14"><span class='ocrx_word' id='word_1_372' title='bbox 783 3685 836 3729; x_wconf 85' lang='lat' dir='ltr'><strong>et</strong></span> <span class='ocrx_word' id='word_1_373' title='bbox 881 3687 977 3743; x_wconf 88' lang='lat' dir='ltr'><strong>pro</strong></span> <span class='ocrx_word' id='word_1_374' title='bbox 1011 3689 1074 3726; x_wconf 86' lang='lat' dir='ltr'><strong>eo</strong></span> <span class='ocrx_word' id='word_1_375' title='bbox 1107 3671 1215 3724; x_wconf 86' lang='lat' dir='ltr'><strong>Dco</strong></span> <span class='ocrx_word' id='word_1_376' title='bbox 1253 3674 1361 3740; x_wconf 78' lang='lat' dir='ltr'><strong>egit</strong></span> <span class='ocrx_word' id='word_1_377' title='bbox 1401 3671 1625 3738; x_wconf 53' lang='lat' dir='ltr'><strong>gratias.</strong></span> <span class='ocrx_word' id='word_1_378' title='bbox 1665 3667 1775 3720; x_wconf 87' lang='lat' dir='ltr'><strong>lloc</strong></span> <span class='ocrx_word' id='word_1_379' title='bbox 1814 3669 2002 3721; x_wconf 77' lang='lat' dir='ltr'><strong>dicunt</strong></span> <span class='ocrx_word' id='word_1_380' title='bbox 2046 3667 2212 3721; x_wconf 88' lang='lat' dir='ltr'><strong>etiam</strong></span> <span class='ocrx_word' id='word_1_381' title='bbox 2247 3681 2365 3719; x_wconf 91' lang='lat' dir='ltr'><strong>esse</strong></span> 
     </span>
    </p>
   </div>
   <div class='ocr_carea' id='block_1_54' title="bbox 787 3759 2366 3833">
    <p class='ocr_par' dir='ltr' id='par_1_54' title="bbox 787 3759 2366 3833">
     <span class='ocr_line' id='line_1_54' title="bbox 787 3759 2366 3833; baseline -0.008 -13"><span class='ocrx_word' id='word_1_382' title='bbox 787 3766 1090 3825; x_wconf 56' lang='lat' dir='ltr'><strong>irritatum,</strong></span> <span class='ocrx_word' id='word_1_383' title='bbox 1129 3765 1218 3833; x_wconf 87' lang='lat' dir='ltr'><strong>qui</strong></span> <span class='ocrx_word' id='word_1_384' title='bbox 1259 3763 1506 3816; x_wconf 72' lang='lat' dir='ltr'><strong>Heraclio</strong></span> <span class='ocrx_word' id='word_1_385' title='bbox 1549 3763 1598 3813; x_wconf 90' lang='lat' dir='ltr'><strong>in</strong></span> <span class='ocrx_word' id='word_1_386' title='bbox 1637 3762 1864 3830; x_wconf 87' lang='lat' dir='ltr'><strong>imperio</strong></span> <span class='ocrx_word' id='word_1_387' title='bbox 1893 3760 2188 3820; x_wconf 85' lang='lat' dir='ltr'><strong>successit,</strong></span> <span class='ocrx_word' id='word_1_388' title='bbox 2225 3759 2366 3810; x_wconf 83' lang='lat' dir='ltr'><strong>Con-</strong></span> 
     </span>
    </p>
   </div>
   <div class='ocr_carea' id='block_1_55' title="bbox 785 3850 2366 3924">
    <p class='ocr_par' dir='ltr' id='par_1_55' title="bbox 785 3850 2366 3924">
     <span class='ocr_line' id='line_1_55' title="bbox 785 3850 2366 3924; baseline -0.004 -14"><span class='ocrx_word' id='word_1_389' title='bbox 785 3868 1105 3920; x_wconf 88' lang='lat' dir='ltr'><strong>stanttmun,</strong></span> <span class='ocrx_word' id='word_1_390' title='bbox 1137 3859 1225 3924; x_wconf 91' lang='lat' dir='ltr'><strong>qui</strong></span> <span class='ocrx_word' id='word_1_391' title='bbox 1254 3856 1412 3908; x_wconf 77' lang='lat' dir='ltr'><strong>etiam</strong></span> <span class='ocrx_word' id='word_1_392' title='bbox 1455 3854 1614 3923; x_wconf 89' lang='lat' dir='ltr'><strong>hujus</strong></span> <span class='ocrx_word' id='word_1_393' title='bbox 1639 3853 1805 3907; x_wconf 90' lang='lat' dir='ltr'><strong>divini</strong></span> <span class='ocrx_word' id='word_1_394' title='bbox 1838 3853 1936 3905; x_wconf 86' lang='lat' dir='ltr'><strong>viri</strong></span> <span class='ocrx_word' id='word_1_395' title='bbox 1972 3851 2072 3904; x_wconf 79' lang='lat' dir='ltr'><strong>fuit</strong></span> <span class='ocrx_word' id='word_1_396' title='bbox 2102 3850 2242 3904; x_wconf 80' lang='lat' dir='ltr'><strong>ﬁlius</strong></span> <span class='ocrx_word' id='word_1_397' title='bbox 2283 3865 2366 3904; x_wconf 89' lang='lat' dir='ltr'><strong>se-</strong></span> 
     </span>
    </p>
   </div>
   <div class='ocr_carea' id='block_1_56' title="bbox 786 3946 1344 4013">
    <p class='ocr_par' dir='ltr' id='par_1_56' title="bbox 786 3946 1344 4013">
     <span class='ocr_line' id='line_1_56' title="bbox 786 3946 1344 4013; baseline 0 -15"><span class='ocrx_word' id='word_1_398' title='bbox 786 3949 1024 4006; x_wconf 84' lang='lat' dir='ltr'><strong>cundum</strong></span> <span class='ocrx_word' id='word_1_399' title='bbox 1070 3946 1344 4013; x_wconf 85' lang='lat' dir='ltr'><strong>spiritum.</strong></span> 
     </span>
    </p>
   </div>
   <div class='ocr_carea' id='block_1_57' title="bbox 862 4035 2365 4108">
    <p class='ocr_par' dir='ltr' id='par_1_57' title="bbox 862 4035 2365 4108">
     <span class='ocr_line' id='line_1_57' title="bbox 862 4035 2365 4108; baseline -0.008 -10"><span class='ocrx_word' id='word_1_400' title='bbox 862 4043 930 4098; x_wconf 77' lang='grc' dir='ltr'><strong>Χ.</strong></span> <span class='ocrx_word' id='word_1_401' title='bbox 955 4043 1061 4095; x_wconf 64' lang='lat' dir='ltr'><strong>Sed</strong></span> <span class='ocrx_word' id='word_1_402' title='bbox 1083 4057 1201 4108; x_wconf 68' lang='lat' dir='ltr'><strong>quae</strong></span> <span class='ocrx_word' id='word_1_403' title='bbox 1227 4048 1352 4092; x_wconf 88' lang='lat' dir='ltr'><strong>sunt</strong></span> <span class='ocrx_word' id='word_1_404' title='bbox 1380 4038 1676 4107; x_wconf 80' lang='lat' dir='ltr'><strong>praposita,</strong></span> <span class='ocrx_word' id='word_1_405' title='bbox 1706 4045 2063 4105; x_wconf 80' lang='lat' dir='ltr'><strong>persequatur</strong></span> <span class='ocrx_word' id='word_1_406' title='bbox 2088 4035 2283 4094; x_wconf 86' lang='lat' dir='ltr'><strong>oratio,</strong></span> <span class='ocrx_word' id='word_1_407' title='bbox 2313 4045 2365 4087; x_wconf 91' lang='lat' dir='ltr'><strong>et</strong></span> 
     </span>
    </p>
   </div>
   <div class='ocr_carea' id='block_1_58' title="bbox 789 4126 2366 4194">
    <p class='ocr_par' dir='ltr' id='par_1_58' title="bbox 789 4126 2366 4194">
     <span class='ocr_line' id='line_1_58' title="bbox 789 4126 2366 4194; baseline -0.005 -10"><span class='ocrx_word' id='word_1_408' title='bbox 789 4132 970 4184; x_wconf 87' lang='lat' dir='ltr'><strong>tradat</strong></span> <span class='ocrx_word' id='word_1_409' title='bbox 1008 4131 1230 4181; x_wconf 87' lang='lat' dir='ltr'><strong>auribus</strong></span> <span class='ocrx_word' id='word_1_410' title='bbox 1269 4145 1330 4180; x_wconf 90' lang='lat' dir='ltr'><strong>ca</strong></span> <span class='ocrx_word' id='word_1_411' title='bbox 1371 4143 1490 4194; x_wconf 75' lang='lat' dir='ltr'><strong>qua:</strong></span> <span class='ocrx_word' id='word_1_412' title='bbox 1526 4137 1652 4179; x_wconf 91' lang='lat' dir='ltr'><strong>sunt</strong></span> <span class='ocrx_word' id='word_1_413' title='bbox 1685 4127 1869 4178; x_wconf 89' lang='lat' dir='ltr'><strong>auditu</strong></span> <span class='ocrx_word' id='word_1_414' title='bbox 1907 4127 2062 4194; x_wconf 75' lang='lat' dir='ltr'><strong>digna</strong></span> <span class='ocrx_word' id='word_1_415' title='bbox 2104 4135 2155 4178; x_wconf 90' lang='lat' dir='ltr'><strong>et</strong></span> <span class='ocrx_word' id='word_1_416' title='bbox 2192 4126 2366 4177; x_wconf 86' lang='lat' dir='ltr'><strong>utilis-</strong></span> 
     </span>
    </p>
   </div>
   <div class='ocr_carea' id='block_1_59' title="bbox 789 4216 2366 4280">
    <p class='ocr_par' dir='ltr' id='par_1_59' title="bbox 789 4216 2366 4280">
     <span class='ocr_line' id='line_1_59' title="bbox 789 4216 2366 4280; baseline -0.006 -6"><span class='ocrx_word' id='word_1_417' title='bbox 789 4223 944 4274; x_wconf 82' lang='lat' dir='ltr'><strong>sima.</strong></span> <span class='ocrx_word' id='word_1_418' title='bbox 971 4218 1122 4273; x_wconf 80' lang='lat' dir='ltr'><strong>Tunc</strong></span> <span class='ocrx_word' id='word_1_419' title='bbox 1145 4230 1347 4280; x_wconf 73' lang='lat' dir='ltr'><strong>autem,</strong></span> <span class='ocrx_word' id='word_1_420' title='bbox 1376 4235 1497 4270; x_wconf 91' lang='lat' dir='ltr'><strong>cum</strong></span> <span class='ocrx_word' id='word_1_421' title='bbox 1527 4217 1590 4268; x_wconf 88' lang='lat' dir='ltr'><strong>ad</strong></span> <span class='ocrx_word' id='word_1_422' title='bbox 1627 4216 1685 4270; x_wconf 85' lang='grc' dir='ltr'><strong>Β.</strong></span> <span class='ocrx_word' id='word_1_423' title='bbox 1719 4216 1977 4269; x_wconf 78' lang='lat' dir='ltr'><strong>Joannem</strong></span> <span class='ocrx_word' id='word_1_424' title='bbox 2013 4216 2366 4268; x_wconf 73' lang='lat' dir='ltr'><strong>arcessissmit</strong></span> 
     </span>
    </p>
   </div>
   <div class='ocr_carea' id='block_1_60' title="bbox 790 4306 2363 4379">
    <p class='ocr_par' dir='ltr' id='par_1_60' title="bbox 790 4306 2363 4379">
     <span class='ocr_line' id='line_1_60' title="bbox 790 4306 2363 4379; baseline -0.006 -15"><span class='ocrx_word' id='word_1_425' title='bbox 790 4309 849 4377; x_wconf 82' lang='lat' dir='ltr'><strong>ii,</strong></span> <span class='ocrx_word' id='word_1_426' title='bbox 887 4311 1082 4379; x_wconf 88' lang='lat' dir='ltr'><strong>quibus</strong></span> <span class='ocrx_word' id='word_1_427' title='bbox 1114 4309 1287 4362; x_wconf 80' lang='lat' dir='ltr'><strong>fuerat</strong></span> <span class='ocrx_word' id='word_1_428' title='bbox 1318 4306 1607 4362; x_wconf 88' lang='lat' dir='ltr'><strong>commissa</strong></span> <span class='ocrx_word' id='word_1_429' title='bbox 1645 4306 1951 4357; x_wconf 88' lang='lat' dir='ltr'><strong>distributio</strong></span> <span class='ocrx_word' id='word_1_430' title='bbox 1990 4306 2363 4372; x_wconf 66' lang='lat' dir='ltr'><strong>elei-inosynac,</strong></span> 
     </span>
    </p>
   </div>
   <div class='ocr_carea' id='block_1_61' title="bbox 787 4395 2367 4468">
    <p class='ocr_par' dir='ltr' id='par_1_61' title="bbox 787 4395 2367 4468">
     <span class='ocr_line' id='line_1_61' title="bbox 787 4395 2367 4468; baseline -0.004 -14"><span class='ocrx_word' id='word_1_431' title='bbox 787 4409 843 4454; x_wconf 87' lang='lat' dir='ltr'><strong>et</strong></span> <span class='ocrx_word' id='word_1_432' title='bbox 864 4399 970 4453; x_wconf 84' lang='lat' dir='ltr'><strong>tale</strong></span> <span class='ocrx_word' id='word_1_433' title='bbox 1001 4399 1128 4468; x_wconf 89' lang='lat' dir='ltr'><strong>quid</strong></span> <span class='ocrx_word' id='word_1_434' title='bbox 1152 4398 1587 4460; x_wconf 88' lang='lat' dir='ltr'><strong>annuutiassent,</strong></span> <span class='ocrx_word' id='word_1_435' title='bbox 1608 4396 1750 4463; x_wconf 88' lang='lat' dir='ltr'><strong>quod</strong></span> <span class='ocrx_word' id='word_1_436' title='bbox 1779 4396 1983 4448; x_wconf 90' lang='lat' dir='ltr'><strong>scilicet</strong></span> <span class='ocrx_word' id='word_1_437' title='bbox 2008 4395 2196 4463; x_wconf 68' lang='lat' dir='ltr'><strong>puella!</strong></span> <span class='ocrx_word' id='word_1_438' title='bbox 2219 4412 2367 4463; x_wconf 71' lang='lat' dir='ltr'><strong>qna:-</strong></span> 
     </span>
    </p>
   </div>
   <div class='ocr_carea' id='block_1_62' title="bbox 789 4487 2365 4556">
    <p class='ocr_par' dir='ltr' id='par_1_62' title="bbox 789 4487 2365 4556">
     <span class='ocr_line' id='line_1_62' title="bbox 789 4487 2365 4556; baseline -0.005 -12"><span class='ocrx_word' id='word_1_439' title='bbox 789 4493 910 4545; x_wconf 88' lang='lat' dir='ltr'><strong>dam</strong></span> <span class='ocrx_word' id='word_1_440' title='bbox 953 4494 1085 4544; x_wconf 73' lang='lat' dir='ltr'><strong>bene</strong></span> <span class='ocrx_word' id='word_1_441' title='bbox 1125 4500 1352 4549; x_wconf 77' lang='lat' dir='ltr'><strong>ornatae,</strong></span> <span class='ocrx_word' id='word_1_442' title='bbox 1387 4497 1439 4541; x_wconf 87' lang='lat' dir='ltr'><strong>ct</strong></span> <span class='ocrx_word' id='word_1_443' title='bbox 1469 4504 1587 4556; x_wconf 69' lang='lat' dir='ltr'><strong>quae</strong></span> <span class='ocrx_word' id='word_1_444' title='bbox 1625 4487 1766 4541; x_wconf 90' lang='lat' dir='ltr'><strong>collo</strong></span> <span class='ocrx_word' id='word_1_445' title='bbox 1803 4489 2084 4556; x_wconf 83' lang='lat' dir='ltr'><strong>gestabant</strong></span> <span class='ocrx_word' id='word_1_446' title='bbox 2128 4487 2365 4548; x_wconf 83' lang='lat' dir='ltr'><strong>monilia,</strong></span> 
     </span>
    </p>
   </div>
   <div class='ocr_carea' id='block_1_63' title="bbox 2470 2007 4054 2081">
    <p class='ocr_par' dir='ltr' id='par_1_63' title="bbox 2470 2007 4054 2081">
     <span class='ocr_line' id='line_1_63' title="bbox 2470 2007 4054 2081; baseline -0.003 -20"><span class='ocrx_word' id='word_1_447' title='bbox 2470 2009 2529 2061; x_wconf 85' lang='lat'><strong>&#39;0</strong></span> <span class='ocrx_word' id='word_1_448' title='bbox 2561 2009 2617 2061; x_wconf 83' lang='grc' dir='ltr'>δὲ</span> <span class='ocrx_word' id='word_1_449' title='bbox 2652 2010 2856 2081; x_wconf 80' lang='grc' dir='ltr'>πραείᾳ</span> <span class='ocrx_word' id='word_1_450' title='bbox 2887 2010 2980 2061; x_wconf 76' lang='grc' dir='ltr'>καὶ</span> <span class='ocrx_word' id='word_1_451' title='bbox 3007 2009 3216 2079; x_wconf 85' lang='grc' dir='ltr'>γαληνῇ</span> <span class='ocrx_word' id='word_1_452' title='bbox 3240 2012 3305 2079; x_wconf 80' lang='grc' dir='ltr'>τῇ</span> <span class='ocrx_word' id='word_1_453' title='bbox 3332 2011 3510 2077; x_wconf 78' lang='grc' dir='ltr'>φωνῇ,</span> <span class='ocrx_word' id='word_1_454' title='bbox 3537 2008 3784 2077; x_wconf 80' lang='grc' dir='ltr'>Σήμερον</span> <span class='ocrx_word' id='word_1_455' title='bbox 3805 2007 3836 2058; x_wconf 81' lang='grc' dir='ltr'>ὁ</span> <span class='ocrx_word' id='word_1_456' title='bbox 3864 2023 4054 2058; x_wconf 82' lang='grc' dir='ltr'>ταπει-</span> 
     </span>
    </p>
   </div>
   <div class='ocr_carea' id='block_1_64' title="bbox 2460 2098 4056 2170">
    <p class='ocr_par' dir='ltr' id='par_1_64' title="bbox 2460 2098 4056 2170">
     <span class='ocr_line' id='line_1_64' title="bbox 2460 2098 4056 2170; baseline -0.005 -15"><span class='ocrx_word' id='word_1_457' title='bbox 2460 2103 2549 2164; x_wconf 83' lang='grc' dir='ltr'><strong>νὸς</strong></span> <span class='ocrx_word' id='word_1_458' title='bbox 2591 2102 2864 2170; x_wconf 83' lang='grc' dir='ltr'>Ἰωάννης.</span> <span class='ocrx_word' id='word_1_459' title='bbox 2911 2099 3055 2166; x_wconf 84' lang='grc' dir='ltr'>εἷπε,</span> <span class='ocrx_word' id='word_1_460' title='bbox 3113 2101 3305 2170; x_wconf 83' lang='grc' dir='ltr'>μισθὸν</span> <span class='ocrx_word' id='word_1_461' title='bbox 3365 2101 3475 2154; x_wconf 77' lang='grc' dir='ltr'>οὐδ’</span> <span class='ocrx_word' id='word_1_462' title='bbox 3510 2101 3614 2152; x_wconf 85' lang='grc' dir='ltr'><strong>ὑπό</strong></span> <span class='ocrx_word' id='word_1_463' title='bbox 3653 2117 3799 2160; x_wconf 81' lang='grc' dir='ltr'>τινος</span> <span class='ocrx_word' id='word_1_464' title='bbox 3855 2098 4056 2150; x_wconf 72' lang='grc' dir='ltr'>οὐδένα</span> 
     </span>
    </p>
   </div>
   <div class='ocr_carea' id='block_1_65' title="bbox 2459 2192 4053 2263">
    <p class='ocr_par' dir='ltr' id='par_1_65' title="bbox 2459 2192 4053 2263">
     <span class='ocr_line' id='line_1_65' title="bbox 2459 2192 4053 2263; baseline -0.003 -18"><span class='ocrx_word' id='word_1_465' title='bbox 2459 2193 2840 2263; x_wconf 82' lang='grc' dir='ltr'>διεκομίσατο,</span> <span class='ocrx_word' id='word_1_466' title='bbox 2896 2194 3005 2247; x_wconf 76' lang='grc' dir='ltr'>οὐδ’</span> <span class='ocrx_word' id='word_1_467' title='bbox 3050 2193 3175 2263; x_wconf 82' lang='grc' dir='ltr'>ἔσχε</span> <span class='ocrx_word' id='word_1_468' title='bbox 3207 2194 3403 2263; x_wconf 86' lang='grc' dir='ltr'>μικρόν</span> <span class='ocrx_word' id='word_1_469' title='bbox 3433 2211 3482 2245; x_wconf 91' lang='grc' dir='ltr'><strong>τι</strong></span> <span class='ocrx_word' id='word_1_470' title='bbox 3524 2194 3614 2244; x_wconf 78' lang='grc' dir='ltr'><strong>καὶ</strong></span> <span class='ocrx_word' id='word_1_471' title='bbox 3649 2192 3710 2244; x_wconf 70' lang='grc' dir='ltr'>τὸ</span> <span class='ocrx_word' id='word_1_472' title='bbox 3757 2195 3928 2261; x_wconf 74' lang='grc' dir='ltr'>τυχὸν</span> <span class='ocrx_word' id='word_1_473' title='bbox 3963 2193 4053 2255; x_wconf 75' lang='grc' dir='ltr'><strong>ἐξ·</strong></span> 
     </span>
    </p>
   </div>
   <div class='ocr_carea' id='block_1_66' title="bbox 2466 2284 4049 2358">
    <p class='ocr_par' dir='ltr' id='par_1_66' title="bbox 2466 2284 4049 2358">
     <span class='ocr_line' id='line_1_66' title="bbox 2466 2284 4049 2358; baseline -0.002 -23"><span class='ocrx_word' id='word_1_474' title='bbox 2466 2287 2690 2356; x_wconf 84' lang='grc' dir='ltr'>ίλασμα,</span> <span class='ocrx_word' id='word_1_475' title='bbox 2712 2287 2851 2358; x_wconf 78' lang='grc' dir='ltr'>ὑπὲρ</span> <span class='ocrx_word' id='word_1_476' title='bbox 2876 2287 2982 2340; x_wconf 84' lang='grc' dir='ltr'><strong>τῶν</strong></span> <span class='ocrx_word' id='word_1_477' title='bbox 3020 2287 3269 2357; x_wconf 75' lang='grc' dir='ltr'><strong>μεγάλων</strong></span> <span class='ocrx_word' id='word_1_478' title='bbox 3294 2287 3458 2338; x_wconf 74' lang='grc' dir='ltr'>αὑτοῦ</span> <span class='ocrx_word' id='word_1_479' title='bbox 3494 2289 3584 2338; x_wconf 76' lang='grc' dir='ltr'><strong>καὶ</strong></span> <span class='ocrx_word' id='word_1_480' title='bbox 3620 2286 3832 2337; x_wconf 82' lang='grc' dir='ltr'>πολλῶν</span> <span class='ocrx_word' id='word_1_481' title='bbox 3869 2284 4049 2351; x_wconf 49' lang='grc' dir='ltr'>σξαλ-</span> 
     </span>
    </p>
   </div>
   <div class='ocr_carea' id='block_1_67' title="bbox 2465 2374 4050 2448">
    <p class='ocr_par' dir='ltr' id='par_1_67' title="bbox 2465 2374 4050 2448">
     <span class='ocr_line' id='line_1_67' title="bbox 2465 2374 4050 2448; baseline -0.004 -17"><span class='ocrx_word' id='word_1_482' title='bbox 2465 2379 2651 2446; x_wconf 85' lang='grc' dir='ltr'>μάτων</span> <span class='ocrx_word' id='word_1_483' title='bbox 2681 2382 3074 2448; x_wconf 84' lang='grc' dir='ltr'>προσενεγκεῖν</span> <span class='ocrx_word' id='word_1_484' title='bbox 3099 2377 3175 2446; x_wconf 81' lang='grc' dir='ltr'><strong>τῷ</strong></span> <span class='ocrx_word' id='word_1_485' title='bbox 3224 2377 3445 2446; x_wconf 82' lang='grc' dir='ltr'>Χριστῷ</span> <span class='ocrx_word' id='word_1_486' title='bbox 3472 2415 3486 2439; x_wconf 92' lang='grc'><strong>,</strong></span> <span class='ocrx_word' id='word_1_487' title='bbox 3535 2375 3726 2445; x_wconf 82' lang='grc' dir='ltr'>ὥσπερ</span> <span class='ocrx_word' id='word_1_488' title='bbox 3762 2374 3897 2441; x_wconf 79' lang='grc' dir='ltr'>γοῦν</span> <span class='ocrx_word' id='word_1_489' title='bbox 3923 2375 4050 2425; x_wconf 64' lang='grc' dir='ltr'>οὐδὲ</span> 
     </span>
    </p>
   </div>
   <div class='ocr_carea' id='block_1_68' title="bbox 2461 2468 4057 2536">
    <p class='ocr_par' dir='ltr' id='par_1_68' title="bbox 2461 2468 4057 2536">
     <span class='ocr_line' id='line_1_68' title="bbox 2461 2468 4057 2536; baseline -0.006 -12"><span class='ocrx_word' id='word_1_490' title='bbox 2461 2469 2650 2524; x_wconf 77' lang='grc' dir='ltr'>ἄλλοτέ</span> <span class='ocrx_word' id='word_1_491' title='bbox 2705 2487 2867 2522; x_wconf 88' lang='grc' dir='ltr'>ποτε.</span> <span class='ocrx_word' id='word_1_492' title='bbox 2906 2468 2972 2522; x_wconf 86' lang='grc' dir='ltr'>Τί</span> <span class='ocrx_word' id='word_1_493' title='bbox 3008 2469 3165 2521; x_wconf 84' lang='grc' dir='ltr'>τοῦτο</span> <span class='ocrx_word' id='word_1_494' title='bbox 3205 2470 3414 2522; x_wconf 80' lang='grc' dir='ltr'>ἐκείνου</span> <span class='ocrx_word' id='word_1_495' title='bbox 3475 2469 3719 2528; x_wconf 77' lang='grc' dir='ltr'>ἔλαττον,</span> <span class='ocrx_word' id='word_1_496' title='bbox 3757 2470 3805 2519; x_wconf 81' lang='grc' dir='ltr'>εἰ</span> <span class='ocrx_word' id='word_1_497' title='bbox 3843 2468 3923 2536; x_wconf 75' lang='grc' dir='ltr'>μὴ</span> <span class='ocrx_word' id='word_1_498' title='bbox 3958 2469 4057 2517; x_wconf 66' lang='grc' dir='ltr'><strong>καὶ</strong></span> 
     </span>
    </p>
   </div>
   <div class='ocr_carea' id='block_1_69' title="bbox 2467 2559 4058 2631">
    <p class='ocr_par' dir='ltr' id='par_1_69' title="bbox 2467 2559 4058 2631">
     <span class='ocr_line' id='line_1_69' title="bbox 2467 2559 4058 2631; baseline -0.003 -18"><span class='ocrx_word' id='word_1_499' title='bbox 2467 2560 2650 2631; x_wconf 76' lang='grc' dir='ltr'>μεῖζον</span> <span class='ocrx_word' id='word_1_500' title='bbox 2680 2563 2849 2629; x_wconf 78' lang='grc' dir='ltr'>ἐρεῖς,</span> <span class='ocrx_word' id='word_1_501' title='bbox 2885 2561 2910 2612; x_wconf 97' lang='lat'><strong>6</strong></span> <span class='ocrx_word' id='word_1_502' title='bbox 2939 2561 3098 2614; x_wconf 85' lang='grc' dir='ltr'>Τίτου</span> <span class='ocrx_word' id='word_1_503' title='bbox 3124 2559 3218 2612; x_wconf 78' lang='grc' dir='ltr'>τοῦ</span> <span class='ocrx_word' id='word_1_504' title='bbox 3257 2560 3544 2628; x_wconf 79' lang='grc' dir='ltr'>Ῥωμαίων</span> <span class='ocrx_word' id='word_1_505' title='bbox 3568 2559 3831 2628; x_wconf 79' lang='grc' dir='ltr'>ἄρξαντος</span> <span class='ocrx_word' id='word_1_506' title='bbox 3862 2559 4058 2625; x_wconf 73' lang='grc' dir='ltr'>λέγου-</span> 
     </span>
    </p>
   </div>
   <div class='ocr_carea' id='block_1_70' title="bbox 2464 2649 4058 2723">
    <p class='ocr_par' dir='ltr' id='par_1_70' title="bbox 2464 2649 4058 2723">
     <span class='ocr_line' id='line_1_70' title="bbox 2464 2649 4058 2723; baseline -0.003 -18"><span class='ocrx_word' id='word_1_507' title='bbox 2464 2671 2548 2705; x_wconf 90' lang='grc' dir='ltr'><strong>σιν</strong></span> <span class='ocrx_word' id='word_1_508' title='bbox 2570 2649 2730 2717; x_wconf 79' lang='grc' dir='ltr'>εἶναι,</span> <span class='ocrx_word' id='word_1_509' title='bbox 2764 2653 2822 2705; x_wconf 75' lang='grc' dir='ltr'><strong>τὸ</strong></span> <span class='ocrx_word' id='word_1_510' title='bbox 2855 2653 2927 2722; x_wconf 81' lang='grc' dir='ltr'>μὴ</span> <span class='ocrx_word' id='word_1_511' title='bbox 2950 2652 3266 2723; x_wconf 75' lang='grc' dir='ltr'>βασιλεῦσαι</span> <span class='ocrx_word' id='word_1_512' title='bbox 3297 2653 3535 2722; x_wconf 80' lang='grc' dir='ltr'>σήμερον</span> <span class='ocrx_word' id='word_1_513' title='bbox 3558 2655 3754 2721; x_wconf 81' lang='grc' dir='ltr'>εἰπεῖν,</span> <span class='ocrx_word' id='word_1_514' title='bbox 3788 2652 3914 2702; x_wconf 72' lang='grc' dir='ltr'>ἐπεὶ</span> <span class='ocrx_word' id='word_1_515' title='bbox 3946 2668 4058 2718; x_wconf 77' lang='grc' dir='ltr'>μη-</span> 
     </span>
    </p>
   </div>
   <div class='ocr_carea' id='block_1_71' title="bbox 2461 2743 4058 2812">
    <p class='ocr_par' dir='ltr' id='par_1_71' title="bbox 2461 2743 4058 2812">
     <span class='ocr_line' id='line_1_71' title="bbox 2461 2743 4058 2812; baseline -0.003 -16"><span class='ocrx_word' id='word_1_516' title='bbox 2461 2745 2585 2796; x_wconf 88' lang='grc' dir='ltr'>δένα</span> <span class='ocrx_word' id='word_1_517' title='bbox 2648 2745 3130 2812; x_wconf 76' lang='grc' dir='ltr'>εὐεργετήσαμενς</span> <span class='ocrx_word' id='word_1_518' title='bbox 3210 2745 3267 2796; x_wconf 87' lang='grc' dir='ltr'><strong>Ὀ</strong></span> <span class='ocrx_word' id='word_1_519' title='bbox 3305 2746 3484 2795; x_wconf 82' lang='grc' dir='ltr'>τοίνυν</span> <span class='ocrx_word' id='word_1_520' title='bbox 3542 2745 3685 2809; x_wconf 57' lang='grc' dir='ltr'>ἱερῆς</span> <span class='ocrx_word' id='word_1_521' title='bbox 3736 2743 4058 2810; x_wconf 63' lang='grc' dir='ltr'>Σωςρόνιος</span> 
     </span>
    </p>
   </div>
   <div class='ocr_carea' id='block_1_72' title="bbox 2467 2835 4060 2905">
    <p class='ocr_par' dir='ltr' id='par_1_72' title="bbox 2467 2835 4060 2905">
     <span class='ocr_line' id='line_1_72' title="bbox 2467 2835 4060 2905; baseline -0.004 -17"><span class='ocrx_word' id='word_1_522' title='bbox 2467 2837 2652 2898; x_wconf 67' lang='grc' dir='ltr'>συνεὶς</span> <span class='ocrx_word' id='word_1_523' title='bbox 2684 2836 2711 2888; x_wconf 88' lang='lat'><strong>6</strong></span> <span class='ocrx_word' id='word_1_524' title='bbox 2743 2838 2800 2888; x_wconf 69' lang='grc' dir='ltr'>τὸ</span> <span class='ocrx_word' id='word_1_525' title='bbox 2831 2835 2994 2905; x_wconf 73' lang='grc' dir='ltr'>ῥηθὲν</span> <span class='ocrx_word' id='word_1_526' title='bbox 3049 2835 3197 2905; x_wconf 80' lang='grc' dir='ltr'>αὐτῷ</span> <span class='ocrx_word' id='word_1_527' title='bbox 3236 2835 3505 2894; x_wconf 78' lang='grc' dir='ltr'>ἐϐούλετο.</span> <span class='ocrx_word' id='word_1_528' title='bbox 3541 2837 3765 2904; x_wconf 80' lang='grc' dir='ltr'>Χαίρειν</span> <span class='ocrx_word' id='word_1_529' title='bbox 3794 2837 3906 2887; x_wconf 74' lang='grc' dir='ltr'>ἔδει</span> <span class='ocrx_word' id='word_1_530' title='bbox 3957 2838 4060 2901; x_wconf 66' lang='grc' dir='ltr'><strong>σή-</strong></span> 
     </span>
    </p>
   </div>
   <div class='ocr_carea' id='block_1_73' title="bbox 2468 2922 4062 2997">
    <p class='ocr_par' dir='ltr' id='par_1_73' title="bbox 2468 2922 4062 2997">
     <span class='ocr_line' id='line_1_73' title="bbox 2468 2922 4062 2997; baseline -0.003 -19"><span class='ocrx_word' id='word_1_531' title='bbox 2468 2945 2630 2997; x_wconf 90' lang='grc' dir='ltr'>μερον</span> <span class='ocrx_word' id='word_1_532' title='bbox 2666 2929 2760 2979; x_wconf 73' lang='grc' dir='ltr'><strong>καὶ</strong></span> <span class='ocrx_word' id='word_1_533' title='bbox 2789 2927 3072 2995; x_wconf 66' lang='grc' dir='ltr'>εῷθυμεῖν,</span> <span class='ocrx_word' id='word_1_534' title='bbox 3115 2927 3501 2996; x_wconf 80' lang='grc' dir='ltr'>μακαριώτατε</span> <span class='ocrx_word' id='word_1_535' title='bbox 3528 2927 3783 2986; x_wconf 82' lang='grc' dir='ltr'>δέσποτα,</span> <span class='ocrx_word' id='word_1_536' title='bbox 3812 2925 3935 2977; x_wconf 76' lang='grc' dir='ltr'>ἀνθ’</span> <span class='ocrx_word' id='word_1_537' title='bbox 3980 2922 4062 2976; x_wconf 70' lang='grc' dir='ltr'>ὦν</span> 
     </span>
    </p>
   </div>
   <div class='ocr_carea' id='block_1_74' title="bbox 2462 3003 4060 3089">
    <p class='ocr_par' dir='ltr' id='par_1_74' title="bbox 2462 3018 4060 3089">
     <span class='ocr_line' id='line_1_74' title="bbox 2462 3018 4060 3089; baseline -0.001 -18"><span class='ocrx_word' id='word_1_538' title='bbox 2462 3018 2604 3072; x_wconf 76' lang='grc' dir='ltr'>οὕτω</span> <span class='ocrx_word' id='word_1_539' title='bbox 2633 3021 2729 3089; x_wconf 82' lang='grc' dir='ltr'><strong>τὴν</strong></span> <span class='ocrx_word' id='word_1_540' title='bbox 2769 3020 3152 3072; x_wconf 81' lang='grc' dir='ltr'>πιστευθεῖσὰν</span> <span class='ocrx_word' id='word_1_541' title='bbox 3199 3037 3280 3072; x_wconf 90' lang='grc' dir='ltr'><strong>σοι</strong></span> <span class='ocrx_word' id='word_1_542' title='bbox 3330 3020 3566 3087; x_wconf 80' lang='grc' dir='ltr'>ποίμνην</span> <span class='ocrx_word' id='word_1_543' title='bbox 3614 3020 3712 3086; x_wconf 77' lang='grc' dir='ltr'><strong>ζῇν</strong></span> <span class='ocrx_word' id='word_1_544' title='bbox 3759 3019 3817 3070; x_wconf 78' lang='grc' dir='ltr'>ὲν</span> <span class='ocrx_word' id='word_1_545' title='bbox 3850 3019 4060 3086; x_wconf 76' lang='grc' dir='ltr'>εξρὴ·.η</span> 
     </span>
    </p>
   </div>
   <div class='ocr_carea' id='block_1_75' title="bbox 2465 3107 4064 3188">
    <p class='ocr_par' dir='ltr' id='par_1_75' title="bbox 2465 3107 4064 3188">
     <span class='ocr_line' id='line_1_75' title="bbox 2465 3107 4064 3188; baseline -0.002 -26"><span class='ocrx_word' id='word_1_546' title='bbox 2465 3111 2900 3180; x_wconf 76' lang='grc' dir='ltr'>παρεσκεύασας,</span> <span class='ocrx_word' id='word_1_547' title='bbox 2928 3112 2999 3172; x_wconf 72' lang='grc' dir='ltr'><strong>ὡς</strong></span> <span class='ocrx_word' id='word_1_548' title='bbox 3041 3111 3244 3188; x_wconf 76' lang='grc' dir='ltr'>μηδένα</span> <span class='ocrx_word' id='word_1_549' title='bbox 3279 3112 3398 3180; x_wconf 87' lang='grc' dir='ltr'>μηδ’</span> <span class='ocrx_word' id='word_1_550' title='bbox 3438 3107 3640 3174; x_wconf 71' lang='grc' dir='ltr'>οὗτινος</span> <span class='ocrx_word' id='word_1_551' title='bbox 3666 3108 3758 3163; x_wconf 65' lang='grc' dir='ltr'>οἷν</span> <span class='ocrx_word' id='word_1_552' title='bbox 3789 3112 3930 3180; x_wconf 67' lang='grc' dir='ltr'>πρὸς</span> <span class='ocrx_word' id='word_1_553' title='bbox 3965 3115 4064 3162; x_wconf 64' lang='grc' dir='ltr'><strong>τὶν</strong></span> 
     </span>
    </p>
   </div>
   <div class='ocr_carea' id='block_1_76' title="bbox 2388 3203 4063 3294">
    <p class='ocr_par' dir='ltr' id='par_1_76' title="bbox 2388 3203 4063 3294">
     <span class='ocr_line' id='line_1_76' title="bbox 2388 3203 4063 3294; baseline -0.003 -38"><span class='ocrx_word' id='word_1_554' title='bbox 2388 3233 2431 3294; x_wconf 80' lang='lat' dir='ltr'>C</span> <span class='ocrx_word' id='word_1_555' title='bbox 2469 3205 2694 3274; x_wconf 81' lang='grc' dir='ltr'>πλησίον</span> <span class='ocrx_word' id='word_1_556' title='bbox 2738 3205 3125 3271; x_wconf 63' lang='grc' dir='ltr'>ἀμφισϐητεῖν,</span> <span class='ocrx_word' id='word_1_557' title='bbox 3187 3203 3302 3255; x_wconf 84' lang='grc' dir='ltr'>ἀλλ’</span> <span class='ocrx_word' id='word_1_558' title='bbox 3336 3203 3526 3273; x_wconf 73' lang='grc' dir='ltr'>ὥσπερ</span> <span class='ocrx_word' id='word_1_559' title='bbox 3576 3204 3727 3265; x_wconf 69' lang='grc' dir='ltr'>τινας</span> <span class='ocrx_word' id='word_1_560' title='bbox 3775 3204 4063 3269; x_wconf 60' lang='grc' dir='ltr'>ἀγγέλοις</span> 
     </span>
    </p>
   </div>
   <div class='ocr_carea' id='block_1_77' title="bbox 2466 3298 4068 3368">
    <p class='ocr_par' dir='ltr' id='par_1_77' title="bbox 2466 3298 4068 3368">
     <span class='ocr_line' id='line_1_77' title="bbox 2466 3298 4068 3368; baseline -0.003 -16"><span class='ocrx_word' id='word_1_561' title='bbox 2466 3301 2693 3368; x_wconf 78' lang='grc' dir='ltr'>ἀμάχως</span> <span class='ocrx_word' id='word_1_562' title='bbox 2720 3299 2925 3366; x_wconf 73' lang='grc' dir='ltr'>διάγειν</span> <span class='ocrx_word' id='word_1_563' title='bbox 2956 3299 3080 3360; x_wconf 79' lang='grc' dir='ltr'>τοὺς</span> <span class='ocrx_word' id='word_1_564' title='bbox 3131 3298 3451 3366; x_wconf 80' lang='grc' dir='ltr'>ἀνθρώπους</span> <span class='ocrx_word' id='word_1_565' title='bbox 3501 3299 3592 3349; x_wconf 80' lang='grc' dir='ltr'><strong>ἐπὶ</strong></span> <span class='ocrx_word' id='word_1_566' title='bbox 3639 3299 3738 3364; x_wconf 68' lang='grc' dir='ltr'><strong>τῆς</strong></span> <span class='ocrx_word' id='word_1_567' title='bbox 3785 3299 3912 3364; x_wconf 78' lang='grc' dir='ltr'>γῆς.</span> <span class='ocrx_word' id='word_1_568' title='bbox 3973 3299 4068 3358; x_wconf 85' lang='grc' dir='ltr'>Ὠς</span> 
     </span>
    </p>
   </div>
   <div class='ocr_carea' id='block_1_78' title="bbox 2465 3387 4064 3460">
    <p class='ocr_par' dir='ltr' id='par_1_78' title="bbox 2465 3387 4064 3460">
     <span class='ocr_line' id='line_1_78' title="bbox 2465 3387 4064 3460; baseline -0.004 -17"><span class='ocrx_word' id='word_1_569' title='bbox 2465 3391 2556 3443; x_wconf 78' lang='grc' dir='ltr'><strong>οὖν</strong></span> <span class='ocrx_word' id='word_1_570' title='bbox 2577 3390 2773 3460; x_wconf 82' lang='grc' dir='ltr'>ἀληθὲς</span> <span class='ocrx_word' id='word_1_571' title='bbox 2820 3387 3050 3442; x_wconf 79' lang='grc' dir='ltr'>εἶναιτὸ</span> <span class='ocrx_word' id='word_1_572' title='bbox 3109 3389 3273 3460; x_wconf 76' lang='grc' dir='ltr'>ῥηθὲν</span> <span class='ocrx_word' id='word_1_573' title='bbox 3332 3387 3586 3458; x_wconf 71' lang='grc' dir='ltr'>εὕρισκεν</span> <span class='ocrx_word' id='word_1_574' title='bbox 3637 3390 3665 3439; x_wconf 81' lang='grc' dir='ltr'>ὁ</span> <span class='ocrx_word' id='word_1_575' title='bbox 3716 3390 4064 3455; x_wconf 73' lang='grc' dir='ltr'>πραότατος,</span> 
     </span>
    </p>
   </div>
   <div class='ocr_carea' id='block_1_79' title="bbox 2467 3479 4063 3549">
    <p class='ocr_par' dir='ltr' id='par_1_79' title="bbox 2467 3479 4063 3549">
     <span class='ocr_line' id='line_1_79' title="bbox 2467 3479 4063 3549; baseline -0.002 -17"><span class='ocrx_word' id='word_1_576' title='bbox 2467 3482 2558 3532; x_wconf 72' lang='grc' dir='ltr'><strong>ἐπὶ</strong></span> <span class='ocrx_word' id='word_1_577' title='bbox 2591 3481 2650 3532; x_wconf 84' lang='grc' dir='ltr'>τὸ</span> <span class='ocrx_word' id='word_1_578' title='bbox 2681 3481 3044 3549; x_wconf 74' lang='grc' dir='ltr'>εὐθυμότερον</span> <span class='ocrx_word' id='word_1_579' title='bbox 3080 3480 3239 3540; x_wconf 71' lang='grc' dir='ltr'>εὐθὺς</span> <span class='ocrx_word' id='word_1_580' title='bbox 3278 3479 3660 3548; x_wconf 79' lang='grc' dir='ltr'>μετεϐάλλετο,</span> <span class='ocrx_word' id='word_1_581' title='bbox 3698 3481 3792 3531; x_wconf 75' lang='grc' dir='ltr'><strong>καὶ</strong></span> <span class='ocrx_word' id='word_1_582' title='bbox 3824 3479 3902 3548; x_wconf 78' lang='grc' dir='ltr'>τῷ</span> <span class='ocrx_word' id='word_1_583' title='bbox 3935 3480 4063 3546; x_wconf 72' lang='grc' dir='ltr'>θεῷ</span> 
     </span>
    </p>
   </div>
   <div class='ocr_carea' id='block_1_80' title="bbox 2467 3572 4066 3644">
    <p class='ocr_par' dir='ltr' id='par_1_80' title="bbox 2467 3572 4066 3644">
     <span class='ocr_line' id='line_1_80' title="bbox 2467 3572 4066 3644; baseline -0.004 -18"><span class='ocrx_word' id='word_1_584' title='bbox 2467 3575 2694 3644; x_wconf 80' lang='grc' dir='ltr'>χάριτας</span> <span class='ocrx_word' id='word_1_585' title='bbox 2724 3574 2863 3642; x_wconf 80' lang='grc' dir='ltr'>ὑπὲρ</span> <span class='ocrx_word' id='word_1_586' title='bbox 2893 3573 3083 3624; x_wconf 80' lang='grc' dir='ltr'>τουτου</span> <span class='ocrx_word' id='word_1_587' title='bbox 3117 3572 3462 3641; x_wconf 77' lang='grc' dir='ltr'>διωμολόγει.</span> <span class='ocrx_word' id='word_1_588' title='bbox 3517 3573 3687 3625; x_wconf 81' lang='grc' dir='ltr'>Τοῦτό</span> <span class='ocrx_word' id='word_1_589' title='bbox 3715 3590 3845 3640; x_wconf 62' lang='grc' dir='ltr'>φασι</span> <span class='ocrx_word' id='word_1_590' title='bbox 3883 3576 4066 3641; x_wconf 63' lang='grc' dir='ltr'>μιμή-</span> 
     </span>
    </p>
   </div>
   <div class='ocr_carea' id='block_1_81' title="bbox 2470 3664 4063 3734">
    <p class='ocr_par' dir='ltr' id='par_1_81' title="bbox 2470 3664 4063 3734">
     <span class='ocr_line' id='line_1_81' title="bbox 2470 3664 4063 3734; baseline -0.001 -16"><span class='ocrx_word' id='word_1_591' title='bbox 2470 3665 2661 3718; x_wconf 84' lang='grc' dir='ltr'>σασθαι</span> <span class='ocrx_word' id='word_1_592' title='bbox 2695 3665 2786 3718; x_wconf 77' lang='grc' dir='ltr'>καὶ</span> <span class='ocrx_word' id='word_1_593' title='bbox 2824 3664 2914 3716; x_wconf 84' lang='grc' dir='ltr'><strong>τὸν</strong></span> <span class='ocrx_word' id='word_1_594' title='bbox 2965 3665 3104 3734; x_wconf 74' lang='grc' dir='ltr'>μετὰ</span> <span class='ocrx_word' id='word_1_595' title='bbox 3147 3664 3469 3734; x_wconf 71' lang='grc' dir='ltr'>Ἡράκλειον</span> <span class='ocrx_word' id='word_1_596' title='bbox 3493 3665 3588 3734; x_wconf 81' lang='grc' dir='ltr'><strong>τῆς</strong></span> <span class='ocrx_word' id='word_1_597' title='bbox 3641 3664 3922 3734; x_wconf 81' lang='grc' dir='ltr'>βασιλείας</span> <span class='ocrx_word' id='word_1_598' title='bbox 3957 3665 4063 3731; x_wconf 65' lang='grc' dir='ltr'><strong>ἆρ-</strong></span> 
     </span>
    </p>
   </div>
   <div class='ocr_carea' id='block_1_82' title="bbox 2469 3755 4062 3826">
    <p class='ocr_par' dir='ltr' id='par_1_82' title="bbox 2469 3755 4062 3826">
     <span class='ocr_line' id='line_1_82' title="bbox 2469 3755 4062 3826; baseline 0 -17"><span class='ocrx_word' id='word_1_599' title='bbox 2469 3757 2632 3821; x_wconf 86' lang='grc' dir='ltr'>ξαντα</span> <span class='ocrx_word' id='word_1_600' title='bbox 2673 3758 3104 3818; x_wconf 80' lang='grc' dir='ltr'>Κωνσταντῖνον,</span> <span class='ocrx_word' id='word_1_601' title='bbox 3139 3755 3196 3820; x_wconf 87' lang='grc' dir='ltr'>ὃς</span> <span class='ocrx_word' id='word_1_602' title='bbox 3230 3757 3324 3810; x_wconf 70' lang='grc' dir='ltr'><strong>καὶ</strong></span> <span class='ocrx_word' id='word_1_603' title='bbox 3375 3756 3516 3808; x_wconf 77' lang='grc' dir='ltr'>κατὰ</span> <span class='ocrx_word' id='word_1_604' title='bbox 3547 3755 3766 3826; x_wconf 77' lang='grc' dir='ltr'>πνεῦμα</span> <span class='ocrx_word' id='word_1_605' title='bbox 3797 3759 3914 3819; x_wconf 70' lang='grc' dir='ltr'>υἱὸς</span> <span class='ocrx_word' id='word_1_606' title='bbox 3960 3757 4062 3810; x_wconf 76' lang='grc' dir='ltr'>τοῦ</span> 
     </span>
    </p>
   </div>
   <div class='ocr_carea' id='block_1_83' title="bbox 2469 3848 3152 3917">
    <p class='ocr_par' dir='ltr' id='par_1_83' title="bbox 2469 3848 3152 3917">
     <span class='ocr_line' id='line_1_83' title="bbox 2469 3848 3152 3917; baseline -0.001 -16"><span class='ocrx_word' id='word_1_607' title='bbox 2469 3850 2615 3901; x_wconf 85' lang='grc' dir='ltr'>θείου</span> <span class='ocrx_word' id='word_1_608' title='bbox 2648 3848 2840 3917; x_wconf 76' lang='grc' dir='ltr'>ἀνδρὸς</span> <span class='ocrx_word' id='word_1_609' title='bbox 2888 3848 3152 3916; x_wconf 80' lang='grc' dir='ltr'>ἐγεγόνει.</span> 
     </span>
    </p>
   </div>
   <div class='ocr_carea' id='block_1_84' title="bbox 2543 4032 4067 4105">
    <p class='ocr_par' dir='ltr' id='par_1_84' title="bbox 2543 4032 4067 4105">
     <span class='ocr_line' id='line_1_84' title="bbox 2543 4032 4067 4105; baseline 0.003 -21"><span class='ocrx_word' id='word_1_610' title='bbox 2543 4032 2600 4086; x_wconf 89' lang='lat' dir='ltr'><strong>l&#39;.</strong></span> <span class='ocrx_word' id='word_1_611' title='bbox 2661 4034 2800 4085; x_wconf 82' lang='grc' dir='ltr'>Ἀλλ’</span> <span class='ocrx_word' id='word_1_612' title='bbox 2858 4034 3066 4104; x_wconf 74' lang='grc' dir='ltr'>ἐκέσθω</span> <span class='ocrx_word' id='word_1_613' title='bbox 3097 4035 3206 4087; x_wconf 83' lang='grc' dir='ltr'><strong>τῶν</strong></span> <span class='ocrx_word' id='word_1_614' title='bbox 3247 4036 3626 4105; x_wconf 82' lang='grc' dir='ltr'>προκειμένων</span> <span class='ocrx_word' id='word_1_615' title='bbox 3683 4039 3712 4089; x_wconf 87' lang='lat'><strong>6</strong></span> <span class='ocrx_word' id='word_1_616' title='bbox 3744 4037 3927 4103; x_wconf 84' lang='grc' dir='ltr'>λόγος,</span> <span class='ocrx_word' id='word_1_617' title='bbox 3963 4039 4067 4089; x_wconf 75' lang='grc' dir='ltr'><strong>καὶ</strong></span> 
     </span>
    </p>
   </div>
   <div class='ocr_carea' id='block_1_85' title="bbox 2469 4125 4064 4197">
    <p class='ocr_par' dir='ltr' id='par_1_85' title="bbox 2469 4125 4064 4197">
     <span class='ocr_line' id='line_1_85' title="bbox 2469 4125 4064 4197; baseline 0.004 -22"><span class='ocrx_word' id='word_1_618' title='bbox 2469 4125 2662 4186; x_wconf 81' lang='grc' dir='ltr'>ἀκοαῖς</span> <span class='ocrx_word' id='word_1_619' title='bbox 2715 4126 2906 4176; x_wconf 80' lang='grc' dir='ltr'>διδότω</span> <span class='ocrx_word' id='word_1_620' title='bbox 2969 4127 3036 4178; x_wconf 79' lang='grc' dir='ltr'>τὰ</span> <span class='ocrx_word' id='word_1_621' title='bbox 3075 4128 3244 4194; x_wconf 62' lang='grc' dir='ltr'>ἀκοῆς</span> <span class='ocrx_word' id='word_1_622' title='bbox 3297 4127 3421 4190; x_wconf 73' lang='grc' dir='ltr'>ἄξια</span> <span class='ocrx_word' id='word_1_623' title='bbox 3471 4130 3567 4179; x_wconf 75' lang='grc' dir='ltr'><strong>καὶ</strong></span> <span class='ocrx_word' id='word_1_624' title='bbox 3622 4128 4064 4197; x_wconf 55' lang='grc' dir='ltr'>ὠφελιμώτατα.</span> 
     </span>
    </p>
   </div>
   <div class='ocr_carea' id='block_1_86' title="bbox 2471 4213 4068 4288">
    <p class='ocr_par' dir='ltr' id='par_1_86' title="bbox 2471 4213 4068 4288">
     <span class='ocr_line' id='line_1_86' title="bbox 2471 4213 4068 4288; baseline 0.004 -24"><span class='ocrx_word' id='word_1_625' title='bbox 2471 4215 2602 4265; x_wconf 86' lang='grc' dir='ltr'>Τότε</span> <span class='ocrx_word' id='word_1_626' title='bbox 2636 4213 2766 4280; x_wconf 78' lang='grc' dir='ltr'>γοῦν</span> <span class='ocrx_word' id='word_1_627' title='bbox 2803 4215 2879 4284; x_wconf 82' lang='grc' dir='ltr'>τῷ</span> <span class='ocrx_word' id='word_1_628' title='bbox 2915 4217 3169 4284; x_wconf 84' lang='grc' dir='ltr'>μακαρίῳ</span> <span class='ocrx_word' id='word_1_629' title='bbox 3204 4217 3608 4288; x_wconf 73' lang='grc' dir='ltr'>προσελθόντων</span> <span class='ocrx_word' id='word_1_630' title='bbox 3639 4220 3748 4269; x_wconf 77' lang='grc' dir='ltr'><strong>τῶν</strong></span> <span class='ocrx_word' id='word_1_631' title='bbox 3787 4219 3886 4287; x_wconf 77' lang='grc' dir='ltr'><strong>τὴν</strong></span> <span class='ocrx_word' id='word_1_632' title='bbox 3939 4221 4068 4270; x_wconf 78' lang='grc' dir='ltr'>δια-</span> 
     </span>
    </p>
   </div>
   <div class='ocr_carea' id='block_1_87' title="bbox 2469 4307 4064 4385">
    <p class='ocr_par' dir='ltr' id='par_1_87' title="bbox 2469 4307 4064 4385">
     <span class='ocr_line' id='line_1_87' title="bbox 2469 4307 4064 4385; baseline -0.014 -8"><span class='ocrx_word' id='word_1_633' title='bbox 2469 4307 2639 4375; x_wconf 67' lang='grc' dir='ltr'>νθμὴν</span> <span class='ocrx_word' id='word_1_634' title='bbox 2665 4307 2763 4373; x_wconf 56' lang='grc' dir='ltr'><strong>τὴν</strong></span> <span class='ocrx_word' id='word_1_635' title='bbox 2809 4308 2908 4374; x_wconf 76' lang='grc' dir='ltr'><strong>τῆς</strong></span> <span class='ocrx_word' id='word_1_636' title='bbox 2943 4307 3310 4385; x_wconf 74' lang='grc' dir='ltr'>ἐλεημοσύνης</span> <span class='ocrx_word' id='word_1_637' title='bbox 3375 4310 3803 4375; x_wconf 78' lang='grc' dir='ltr'>πιστευθέντων,</span> <span class='ocrx_word' id='word_1_638' title='bbox 3859 4313 3957 4362; x_wconf 74' lang='grc' dir='ltr'><strong>καί</strong></span> <span class='ocrx_word' id='word_1_639' title='bbox 4005 4329 4064 4362; x_wconf 72' lang='grc' dir='ltr'>τι</span> 
     </span>
    </p>
   </div>
   <div class='ocr_carea' id='block_1_88' title="bbox 2470 4398 4064 4472">
    <p class='ocr_par' dir='ltr' id='par_1_88' title="bbox 2470 4398 4064 4472">
     <span class='ocr_line' id='line_1_88' title="bbox 2470 4398 4064 4472; baseline 0.003 -22"><span class='ocrx_word' id='word_1_640' title='bbox 2470 4398 2678 4450; x_wconf 71' lang='grc' dir='ltr'>τοιοῦτο</span> <span class='ocrx_word' id='word_1_641' title='bbox 2712 4400 3254 4468; x_wconf 78' lang='grc' dir='ltr'>προσαγγειλάντων.</span> <span class='ocrx_word' id='word_1_642' title='bbox 3298 4402 3372 4462; x_wconf 79' lang='grc' dir='ltr'><strong>ὡς</strong></span> <span class='ocrx_word' id='word_1_643' title='bbox 3404 4403 3561 4472; x_wconf 84' lang='grc' dir='ltr'>κόραι</span> <span class='ocrx_word' id='word_1_644' title='bbox 3592 4404 3735 4465; x_wconf 78' lang='grc' dir='ltr'>τινὲς</span> <span class='ocrx_word' id='word_1_645' title='bbox 3763 4406 3975 4468; x_wconf 74' lang='grc' dir='ltr'>κόσμια</span> <span class='ocrx_word' id='word_1_646' title='bbox 4002 4421 4064 4456; x_wconf 86' lang='grc' dir='ltr'><strong>τε</strong></span> 
     </span>
    </p>
   </div>
   <div class='ocr_carea' id='block_1_89' title="bbox 2472 4491 4064 4563">
    <p class='ocr_par' dir='ltr' id='par_1_89' title="bbox 2472 4491 4064 4563">
     <span class='ocr_line' id='line_1_89' title="bbox 2472 4491 4064 4563; baseline 0.004 -21"><span class='ocrx_word' id='word_1_647' title='bbox 2472 4493 2562 4542; x_wconf 68' lang='grc' dir='ltr'><strong>καὶ</strong></span> <span class='ocrx_word' id='word_1_648' title='bbox 2597 4491 2916 4559; x_wconf 82' lang='grc' dir='ltr'>περιδέραια</span> <span class='ocrx_word' id='word_1_649' title='bbox 2943 4493 3408 4562; x_wconf 75' lang='grc' dir='ltr'>περιϐεϐλημέναι</span> <span class='ocrx_word' id='word_1_650' title='bbox 3450 4495 3803 4563; x_wconf 82' lang='grc' dir='ltr'>συνέρχονται</span> <span class='ocrx_word' id='word_1_651' title='bbox 3829 4499 3930 4546; x_wconf 71' lang='grc' dir='ltr'><strong>καὶ</strong></span> <span class='ocrx_word' id='word_1_652' title='bbox 3963 4491 4064 4548; x_wconf 72' lang='grc' dir='ltr'>αὖ-</span> 
     </span>
    </p>
   </div>
   <div class='ocr_carea' id='block_1_90' title="bbox 789 4569 2358 4654">
    <p class='ocr_par' dir='ltr' id='par_1_90' title="bbox 789 4579 2358 4653">
     <span class='ocr_line' id='line_1_90' title="bbox 789 4579 2358 4653; baseline -0.003 -18"><span class='ocrx_word' id='word_1_653' title='bbox 789 4583 918 4653; x_wconf 77' lang='lat' dir='ltr'><strong>ipsa:</strong></span> <span class='ocrx_word' id='word_1_654' title='bbox 946 4598 1161 4651; x_wconf 88' lang='lat' dir='ltr'><strong>quoque</strong></span> <span class='ocrx_word' id='word_1_655' title='bbox 1204 4581 1531 4633; x_wconf 87' lang='lat' dir='ltr'><strong>conveniunt</strong></span> <span class='ocrx_word' id='word_1_656' title='bbox 1563 4593 1615 4632; x_wconf 90' lang='lat' dir='ltr'><strong>ut</strong></span> <span class='ocrx_word' id='word_1_657' title='bbox 1663 4581 1770 4633; x_wconf 84' lang='lat' dir='ltr'><strong>sint</strong></span> <span class='ocrx_word' id='word_1_658' title='bbox 1819 4579 2112 4648; x_wconf 82' lang='lat' dir='ltr'><strong>participes</strong></span> <span class='ocrx_word' id='word_1_659' title='bbox 2153 4593 2358 4640; x_wconf 84' lang='lat' dir='ltr'><strong>eorum,</strong></span> 
     </span>
    </p>
   </div>
   <div class='ocr_carea' id='block_1_91' title="bbox 2463 4569 4062 4654">
    <p class='ocr_par' dir='ltr' id='par_1_91' title="bbox 2472 4579 4062 4654">
     <span class='ocr_line' id='line_1_91' title="bbox 2472 4579 4062 4654; baseline 0.006 -25"><span class='ocrx_word' id='word_1_660' title='bbox 2472 4597 2559 4629; x_wconf 86' lang='grc' dir='ltr'><strong>ται</strong></span> <span class='ocrx_word' id='word_1_661' title='bbox 2598 4579 2706 4630; x_wconf 80' lang='grc' dir='ltr'><strong>τῶν</strong></span> <span class='ocrx_word' id='word_1_662' title='bbox 2734 4583 2847 4642; x_wconf 84' lang='grc' dir='ltr'>τοῖς</span> <span class='ocrx_word' id='word_1_663' title='bbox 2901 4581 3096 4649; x_wconf 83' lang='grc' dir='ltr'>πένησι</span> <span class='ocrx_word' id='word_1_664' title='bbox 3153 4583 3446 4652; x_wconf 86' lang='grc' dir='ltr'>διδομένων</span> <span class='ocrx_word' id='word_1_665' title='bbox 3496 4586 3848 4654; x_wconf 75' lang='grc' dir='ltr'>μεταλαϐεῖν,</span> <span class='ocrx_word' id='word_1_666' title='bbox 3892 4591 4062 4642; x_wconf 71' lang='grc' dir='ltr'>καὶεί</span> 
     </span>
    </p>
   </div>
   <div class='ocr_carea' id='block_1_92' title="bbox 786 4670 2365 4742">
    <p class='ocr_par' dir='ltr' id='par_1_92' title="bbox 786 4670 2365 4742">
     <span class='ocr_line' id='line_1_92' title="bbox 786 4670 2365 4742; baseline -0.003 -17"><span class='ocrx_word' id='word_1_667' title='bbox 786 4691 906 4742; x_wconf 72' lang='lat' dir='ltr'><strong>qua:</strong></span> <span class='ocrx_word' id='word_1_668' title='bbox 930 4677 1127 4725; x_wconf 88' lang='lat' dir='ltr'><strong>dantur</strong></span> <span class='ocrx_word' id='word_1_669' title='bbox 1155 4673 1517 4741; x_wconf 82' lang='lat' dir='ltr'><strong>pauperibus,</strong></span> <span class='ocrx_word' id='word_1_670' title='bbox 1563 4681 1616 4724; x_wconf 92' lang='lat' dir='ltr'><strong>et</strong></span> <span class='ocrx_word' id='word_1_671' title='bbox 1651 4671 1932 4736; x_wconf 82' lang='lat' dir='ltr'><strong>petiissent</strong></span> <span class='ocrx_word' id='word_1_672' title='bbox 1957 4687 2022 4722; x_wconf 85' lang='lat' dir='ltr'><strong>an</strong></span> <span class='ocrx_word' id='word_1_673' title='bbox 2052 4670 2130 4721; x_wconf 74' lang='lat' dir='ltr'><strong>eis</strong></span> <span class='ocrx_word' id='word_1_674' title='bbox 2151 4684 2365 4736; x_wconf 86' lang='lat' dir='ltr'><strong>quoque</strong></span> 
     </span>
    </p>
   </div>
   <div class='ocr_carea' id='block_1_93' title="bbox 791 4758 2367 4831">
    <p class='ocr_par' dir='ltr' id='par_1_93' title="bbox 791 4758 2367 4831">
     <span class='ocr_line' id='line_1_93' title="bbox 791 4758 2367 4831; baseline -0.002 -16"><span class='ocrx_word' id='word_1_675' title='bbox 791 4762 1034 4831; x_wconf 73' lang='lat' dir='ltr'><strong>pra-bere</strong></span> <span class='ocrx_word' id='word_1_676' title='bbox 1063 4771 1348 4828; x_wconf 85' lang='lat' dir='ltr'><strong>oporteat,</strong></span> <span class='ocrx_word' id='word_1_677' title='bbox 1391 4760 1708 4812; x_wconf 83' lang='lat' dir='ltr'><strong>mitissimus</strong></span> <span class='ocrx_word' id='word_1_678' title='bbox 1739 4758 1973 4812; x_wconf 71' lang='lat' dir='ltr'><strong>Juniines</strong></span> <span class='ocrx_word' id='word_1_679' title='bbox 2011 4771 2158 4811; x_wconf 86' lang='lat' dir='ltr'><strong>torve</strong></span> <span class='ocrx_word' id='word_1_680' title='bbox 2190 4761 2240 4810; x_wconf 92' lang='lat' dir='ltr'><strong>in</strong></span> <span class='ocrx_word' id='word_1_681' title='bbox 2275 4775 2367 4812; x_wconf 77' lang='lat' dir='ltr'><strong>eos</strong></span> 
     </span>
    </p>
   </div>
   <div class='ocr_carea' id='block_1_94' title="bbox 791 4847 2361 4916">
    <p class='ocr_par' dir='ltr' id='par_1_94' title="bbox 791 4847 2361 4916">
     <span class='ocr_line' id='line_1_94' title="bbox 791 4847 2361 4916; baseline -0.001 -15"><span class='ocrx_word' id='word_1_682' title='bbox 791 4849 1043 4902; x_wconf 86' lang='lat' dir='ltr'><strong>intuens:</strong></span> <span class='ocrx_word' id='word_1_683' title='bbox 1089 4848 1145 4901; x_wconf 91' lang='lat' dir='ltr'><strong>Si</strong></span> <span class='ocrx_word' id='word_1_684' title='bbox 1183 4847 1404 4900; x_wconf 89' lang='lat' dir='ltr'><strong>hmnilis</strong></span> <span class='ocrx_word' id='word_1_685' title='bbox 1432 4847 1647 4914; x_wconf 90' lang='lat' dir='ltr'><strong>quidem</strong></span> <span class='ocrx_word' id='word_1_686' title='bbox 1680 4858 1734 4899; x_wconf 90' lang='lat' dir='ltr'><strong>et</strong></span> <span class='ocrx_word' id='word_1_687' title='bbox 1767 4848 1960 4916; x_wconf 89' lang='lat' dir='ltr'><strong>abjecti</strong></span> <span class='ocrx_word' id='word_1_688' title='bbox 2001 4847 2242 4916; x_wconf 82' lang='lat' dir='ltr'><strong>Joannis,</strong></span> <span class='ocrx_word' id='word_1_689' title='bbox 2281 4849 2361 4900; x_wconf 80' lang='lat' dir='ltr'><strong>vel</strong></span> 
     </span>
    </p>
   </div>
   <div class='ocr_carea' id='block_1_95' title="bbox 791 4912 2361 5007">
    <p class='ocr_par' dir='ltr' id='par_1_95' title="bbox 791 4912 2361 5007">
     <span class='ocr_line' id='line_1_95' title="bbox 791 4912 2361 5007; baseline 0.001 -16"><span class='ocrx_word' id='word_1_690' title='bbox 791 4940 971 5007; x_wconf 83' lang='lat' dir='ltr'><strong>potius</strong></span> <span class='ocrx_word' id='word_1_691' title='bbox 1008 4940 1174 5007; x_wconf 84' lang='lat' dir='ltr'><strong>ipsius</strong></span> <span class='ocrx_word' id='word_1_692' title='bbox 1205 4939 1404 4992; x_wconf 86' lang='lat' dir='ltr'><strong>Christi</strong></span> <span class='ocrx_word' id='word_1_693' title='bbox 1451 4939 1687 4992; x_wconf 87' lang='lat' dir='ltr'><strong>ministri</strong></span> <span class='ocrx_word' id='word_1_694' title='bbox 1721 4953 1842 4991; x_wconf 90' lang='lat' dir='ltr'><strong>esse</strong></span> <span class='ocrx_word' id='word_1_695' title='bbox 1883 4940 2041 4992; x_wconf 89' lang='lat' dir='ltr'><strong>vultis</strong></span> <span class='ocrx_word' id='word_1_696' title='bbox 2080 4953 2132 4993; x_wconf 88' lang='lat' dir='ltr'><strong>et</strong></span> <span class='ocrx_word' id='word_1_697' title='bbox 2175 4912 2361 4994; x_wconf 77' lang='lat' dir='ltr'><strong>distri~</strong></span> 
     </span>
    </p>
   </div>
   <div class='ocr_carea' id='block_1_96' title="bbox 789 5031 2362 5101">
    <p class='ocr_par' dir='ltr' id='par_1_96' title="bbox 789 5031 2362 5101">
     <span class='ocr_line' id='line_1_96' title="bbox 789 5031 2362 5101; baseline 0.003 -17"><span class='ocrx_word' id='word_1_698' title='bbox 789 5032 1031 5095; x_wconf 89' lang='lat' dir='ltr'><strong>butores,</strong></span> <span class='ocrx_word' id='word_1_699' title='bbox 1067 5042 1253 5101; x_wconf 78' lang='lat' dir='ltr'><strong>parete</strong></span> <span class='ocrx_word' id='word_1_700' title='bbox 1288 5031 1472 5084; x_wconf 88' lang='lat' dir='ltr'><strong>divino</strong></span> <span class='ocrx_word' id='word_1_701' title='bbox 1501 5031 1698 5099; x_wconf 87' lang='lat' dir='ltr'><strong>jussui,</strong></span> <span class='ocrx_word' id='word_1_702' title='bbox 1731 5035 1819 5101; x_wconf 90' lang='lat' dir='ltr'><strong>qui</strong></span> <span class='ocrx_word' id='word_1_703' title='bbox 1850 5032 2000 5098; x_wconf 90' lang='lat' dir='ltr'><strong>jubet</strong></span> <span class='ocrx_word' id='word_1_704' title='bbox 2033 5033 2161 5085; x_wconf 86' lang='lat' dir='ltr'><strong>dare</strong></span> <span class='ocrx_word' id='word_1_705' title='bbox 2193 5036 2362 5088; x_wconf 86' lang='lat' dir='ltr'><strong>cuivis</strong></span> 
     </span>
    </p>
   </div>
   <div class='ocr_carea' id='block_1_97' title="bbox 792 5123 2360 5191">
    <p class='ocr_par' dir='ltr' id='par_1_97' title="bbox 792 5123 2360 5191">
     <span class='ocr_line' id='line_1_97' title="bbox 792 5123 2360 5191; baseline 0 -13"><span class='ocrx_word' id='word_1_706' title='bbox 792 5123 1018 5191; x_wconf 82' lang='lat' dir='ltr'><strong>petenti.</strong></span> <span class='ocrx_word' id='word_1_707' title='bbox 1053 5125 1147 5176; x_wconf 81' lang='lat' dir='ltr'><strong>Sin</strong></span> <span class='ocrx_word' id='word_1_708' title='bbox 1181 5133 1360 5176; x_wconf 90' lang='lat' dir='ltr'><strong>autem</strong></span> <span class='ocrx_word' id='word_1_709' title='bbox 1394 5123 1579 5178; x_wconf 90' lang='lat' dir='ltr'><strong>dicitis</strong></span> <span class='ocrx_word' id='word_1_710' title='bbox 1607 5139 1701 5178; x_wconf 90' lang='lat' dir='ltr'><strong>vos</strong></span> <span class='ocrx_word' id='word_1_711' title='bbox 1723 5138 1842 5178; x_wconf 89' lang='lat' dir='ltr'><strong>esse</strong></span> <span class='ocrx_word' id='word_1_712' title='bbox 1870 5123 2096 5190; x_wconf 85' lang='lat' dir='ltr'><strong>alicujus</strong></span> <span class='ocrx_word' id='word_1_713' title='bbox 2123 5125 2360 5189; x_wconf 56' lang='lat' dir='ltr'><strong>alternis,</strong></span> 
     </span>
    </p>
   </div>
   <div class='ocr_carea' id='block_1_98' title="bbox 787 5214 2369 5280">
    <p class='ocr_par' dir='ltr' id='par_1_98' title="bbox 787 5214 2369 5280">
     <span class='ocr_line' id='line_1_98' title="bbox 787 5214 2369 5280; baseline 0.004 -17"><span class='ocrx_word' id='word_1_714' title='bbox 787 5214 877 5280; x_wconf 89' lang='lat' dir='ltr'><strong>qui</strong></span> <span class='ocrx_word' id='word_1_715' title='bbox 905 5214 1135 5279; x_wconf 85' lang='lat' dir='ltr'><strong>imperat</strong></span> <span class='ocrx_word' id='word_1_716' title='bbox 1174 5223 1231 5266; x_wconf 89' lang='lat' dir='ltr'><strong>ut</strong></span> <span class='ocrx_word' id='word_1_717' title='bbox 1264 5214 1589 5268; x_wconf 77' lang='lat' dir='ltr'><strong>examinetis</strong></span> <span class='ocrx_word' id='word_1_718' title='bbox 1627 5216 1790 5267; x_wconf 90' lang='lat' dir='ltr'><strong>vitam</strong></span> <span class='ocrx_word' id='word_1_719' title='bbox 1827 5225 1882 5268; x_wconf 92' lang='lat' dir='ltr'><strong>et</strong></span> <span class='ocrx_word' id='word_1_720' title='bbox 1921 5227 2121 5269; x_wconf 83' lang='lat' dir='ltr'><strong>Statum</strong></span> <span class='ocrx_word' id='word_1_721' title='bbox 2163 5221 2369 5270; x_wconf 83' lang='lat' dir='ltr'><strong>nicndi-</strong></span> 
     </span>
    </p>
   </div>
   <div class='ocr_carea' id='block_1_99' title="bbox 789 5303 2366 5378">
    <p class='ocr_par' dir='ltr' id='par_1_99' title="bbox 789 5303 2366 5378">
     <span class='ocr_line' id='line_1_99' title="bbox 789 5303 2366 5378; baseline 0.005 -22"><span class='ocrx_word' id='word_1_722' title='bbox 789 5303 1048 5368; x_wconf 85' lang='lat' dir='ltr'><strong>cautium,</strong></span> <span class='ocrx_word' id='word_1_723' title='bbox 1106 5304 1292 5359; x_wconf 86' lang='lat' dir='ltr'><strong>sciatis</strong></span> <span class='ocrx_word' id='word_1_724' title='bbox 1329 5307 1473 5374; x_wconf 89' lang='lat' dir='ltr'><strong>quod</strong></span> <span class='ocrx_word' id='word_1_725' title='bbox 1517 5322 1686 5374; x_wconf 88' lang='lat' dir='ltr'><strong>neque</strong></span> <span class='ocrx_word' id='word_1_726' title='bbox 1731 5307 1976 5360; x_wconf 73' lang='lat' dir='ltr'><strong>Christus</strong></span> <span class='ocrx_word' id='word_1_727' title='bbox 2007 5309 2150 5376; x_wconf 90' lang='lat' dir='ltr'><strong>ipse,</strong></span> <span class='ocrx_word' id='word_1_728' title='bbox 2195 5327 2366 5378; x_wconf 73' lang='lat' dir='ltr'><strong>neque</strong></span> 
     </span>
    </p>
   </div>
   <div class='ocr_carea' id='block_1_100' title="bbox 791 5396 2363 5468">
    <p class='ocr_par' dir='ltr' id='par_1_100' title="bbox 791 5396 2363 5468">
     <span class='ocr_line' id='line_1_100' title="bbox 791 5396 2363 5468; baseline 0.004 -18"><span class='ocrx_word' id='word_1_729' title='bbox 791 5397 1010 5450; x_wconf 88' lang='lat' dir='ltr'><strong>humilis</strong></span> <span class='ocrx_word' id='word_1_730' title='bbox 1037 5396 1278 5452; x_wconf 83' lang='lat' dir='ltr'><strong>Joannes</strong></span> <span class='ocrx_word' id='word_1_731' title='bbox 1301 5400 1437 5468; x_wconf 87' lang='lat' dir='ltr'><strong>opus</strong></span> <span class='ocrx_word' id='word_1_732' title='bbox 1467 5400 1626 5452; x_wconf 86' lang='lat' dir='ltr'><strong>habet</strong></span> <span class='ocrx_word' id='word_1_733' title='bbox 1655 5400 1887 5454; x_wconf 87' lang='lat' dir='ltr'><strong>curiosis</strong></span> <span class='ocrx_word' id='word_1_734' title='bbox 1917 5402 2203 5455; x_wconf 87' lang='lat' dir='ltr'><strong>ministris.</strong></span> <span class='ocrx_word' id='word_1_735' title='bbox 2231 5402 2363 5456; x_wconf 82' lang='lat' dir='ltr'><strong>Nam</strong></span> 
     </span>
    </p>
   </div>
   <div class='ocr_carea' id='block_1_101' title="bbox 868 5574 1286 5642">
    <p class='ocr_par' dir='ltr' id='par_1_101' title="bbox 868 5574 1286 5642">
     <span class='ocr_line' id='line_1_101' title="bbox 868 5574 1286 5642; baseline 0.005 -14"><span class='ocrx_word' id='word_1_736' title='bbox 868 5574 883 5606; x_wconf 84' lang='grc'>⁸</span> <span class='ocrx_word' id='word_1_737' title='bbox 919 5575 1048 5631; x_wconf 88' lang='lat' dir='ltr'><strong>Luc.</strong></span> <span class='ocrx_word' id='word_1_738' title='bbox 1075 5593 1149 5642; x_wconf 75' lang='lat' dir='ltr'><strong>Vt,</strong></span> <span class='ocrx_word' id='word_1_739' title='bbox 1194 5577 1286 5632; x_wconf 78' lang='lat'><strong>58.</strong></span> 
     </span>
    </p>
   </div>
   <div class='ocr_carea' id='block_1_102' title="bbox 857 5731 2358 5811">
    <p class='ocr_par' dir='ltr' id='par_1_102' title="bbox 857 5731 2358 5811">
     <span class='ocr_line' id='line_1_102' title="bbox 857 5731 2358 5811; baseline 0.008 -27"><span class='ocrx_word' id='word_1_740' title='bbox 857 5731 942 5811; x_wconf 70' lang='lat' dir='ltr'><strong>t7)</strong></span> <span class='ocrx_word' id='word_1_741' title='bbox 965 5731 1119 5786; x_wconf 86' lang='lat' dir='ltr'><strong>Titus</strong></span> <span class='ocrx_word' id='word_1_742' title='bbox 1138 5738 1181 5811; x_wconf 82' lang='lat' dir='ltr'><strong>is</strong></span> <span class='ocrx_word' id='word_1_743' title='bbox 1207 5736 1333 5800; x_wconf 82' lang='lat' dir='ltr'><strong>fuit,</strong></span> <span class='ocrx_word' id='word_1_744' title='bbox 1365 5748 1430 5788; x_wconf 86' lang='lat' dir='ltr'><strong>ne</strong></span> <span class='ocrx_word' id='word_1_745' title='bbox 1446 5752 1552 5811; x_wconf 86' lang='lat' dir='ltr'><strong>quo</strong></span> <span class='ocrx_word' id='word_1_746' title='bbox 1574 5735 1869 5811; x_wconf 66' lang='lat' dir='ltr'><strong>Suetonius</strong></span> <span class='ocrx_word' id='word_1_747' title='bbox 1897 5755 2016 5806; x_wconf 84' lang='lat' dir='ltr'><strong>cap.</strong></span> <span class='ocrx_word' id='word_1_748' title='bbox 2044 5740 2074 5790; x_wconf 88' lang='lat'><strong>8</strong></span> <span class='ocrx_word' id='word_1_749' title='bbox 2101 5760 2109 5792; x_wconf 88' lang='lat'>:</span> <span class='ocrx_word' id='word_1_750' title='bbox 2143 5763 2158 5788; x_wconf 78' lang='grc' dir='ltr'><strong>ι</strong></span> <span class='ocrx_word' id='word_1_751' title='bbox 2188 5745 2358 5810; x_wconf 76' lang='lat' dir='ltr'><strong>Atque</strong></span> 
     </span>
    </p>
   </div>
   <div class='ocr_carea' id='block_1_103' title="bbox 797 5801 2355 5884">
    <p class='ocr_par' dir='ltr' id='par_1_103' title="bbox 797 5801 2355 5884">
     <span class='ocr_line' id='line_1_103' title="bbox 797 5801 2355 5884; baseline 0.007 -31"><span class='ocrx_word' id='word_1_752' title='bbox 797 5801 957 5884; x_wconf 73' lang='lat' dir='ltr'><strong>etiam</strong></span> <span class='ocrx_word' id='word_1_753' title='bbox 989 5809 1302 5884; x_wconf 73' lang='lat' dir='ltr'><strong>recordatus</strong></span> <span class='ocrx_word' id='word_1_754' title='bbox 1329 5801 1598 5874; x_wconf 78' lang='lat' dir='ltr'><strong>quondani</strong></span> <span class='ocrx_word' id='word_1_755' title='bbox 1627 5824 1786 5874; x_wconf 75' lang='lat' dir='ltr'><strong>suprr</strong></span> <span class='ocrx_word' id='word_1_756' title='bbox 1815 5801 2022 5862; x_wconf 64' lang='lat' dir='ltr'><strong>urinam</strong></span> <span class='ocrx_word' id='word_1_757' title='bbox 2053 5819 2192 5875; x_wconf 89' lang='lat' dir='ltr'><strong>quod</strong></span> <span class='ocrx_word' id='word_1_758' title='bbox 2225 5801 2355 5866; x_wconf 59' lang='lat' dir='ltr'><strong>nihil</strong></span> 
     </span>
    </p>
   </div>
   <div class='ocr_carea' id='block_1_104' title="bbox 791 5877 2355 5946">
    <p class='ocr_par' dir='ltr' id='par_1_104' title="bbox 791 5877 2355 5946">
     <span class='ocr_line' id='line_1_104' title="bbox 791 5877 2355 5946; baseline 0.007 -20"><span class='ocrx_word' id='word_1_759' title='bbox 791 5877 1041 5943; x_wconf 87' lang='lat' dir='ltr'><strong>cuiquam</strong></span> <span class='ocrx_word' id='word_1_760' title='bbox 1085 5883 1197 5930; x_wconf 89' lang='lat' dir='ltr'><strong>toto</strong></span> <span class='ocrx_word' id='word_1_761' title='bbox 1228 5877 1312 5930; x_wconf 87' lang='lat' dir='ltr'><strong>die</strong></span> <span class='ocrx_word' id='word_1_762' title='bbox 1359 5880 1724 5946; x_wconf 72' lang='lat' dir='ltr'><strong>prwstitissct,</strong></span> <span class='ocrx_word' id='word_1_763' title='bbox 1777 5882 2177 5936; x_wconf 74' lang='lat' dir='ltr'><strong>Incinotabilmn</strong></span> <span class='ocrx_word' id='word_1_764' title='bbox 2209 5885 2355 5937; x_wconf 71' lang='lat' dir='ltr'><strong>illam</strong></span> 
     </span>
    </p>
   </div>
   <div class='ocr_carea' id='block_1_105' title="bbox 2474 4669 4061 4748">
    <p class='ocr_par' dir='ltr' id='par_1_105' title="bbox 2474 4669 4061 4748">
     <span class='ocr_line' id='line_1_105' title="bbox 2474 4669 4061 4748; baseline -0.002 -27"><span class='ocrx_word' id='word_1_765' title='bbox 2474 4672 2577 4738; x_wconf 67' lang='grc' dir='ltr'><strong>χρὴ</strong></span> <span class='ocrx_word' id='word_1_766' title='bbox 2614 4669 2840 4734; x_wconf 81' lang='grc' dir='ltr'>ταύταις</span> <span class='ocrx_word' id='word_1_767' title='bbox 2859 4671 3072 4741; x_wconf 84' lang='grc' dir='ltr'>ὀρέγειν</span> <span class='ocrx_word' id='word_1_768' title='bbox 3095 4689 3109 4703; x_wconf 80' lang='grc'><strong><em>⁸</em></strong></span> <span class='ocrx_word' id='word_1_769' title='bbox 3143 4677 3171 4726; x_wconf 80' lang='grc' dir='ltr'><strong>ό</strong></span> <span class='ocrx_word' id='word_1_770' title='bbox 3195 4677 3501 4744; x_wconf 86' lang='grc' dir='ltr'>πραότατος</span> <span class='ocrx_word' id='word_1_771' title='bbox 3531 4678 3694 4747; x_wconf 75' lang='grc' dir='ltr'>δριμύ</span> <span class='ocrx_word' id='word_1_772' title='bbox 3716 4696 3767 4732; x_wconf 85' lang='grc' dir='ltr'><strong>τι</strong></span> <span class='ocrx_word' id='word_1_773' title='bbox 3803 4684 3902 4732; x_wconf 62' lang='grc' dir='ltr'>καὶ</span> <span class='ocrx_word' id='word_1_774' title='bbox 3938 4682 4061 4748; x_wconf 63' lang='grc' dir='ltr'><strong>βλο-</strong></span> 
     </span>
    </p>
   </div>
   <div class='ocr_carea' id='block_1_106' title="bbox 2475 4763 4058 4837">
    <p class='ocr_par' dir='ltr' id='par_1_106' title="bbox 2475 4763 4058 4837">
     <span class='ocr_line' id='line_1_106' title="bbox 2475 4763 4058 4837; baseline 0.008 -26"><span class='ocrx_word' id='word_1_775' title='bbox 2475 4763 2635 4830; x_wconf 74' lang='grc' dir='ltr'>συρὸν</span> <span class='ocrx_word' id='word_1_776' title='bbox 2685 4764 2763 4824; x_wconf 83' lang='grc' dir='ltr'>εἰς</span> <span class='ocrx_word' id='word_1_777' title='bbox 2797 4764 2995 4827; x_wconf 77' lang='grc' dir='ltr'>αὐτοὺς</span> <span class='ocrx_word' id='word_1_778' title='bbox 3029 4766 3364 4836; x_wconf 62' lang='grc' dir='ltr'>ἀποϐλέψας,</span> <span class='ocrx_word' id='word_1_779' title='bbox 3401 4768 3465 4820; x_wconf 84' lang='lat' dir='ltr'><strong>El</strong></span> <span class='ocrx_word' id='word_1_780' title='bbox 3495 4770 3594 4837; x_wconf 83' lang='grc' dir='ltr'>μὲν</span> <span class='ocrx_word' id='word_1_781' title='bbox 3638 4770 3734 4822; x_wconf 75' lang='grc' dir='ltr'>τοῦ</span> <span class='ocrx_word' id='word_1_782' title='bbox 3767 4773 4058 4830; x_wconf 57' lang='grc' dir='ltr'>ταπεινοῦ.</span> 
     </span>
    </p>
   </div>
   <div class='ocr_carea' id='block_1_107' title="bbox 2471 4855 4060 4933">
    <p class='ocr_par' dir='ltr' id='par_1_107' title="bbox 2471 4855 4060 4933">
     <span class='ocr_line' id='line_1_107' title="bbox 2471 4855 4060 4933; baseline 0.008 -30"><span class='ocrx_word' id='word_1_783' title='bbox 2471 4855 2946 4922; x_wconf 76' lang='grc' dir='ltr'>φησὶν,⁹1ωάννου,</span> <span class='ocrx_word' id='word_1_784' title='bbox 2985 4858 3182 4926; x_wconf 78' lang='grc' dir='ltr'>μᾶλλον</span> <span class='ocrx_word' id='word_1_785' title='bbox 3209 4861 3264 4911; x_wconf 82' lang='grc' dir='ltr'>δὲ</span> <span class='ocrx_word' id='word_1_786' title='bbox 3294 4862 3560 4932; x_wconf 76' lang='grc' dir='ltr'>Χριστοῦ,</span> <span class='ocrx_word' id='word_1_787' title='bbox 3599 4863 3876 4933; x_wconf 79' lang='grc' dir='ltr'>ὑπηρέται</span> <span class='ocrx_word' id='word_1_788' title='bbox 3916 4861 4060 4916; x_wconf 59' lang='grc' dir='ltr'>εἶναι</span> 
     </span>
    </p>
   </div>
   <div class='ocr_carea' id='block_1_108' title="bbox 2471 4947 4062 5025">
    <p class='ocr_par' dir='ltr' id='par_1_108' title="bbox 2471 4947 4062 5025">
     <span class='ocr_line' id='line_1_108' title="bbox 2471 4947 4062 5025; baseline 0.007 -27"><span class='ocrx_word' id='word_1_789' title='bbox 2471 4948 2563 4998; x_wconf 76' lang='grc' dir='ltr'><strong>καὶ</strong></span> <span class='ocrx_word' id='word_1_790' title='bbox 2582 4947 2853 5015; x_wconf 78' lang='grc' dir='ltr'>διανομεῖς</span> <span class='ocrx_word' id='word_1_791' title='bbox 2874 4948 3148 5016; x_wconf 71' lang='grc' dir='ltr'>βούλεσθε,</span> <span class='ocrx_word' id='word_1_792' title='bbox 3178 4951 3255 5021; x_wconf 82' lang='grc' dir='ltr'>τῷ</span> <span class='ocrx_word' id='word_1_793' title='bbox 3280 4953 3409 5023; x_wconf 83' lang='grc' dir='ltr'>θείῳ</span> <span class='ocrx_word' id='word_1_794' title='bbox 3433 4955 3625 5006; x_wconf 85' lang='grc' dir='ltr'>τούτου</span> <span class='ocrx_word' id='word_1_795' title='bbox 3660 4957 4062 5025; x_wconf 70' lang='grc' dir='ltr'>προστάγματι</span> 
     </span>
    </p>
   </div>
   <div class='ocr_carea' id='block_1_109' title="bbox 2471 5037 4065 5108">
    <p class='ocr_par' dir='ltr' id='par_1_109' title="bbox 2471 5037 4065 5108">
     <span class='ocr_line' id='line_1_109' title="bbox 2471 5037 4065 5108; baseline 0.008 -20"><span class='ocrx_word' id='word_1_796' title='bbox 2471 5037 2742 5102; x_wconf 87' lang='grc' dir='ltr'>πείθεσθε,</span> <span class='ocrx_word' id='word_1_797' title='bbox 2769 5039 2796 5090; x_wconf 93' lang='grc' dir='ltr'>ὃ</span> <span class='ocrx_word' id='word_1_798' title='bbox 2827 5041 2989 5092; x_wconf 73' lang='grc' dir='ltr'>παντὶ</span> <span class='ocrx_word' id='word_1_799' title='bbox 3010 5040 3082 5108; x_wconf 81' lang='grc' dir='ltr'>τῷ</span> <span class='ocrx_word' id='word_1_800' title='bbox 3111 5042 3349 5094; x_wconf 74' lang='grc' dir='ltr'>αἰτοῦντι</span> <span class='ocrx_word' id='word_1_801' title='bbox 3378 5045 3614 5097; x_wconf 78' lang='grc' dir='ltr'>δίδοσθαι</span> <span class='ocrx_word' id='word_1_802' title='bbox 3649 5046 3861 5098; x_wconf 63' lang='grc' dir='ltr'>κελεύει</span> <span class='ocrx_word' id='word_1_803' title='bbox 3880 5064 3896 5077; x_wconf 88' lang='grc'><strong>·</strong></span> <span class='ocrx_word' id='word_1_804' title='bbox 3924 5052 3979 5099; x_wconf 85' lang='grc' dir='ltr'>εἰ</span> <span class='ocrx_word' id='word_1_805' title='bbox 4006 5051 4065 5101; x_wconf 70' lang='lat' dir='ltr'><strong>Et</strong></span> 
     </span>
    </p>
   </div>
   <div class='ocr_carea' id='block_1_110' title="bbox 2468 5131 4065 5210">
    <p class='ocr_par' dir='ltr' id='par_1_110' title="bbox 2468 5131 4065 5210">
     <span class='ocr_line' id='line_1_110' title="bbox 2468 5131 4065 5210; baseline 0.006 -27"><span class='ocrx_word' id='word_1_806' title='bbox 2468 5131 2564 5184; x_wconf 76' lang='grc' dir='ltr'><strong>καὶ</strong></span> <span class='ocrx_word' id='word_1_807' title='bbox 2588 5133 2774 5201; x_wconf 79' lang='grc' dir='ltr'>ἐτέρου</span> <span class='ocrx_word' id='word_1_808' title='bbox 2809 5134 2953 5196; x_wconf 75' lang='grc' dir='ltr'>τινὸς</span> <span class='ocrx_word' id='word_1_809' title='bbox 2989 5131 3128 5186; x_wconf 81' lang='grc' dir='ltr'>εἶναι</span> <span class='ocrx_word' id='word_1_810' title='bbox 3153 5137 3362 5203; x_wconf 86' lang='grc' dir='ltr'>λέγετε,</span> <span class='ocrx_word' id='word_1_811' title='bbox 3393 5137 3449 5200; x_wconf 81' lang='grc' dir='ltr'>ὃς</span> <span class='ocrx_word' id='word_1_812' title='bbox 3480 5138 3755 5202; x_wconf 72' lang='grc' dir='ltr'>ἐξετάζειν</span> <span class='ocrx_word' id='word_1_813' title='bbox 3795 5141 3932 5210; x_wconf 79' lang='grc' dir='ltr'>ὑμῖν</span> <span class='ocrx_word' id='word_1_814' title='bbox 3964 5146 4065 5193; x_wconf 69' lang='grc' dir='ltr'><strong>καὶ</strong></span> 
     </span>
    </p>
   </div>
   <div class='ocr_carea' id='block_1_111' title="bbox 2465 5223 4064 5305">
    <p class='ocr_par' dir='ltr' id='par_1_111' title="bbox 2465 5223 4064 5305">
     <span class='ocr_line' id='line_1_111' title="bbox 2465 5223 4064 5305; baseline 0.006 -29"><span class='ocrx_word' id='word_1_815' title='bbox 2465 5223 2844 5292; x_wconf 76' lang='grc' dir='ltr'>διερευνᾶσθαι</span> <span class='ocrx_word' id='word_1_816' title='bbox 2876 5228 3002 5291; x_wconf 70' lang='grc' dir='ltr'>τοὺς</span> <span class='ocrx_word' id='word_1_817' title='bbox 3032 5229 3140 5280; x_wconf 83' lang='grc' dir='ltr'><strong>τῶν</strong></span> <span class='ocrx_word' id='word_1_818' title='bbox 3173 5232 3612 5298; x_wconf 75' lang='grc' dir='ltr'>προσαιτοῦντων</span> <span class='ocrx_word' id='word_1_819' title='bbox 3643 5233 3792 5302; x_wconf 80' lang='grc' dir='ltr'>βίους</span> <span class='ocrx_word' id='word_1_820' title='bbox 3830 5238 3928 5286; x_wconf 84' lang='grc' dir='ltr'><strong>καί</strong></span> <span class='ocrx_word' id='word_1_821' title='bbox 3955 5238 4064 5305; x_wconf 69' lang='grc' dir='ltr'>τὴν</span> 
     </span>
    </p>
   </div>
   <div class='ocr_carea' id='block_1_112' title="bbox 2468 5318 4059 5394">
    <p class='ocr_par' dir='ltr' id='par_1_112' title="bbox 2468 5318 4059 5394">
     <span class='ocr_line' id='line_1_112' title="bbox 2468 5318 4059 5394; baseline 0.009 -30"><span class='ocrx_word' id='word_1_822' title='bbox 2468 5318 2803 5367; x_wconf 65' lang='grc' dir='ltr'>κατάστασιν</span> <span class='ocrx_word' id='word_1_823' title='bbox 2840 5320 3118 5370; x_wconf 73' lang='grc' dir='ltr'>ἐπιτάττει</span> <span class='ocrx_word' id='word_1_824' title='bbox 3143 5339 3153 5349; x_wconf 89' lang='grc'>·</span> <span class='ocrx_word' id='word_1_825' title='bbox 3200 5322 3314 5372; x_wconf 74' lang='grc' dir='ltr'>ἴστε</span> <span class='ocrx_word' id='word_1_826' title='bbox 3337 5323 3411 5384; x_wconf 81' lang='grc' dir='ltr'>ὡς</span> <span class='ocrx_word' id='word_1_827' title='bbox 3447 5322 3568 5374; x_wconf 74' lang='grc' dir='ltr'>οὔτε</span> <span class='ocrx_word' id='word_1_828' title='bbox 3602 5325 3837 5394; x_wconf 63' lang='grc' dir='ltr'>Χριστὸς</span> <span class='ocrx_word' id='word_1_829' title='bbox 3860 5328 4059 5390; x_wconf 76' lang='grc' dir='ltr'>αὐτὸς,</span> 
     </span>
    </p>
   </div>
   <div class='ocr_carea' id='block_1_113' title="bbox 2466 5406 4059 5484">
    <p class='ocr_par' dir='ltr' id='par_1_113' title="bbox 2466 5406 4059 5484">
     <span class='ocr_line' id='line_1_113' title="bbox 2466 5406 4059 5484; baseline 0.008 -27"><span class='ocrx_word' id='word_1_830' title='bbox 2466 5406 2578 5458; x_wconf 72' lang='grc' dir='ltr'>οὗθ’</span> <span class='ocrx_word' id='word_1_831' title='bbox 2635 5411 2662 5459; x_wconf 85' lang='grc' dir='ltr'>ὀ</span> <span class='ocrx_word' id='word_1_832' title='bbox 2702 5412 2956 5472; x_wconf 73' lang='grc' dir='ltr'>ταπεινὸς</span> <span class='ocrx_word' id='word_1_833' title='bbox 3020 5411 3266 5482; x_wconf 72' lang='grc' dir='ltr'>Ἰωάννης</span> <span class='ocrx_word' id='word_1_834' title='bbox 3324 5413 3616 5483; x_wconf 80' lang='grc' dir='ltr'>ὑπηρετῶν</span> <span class='ocrx_word' id='word_1_835' title='bbox 3669 5416 3843 5468; x_wconf 82' lang='grc' dir='ltr'>δεῖται</span> <span class='ocrx_word' id='word_1_836' title='bbox 3898 5419 4059 5484; x_wconf 71' lang='grc' dir='ltr'>φιλοο</span> 
     </span>
    </p>
   </div>
   <div class='ocr_carea' id='block_1_114' title="bbox 2469 5747 4063 5870">
    <p class='ocr_par' dir='ltr' id='par_1_114' title="bbox 2469 5747 4063 5870">
     <span class='ocr_line' id='line_1_114' title="bbox 2469 5747 4063 5870; baseline 0.013 -72"><span class='ocrx_word' id='word_1_837' title='bbox 2469 5761 2706 5870; x_wconf 49' lang='lat' dir='ltr'><strong>Jﬁpqpe</strong></span> <span class='ocrx_word' id='word_1_838' title='bbox 2739 5747 3008 5806; x_wconf 82' lang='lat' dir='ltr'><strong>laudatam</strong></span> <span class='ocrx_word' id='word_1_839' title='bbox 3044 5768 3227 5808; x_wconf 74' lang='lat' dir='ltr'><strong>vocem</strong></span> <span class='ocrx_word' id='word_1_840' title='bbox 3263 5754 3467 5810; x_wconf 86' lang='lat' dir='ltr'><strong>edidit:</strong></span> <span class='ocrx_word' id='word_1_841' title='bbox 3505 5756 3710 5822; x_wconf 76' lang='lat' dir='ltr'><strong>Amici,</strong></span> <span class='ocrx_word' id='word_1_842' title='bbox 3743 5758 3891 5812; x_wconf 85' lang='lat' dir='ltr'><strong>diem</strong></span> <span class='ocrx_word' id='word_1_843' title='bbox 3931 5775 4063 5829; x_wconf 75' lang='lat' dir='ltr'><strong>per-</strong></span> 
     </span>
     <span class='ocr_line' id='line_1_115' title="bbox 2525 5840 2598 5870; baseline -0.014 0"><span class='ocrx_word' id='word_1_844' title='bbox 2525 5840 2540 5870; x_wconf 57' lang='grc' dir='ltr'><strong>ί</strong></span> <span class='ocrx_word' id='word_1_845' title='bbox 2587 5855 2598 5869; x_wconf 76' lang='grc' dir='ltr'><strong>ι</strong></span> 
     </span>
    </p>
   </div>
   <div class='ocr_carea' id='block_1_115' title="bbox 2525 5840 2598 5870">
    <p class='ocr_par' dir='ltr' id='par_1_115' title="bbox 2525 5840 2598 5870">
     <span class='ocr_line' id='line_1_116' title="bbox 2525 5840 2598 5870; baseline -0.014 0"><span class='ocrx_word' id='word_1_846' title='bbox 2525 5840 2598 5870; x_wconf 66' lang='grc' dir='ltr'><strong>(ΙΙ.</strong></span> 
     </span>
    </p>
   </div>
  </div>
