4154 6490
739 434 844 499 907

1964 414 2123 476 ΜΕΝ
2128 415 2243 477 SIS
2280 414 2734 478 JANUARIUS.

3893 407 4010 476 908

739 556 864 600 runt
906 552 963 596 ut
993 556 1076 595 me
1104 536 1405 605 arriperent
1440 545 1490 588 et
1536 530 1818 586 elticercnt
1850 529 2055 583 socium
2087 544 2197 583 sua:
2222 544 2303 580 m-

2423 526 2563 598 ρησὶ,
2605 528 2845 596 τήμερον
2895 518 3059 593 ἦλθον
3107 524 3455 597 συναρπάσαι
3505 539 3563 575 τε
3596 520 3692 574 καὶ
3731 525 4008 575 κοινωνὸν

741 634 1033 699 tidclitatis,
1060 640 1116 684 et
1149 643 1232 684 me
1258 635 1511 681 vocarent
1541 624 1605 678 ad
1636 620 2167 675 immisericordiun.

806 812 943 868 Xlll.
971 812 1137 881 Ilujus
1167 809 1453 863 maximam
1487 803 1872 873 benignitatem
1898 816 2023 855 cum
2057 800 2307 854 conside-

742 912 914 957 rassst
945 903 1164 971 quidam
1197 901 1401 952 advena
1424 936 1437 958 ,
1484 895 1736 963 cogitavit
1773 907 1896 945 cum
1930 902 2172 953 tentare,
2214 892 2305 959 qui

738 1006 856 1049 erat
884 992 1132 1063 superior
1166 989 1311 1043 onmi
1346 987 1660 1043 tentatione.
1698 983 1832 1037 Cum
1865 998 1921 1038 se
1951 997 2080 1051 ergo
2121 981 2310 1048 panni-

740 1090 875 1141 rutis
906 1087 1188 1147 induisset,
1222 1079 1431 1135 accedit
1457 1081 1523 1132 ad
1558 1091 1680 1131 eum
1711 1086 1928 1129 euntem
1957 1077 2023 1129 ad
2053 1072 2309 1127 visendos

741 1196 834 1234 eos
857 1178 946 1248 qui
977 1190 1131 1229 erant
1160 1176 1209 1227 in
1243 1168 1556 1225 uosocomio
1582 1166 1810 1239 (solebat
1839 1167 1980 1220 enim
2026 1166 2128 1219 hoc
2152 1164 2235 1218 bis
2256 1175 2312 1218 et

742 1286 823 1325 ter
860 1269 1034 1323 facere
1061 1268 1111 1319 iu
1149 1262 1502 1331 hcbdomada)
1531 1270 1585 1315 et
1618 1262 1793 1313 verbis
1822 1259 2172 1328 lugubribus:
2206 1257 2310 1310 Mi-

741 1377 921 1416 serere
954 1359 1056 1413 mei
1080 1401 1093 1411 .
1128 1356 1325 1426 inquit,
1370 1356 1619 1417 domine,
1648 1352 1736 1420 qui
1769 1366 1889 1405 sum
1921 1350 2188 1419 captivus.
2222 1348 2314 1403 Ille

742 1466 922 1509 autem
954 1452 1110 1520 jubet
1146 1448 1485 1503 distributori
1527 1445 1658 1499 dare
1696 1443 1746 1497 ei
1779 1457 1873 1497 sex
1915 1456 2188 1495 nummos.
2219 1440 2313 1495 Ille

743 1564 869 1600 vero
897 1546 962 1599 iis
997 1543 1235 1610 acceptis
1267 1549 1319 1593 et
1356 1546 1559 1590 mutato
1592 1534 1775 1589 habitu
1796 1574 1810 1596 ,
1848 1548 1944 1589 uer
1973 1533 2133 1586 aliam
2170 1532 2311 1584 viam

740 1638 948 1691 accedit
998 1648 1187 1688 rursus
1235 1628 1484 1683 similiter
1534 1640 1751 1695 rogans.
1795 1624 1989 1677 Beatus
2033 1632 2210 1676 autem
2262 1619 2310 1673 ei

743 1743 929 1781 rursus
964 1724 1116 1794 jubet
1143 1721 1256 1775 dari
1291 1734 1387 1773 sex
1420 1732 1685 1773 nummos.
1739 1717 1815 1768 Ad
1846 1729 2096 1784 magnum
2130 1722 2311 1765 autem

742 1822 915 1873 virum
950 1815 1215 1871 accedens
1243 1813 1310 1875 is,
1343 1811 1430 1878 qui
1468 1809 1652 1872 dabat,
1686 1806 1760 1860 illi
1794 1806 1847 1857 in
1884 1818 2072 1858 aurem
2102 1802 2310 1871 signiﬁ-

2409 619 2509 684 τῆς
2541 619 2722 671 αὐτῶν
2748 619 3009 681 ἀπιστίας
3060 617 3252 683 δεῖξαι,
3289 616 3383 670 καὶ
3432 617 3565 686 πρὸς
3606 614 4007 683 ἀσπλαγχνὶαν

2412 728 2477 779 με
2512 711 2935 763 ἐκκαλέσασθαι.

2482 807 2578 860 ll".
2610 806 2812 858 Τούτου
2845 805 2944 876 τὴν
2966 804 3169 873 πολλὴν
3203 804 3546 872 χρηστότητα
3568 802 3675 853 τῶν
3704 800 3879 869 ἐπηλύ
3896 802 4005 852 ἴων

2411 916 2491 959 τις
2523 897 2857 966 κατανοῆσαι
2892 895 3417 966 πειράσαςδιενοήθη
3456 895 3546 945 τὸν
3592 894 3771 961 πάσης
3793 894 4003 959 πείρας

2411 990 2707 1060 ἀνώτερον.
2761 990 2957 1042 Ῥάκια
2986 988 3169 1041 τοίνυν
3206 985 3661 1056 ἀμφιασάμενος.
3706 985 4001 1054 πρόσεισιν

2411 1070 2559 1149 αὐτῷ
2600 1083 2880 1150 προσιόντι
2932 1078 3330 1147 ἐπισκέψασθαι
3362 1078 3489 1139 τοὺς
3523 1079 3581 1128 ὲν
3639 1077 3717 1145 τῷ
3772 1095 4002 1129 νοσοκο-

2416 1171 2551 1243 μείῳ
2589 1174 2814 1243 (εἴθιστο
2836 1175 2944 1242 γὰρ
2987 1170 3134 1240 αὐτῷ
3163 1171 3245 1233 δἰς
3270 1171 3365 1222 καὶ
3393 1171 3511 1239 τρὶς
3534 1170 3693 1220 τοῦτο
3717 1170 3815 1235 τῆς
3848 1169 4005 1221 £650-

2415 1268 2577 1335 μὰἰος
2602 1263 2818 1337 ποιεῖν),
2845 1268 2937 1317 καὶ
2964 1267 3171 1335 μασι
3200 1266 3433 1334 γοεροῖςο,
3453 1264 3704 1332 Ἐλέηςόν
3734 1280 3802 1331 με
3853 1264 4001 1314 οὕτω

2415 1357 2571 1422 φησὶ,
2604 1356 2863 1420 δέσποτα,
2897 1356 2989 1408 τὸν
3014 1355 3383 1425 αἰχμάλωτον.
3429 1350 3489 1407 Ὀ
3531 1354 3587 1406 δὲ
3620 1354 3697 1422 τῷ
3723 1355 3997 1425 διανομεῖ,

2413 1447 2471 1513 ἓξ
2497 1447 2646 1517 αὐτῷ
2696 1445 3007 1517 νομίσματα
3054 1449 3235 1503 δοῦναι
3285 1450 3536 1501 κελεύει·
3572 1449 3666 1500 καὶ
3714 1449 3774 1511 ὃς
3817 1448 3999 1502 ταῦτα

2414 1539 2593 1593 λαϐὼν
2630 1540 2723 1591 καὶ
2772 1537 3010 1607 ἀμείψας
3052 1539 3113 1590 τὸ
3161 1537 3367 1607 σχῆμα,
3409 1540 3659 1609 πρόσεισι
3715 1538 3784 1591 δι’
3828 1539 3999 1606 ἄλλης

2414 1627 2575 1679 πάλιν
2609 1627 2809 1696 ὁμοίως
2833 1627 3103 1697 δεόμενος.
3143 1627 3202 1680 ’0
3238 1628 3418 1682 τοίνυν
3459 1629 3731 1698 μακάριος
3758 1628 3821 1691 ἒξ
3849 1628 4001 1697 αὐτῷ

2414 1719 2508 1770 καὶ
2526 1716 2683 1782 αὖθις
2708 1718 3022 1789 νομίσματα
3049 1721 3338 1790 ἐπιτρέπει
3376 1721 3618 1791 δοθῆναι.
3658 1721 3920 1788 Ἐγγίσας
3938 1722 3997 1772 δὲ

2415 1810 2494 1879 τῷ
2526 1810 2750 1880 μεγάλῳ
2777 1810 2915 1881 πρὸς
2958 1811 3020 1864 τὸ
3046 1806 3139 1874 οὖς
3168 1812 3412 1878 ὁδιδοὺς,
3438 1813 3637 1865 τοῦτον.
3660 1812 3828 1865 αὐτὸν
3854 1807 3998 1863 εἶναι

743 1925 830 1968 cat
864 1927 984 1966 eum
1027 1921 1181 1970 esse,
1218 1907 1307 1972 qui
1338 1902 1495 1970 paulo
1528 1909 1653 1953 ante
1695 1898 1830 1951 alios
1866 1910 1960 1950 sex
2003 1905 2306 1962 acceperat.

2423 1900 2504 1952 τὸν
2542 1900 2636 1953 καὶ⁵
2654 1902 2760 1973 πρὸ
2789 1901 3018 1971 βραχέος
3049 1903 3118 1956 τά
3140 1902 3307 1973 ἔτερα
3336 1905 3394 1971 ἒξ
3425 1905 3688 1973 εἰληφότα
3710 1905 3995 1975 γνωρίζει.

742 2008 875 2060 Cum
911 2017 1037 2056 vero
1067 1998 1331 2053 simulans
1366 1996 1527 2049 tertio
1567 2008 1758 2046 rursus
1788 1990 2029 2045 venisset
2067 1988 2135 2042 ad
2172 1988 2314 2042 acci-

744 2097 1029 2165 piendum,
1078 2090 1401 2145 distributor
1447 2086 1621 2139 inauit
1674 2080 2027 2151 patriarcha,
2063 2079 2313 2133 eumdem

744 2204 866 2243 esse
909 2200 1097 2238 rursus
1134 2179 1462 2248 signiﬁcans.
1504 2175 1596 2228 lllc
1629 2184 1807 2227 autem
1843 2174 1972 2227 illud
1999 2170 2314 2242 praeclarum

748 2294 936 2335 rursus
976 2278 1106 2329 dicit
1136 2283 1192 2326 et
1229 2271 1373 2331 facit,
1418 2278 1477 2322 ut
1515 2267 1605 2336 qui
1651 2267 1890 2319 dixerit:
1929 2266 2003 2319 Da
2042 2265 2090 2319 ei
2119 2264 2319 2319 duode-

749 2372 850 2421 cim
882 2379 1169 2426 nummos;
1204 2377 1324 2414 nam
1359 2358 1446 2411 ille
1477 2359 1590 2424 ipse
1622 2364 1703 2409 est
1737 2355 1997 2409 Dominus
2023 2367 2194 2417 meus,
2225 2354 2315 2422 qui

750 2474 832 2510 me
864 2464 1055 2509 tentat.
1099 2452 1204 2504 Sed
1247 2452 1362 2504 haec
1392 2448 1607 2517 quidem
1646 2446 1747 2500 sic.
1779 2443 1967 2498 Oratio
1996 2454 2175 2499 autem
2202 2443 2315 2498 vult

747 2551 909 2603 etiam
954 2547 1059 2599 alia
1124 2544 1350 2613 plurima
1404 2550 1679 2601 tractare,
1724 2536 2085 2606 signiﬁcantia
2137 2536 2313 2606 qualis

748 2654 889 2698 esset
912 2642 993 2694 vir
1022 2638 1111 2693 ille
1136 2650 1381 2693 summus
1410 2634 1555 2689 circa
1586 2630 1992 2701 benignitatem.

2423 1992 2523 2055 Ὠς
2553 1993 2611 2047 δὲ
2643 1994 3075 2066 ὑποκρινάμενος
3104 1999 3170 2051 ὲκ
3208 1998 3394 2068 τρίτου
3423 1998 3585 2052 πάλιν
3609 1998 3751 2051 ἔλθοι
3781 1998 3996 2057 λαϐεῖν,

2410 2086 2438 2137 6
2458 2085 2748 2155 διανομεὺς
2780 2086 2966 2139 νύττει
3010 2088 3101 2140 τδν
3130 2088 3499 2159 πατριάρχην,
3529 2090 3620 2142 τὸν
3658 2088 3820 2142 αὐτὸν
3854 2085 3998 2141 εἶναι

2412 2179 2693 2246 σημαίνων
2714 2195 2727 2208 ο
2759 2181 2854 2232 καὶ
2902 2179 2960 2243 ὃς
2980 2180 3040 2233 τὸ
3072 2180 3318 2250 ἀοίδιμον
3362 2182 3536 2235 ἐκεῖνο
3564 2182 3656 2234 καὶ
3689 2180 3999 2251 φθέγγεται

2414 2272 2697 2333 καἰ’ποιεῖ,
2759 2271 2978 2345 Δώδεκα
3009 2272 3099 2337 δὸς
3154 2272 3303 2343 αὐτῷ
3333 2274 3669 2344 νομίσματα,
3722 2272 3992 2342 εἰρηκὼς.

2416 2362 2648 2432 μήποτε
2688 2365 2782 2416 καὶ
2814 2363 2976 2427 αὐτὸς
3023 2365 3230 2428 ἐκεῖνος
3260 2365 3289 2417 6
3346 2364 3549 2435 Κύριός
3593 2363 3696 2433 μοῦ
3746 2366 3868 2416 ἐστι
3905 2366 4002 2416 καὶ

2422 2452 2658 2523 πειράζῃ
2690 2469 2779 2522 με.
2821 2453 2983 2507 Ἀλλά
3025 2452 3199 2507 ταῦτα
3230 2454 3330 2525 μὲν
3352 2446 3477 2510 ὧδε.
3524 2454 3584 2509 '0
3612 2454 3771 2522 λόγος
3806 2453 3867 2507 δὲ
3905 2455 4004 2506 καὶ

2419 2541 2583 2612 ἓτερα
2604 2544 2827 2598 πλεῖστα
2846 2544 3121 2598 διαλαϐεῖν
3148 2545 3422 2616 βούλεται,
3439 2542 3549 2609 οἷος
3573 2543 3641 2616 ἦν
3671 2548 3843 2616 ἄκρος
3870 2550 4003 2617 περὶ

2426 2635 2485 2686 τὸ
2514 2634 2896 2707 φιλάνθρωπον
2924 2641 2951 2691 6
2987 2639 3161 2707 μέγας
3194 2639 3476 2709 δηλοῦντα.

2224 2768 2454 2827 CAPUT
2495 2772 2582 2828 lll.

1772 2891 2088 2945 Subrentum
2119 2905 2338 2959 pauper:
2376 2895 2688 2957 mercatori,
2720 2906 2766 2947 et
2801 2895 2979 2949 nobili.

825 3012 963 3071 XIV.
992 3012 1254 3067 Mercator
1285 3009 1362 3080 (9)
1398 3007 1615 3077 quidam
1652 3006 1935 3075 possidens
1965 3017 2156 3057 navem
2196 3016 2318 3070 pro-
2347 3013 2390 3070 α

753 3111 946 3181 priam,
987 3122 1108 3161 cum
1157 3103 1206 3158 ei
1259 3099 1635 3156 infelicissimo
1688 3098 1947 3152 cessisset
1992 3103 2321 3157 mercatura,

753 3203 898 3273 gravi
940 3196 1283 3269 premebatur
1322 3193 1525 3262 inopia.
1564 3190 1625 3245 Ei
1662 3206 1811 3260 ergo,
1857 3205 1976 3242 cum
2007 3188 2324 3242 accessisset

753 3308 805 3343 et
842 3291 1088 3359 prliissct
1116 3283 1316 3353 aliquid
1362 3282 1580 3347 auxilii,
1624 3278 1990 3346 beatusjubet
2022 3278 2137 3331 dari
2165 3278 2327 3346 quin-

755 3399 856 3452 que
886 3383 1051 3433 libras
1090 3378 1226 3431 auri.
1257 3376 1402 3441 Quas
1431 3373 1648 3443 quidem
1682 3388 1803 3427 cum
1832 3372 2153 3439 accepisset,
2181 3379 2235 3422 et
2260 3383 2322 3423 ea

753 3475 948 3543 quibus
996 3486 1131 3539 opus
1181 3468 1415 3523 habebat
1464 3476 1609 3521 esset
1661 3474 1967 3527 mercatus,
2028 3462 2324 3531 navigavit:

758 3568 1044 3632 Postquam
1091 3572 1269 3616 autem
1309 3559 1411 3613 fuit
1455 3560 1600 3613 circa
1646 3556 1891 3621 Pharon,
1944 3555 1990 3607 vi
2038 3562 2323 3608 ventorum

759 3669 1007 3719 vexatus,
1028 3654 1228 3707 amittit
1259 3653 1474 3721 quidem
1496 3666 1579 3714 ea,
1611 3663 1728 3717 qua:
1756 3650 2022 3711 vehebat;
2050 3646 2322 3716 navigium

762 3765 886 3802 vero
918 3748 1090 3802 solum
1122 3755 1304 3798 servat
1334 3758 1582 3797 vacuum.
1626 3741 1849 3795 Accedit
1880 3755 2009 3810 ergo
2044 3754 2231 3793 rursus
2260 3739 2325 3793 ad

765 3839 1123 3905 patriarebam
1163 3834 1324 3889 simul
1354 3834 1575 3900 quidem
1607 3829 1816 3897 tragice
1852 3827 2052 3883 deﬂens
2087 3828 2139 3882 id
2180 3828 2323 3895 quod

763 3932 1055 3991 acciderat,
1081 3938 1134 3980 et
1156 3942 1277 3979 eum
1304 3925 1369 3976 ad
1395 3921 1649 3990 majorem
1678 3934 1875 3974 vocans
1899 3920 2328 3974 commiseratio-

766 4036 909 4076 ueai.
942 4021 1032 4073 Ille
1066 4028 1241 4072 autem
1268 4031 1389 4071 cum
1420 4014 1695 4077 audiissct,
1736 4014 1980 4067 hortatur
2008 4011 2224 4080 quidem
2264 4025 2330 4065 ne

761 4115 1003 4169 animum
1029 4110 1376 4179 despondeat,
1402 4118 1584 4176 aperte
1606 4116 1782 4160 autem
1808 4103 2101 4173 subiungit,
2119 4102 2323 4157 dicens:

766 4206 878 4259 Nisi
909 4206 991 4271 iis,
1018 4218 1137 4273 qua:
1166 4200 1262 4255 tibi
1288 4200 1509 4269 reliqum
1536 4206 1690 4252 erant
1718 4210 1779 4251 ex
1811 4195 2115 4264 iniquitate,
2143 4192 2329 4248 Eccle-

762 4301 853 4356 sia:
873 4310 1087 4369 quoque
1116 4292 1370 4365 pecunias
1393 4289 1782 4361 conjunxisses,
1814 4300 1921 4341 non
1953 4287 2051 4341 hoc
2080 4284 2172 4340 tibi
2194 4298 2327 4339 cou-

2498 3007 2596 3061 lA’.
2634 3007 2913 3078 Ἐμπορός
2949 3026 3027 3071 τις
3066 3010 3198 3062 ναῦν
3241 3014 3574 3081 κεκτημένος
3613 3014 3769 3075 ἱδὲαν,
3800 3016 4007 3066 aucta-

2426 3100 2659 3167 χέστατα
2698 3099 2961 3161 διατεθεὶς
2989 3102 3121 3169 πρὸς
3147 3102 3244 3172 τὴν
3283 3104 3576 3173 ἐμπορίαν,
3603 3105 3809 3176 ἀπορία
3849 3108 4009 3157 ἐπιέ-

2427 3187 2548 3252 ζετο
2583 3190 2813 3259 χαλεπῇ.
2874 3190 3060 3259 Τούτῳ
3116 3192 3246 3259 γοῦν
3300 3194 3671 3262 προσελθόντι,
3726 3198 3822 3247 καί
3856 3214 4007 3260 τινος

2426 3279 2743 3349 ἐπικουρίας
2764 3279 3000 3343 ἀξιοῦντι
3018 3283 3221 3349 τυχεῖν,
3244 3283 3272 3333 6
3293 3284 3559 3353 μακάριος
3585 3284 3745 3336 πέντε
3774 3287 4010 3354 χρυσίου

2427 3371 2612 3443 λίτρας
2644 3372 2860 3443 δοθῆναι
2892 3376 3214 3442 προστάττει
3232 3392 3247 3407 ·
3271 3375 3451 3445 ἇσπερ
3474 3377 3539 3445 δὴ
3573 3380 3665 3429 καὶ
3691 3378 3872 3430 λαϐὼν
3911 3382 4010 3431 καὶ

2427 3456 2502 3516 ὧν
2524 3464 2695 3515 ἐδεῖτο
2726 3464 3229 3533 ἐμπορευσάμενος,
3285 3465 3461 3520 ἔπλει.
3511 3466 3599 3528 Ὠς
3633 3467 3688 3520 δὲ
3724 3468 3858 3538 περὶ
3913 3468 4009 3521 τὸν

2424 3555 2602 3625 Φάρον
2637 3556 2874 3621 ἐγένετο,
2928 3555 3073 3624 βίαις
3107 3558 3461 3625 περιληφθεὶς
3492 3561 3708 3629 ἀνέμων
3752 3562 4009 3616 ἀποϐαλε-

2427 3645 2576 3697 λεται
2619 3645 2716 3714 μὲν
2747 3645 2814 3697 τὰ
2849 3644 3130 3714 ἀγώγιμα,
3164 3646 3322 3715 μόνον
3355 3648 3413 3700 δὲ
3443 3648 3503 3700 τὺ
3538 3649 3720 3700 πλοῖον
3746 3650 4010 3713 διασώζει

2430 3735 2601 3787 κενόν.
2632 3734 3001 3803 Προσὲρχεται
3034 3735 3209 3787 τοίνυν
3247 3731 3523 3818 καιαῦθις
3541 3735 3620 3804 τῷ
3660 3736 4005 3806 πατριάρχῃ,

2394 3858 2395 3861 η
2430 3826 2546 3896 ἅμα
2576 3825 2674 3896 μὲν
2705 3825 3065 3894 ἐκτραγῳδῶν
3126 3828 3187 3877 τὸ
3222 3826 3458 3897 συμϐὰν,
3494 3827 3609 3896 ἅμα
3634 3828 3688 3881 δὲ
3740 3830 3838 3881 καὶ
3867 3829 4013 3899 πρὸς

2434 3917 2777 3986 συμπάθειαν
2818 3917 2978 3968 αὑτὸν
3034 3918 3251 3969 πλείονα
3310 3919 3733 3987 ἐκκαλούμενος.
3774 3920 3888 3972 Καὶ
3947 3921 4009 3981 ὃς

2432 4010 2690 4076 ἀκούσας,
2729 4017 2982 4082 παραινεῖ
3008 4013 3109 4080 μὲν
3138 4014 3213 4084 μὴ
3239 4015 3629 4085 ἀπαγορεύειν.
3674 4015 3922 4084 ἐπιλέγει
3950 4015 4011 4069 δι

2431 4102 2680 4171 φανερῶς
2700 4101 2774 4166 ὡς
2795 4142 2812 4169 ,
2839 4102 2901 4156 Εἰ
2929 4103 3003 4173 μὴ
3033 4106 3144 4168 τοῖς
3170 4104 3230 4170 ιε
3252 4105 3463 4169 ἀδικίας
3490 4105 3885 4174 περιλειφθεῐσι
3915 4106 4014 4159 καὶ

2433 4195 2497 4247 τὰ
2521 4194 2617 4265 τῆς
2655 4194 2981 4264 Ἐκκλησίας
3029 4197 3289 4267 χρήματα
3321 4197 3583 4268 συνῆψας,
3608 4199 3706 4252 οὐκ
3732 4198 3801 4252 ἂν
3846 4196 4017 4252 τοῦτο

2434 4283 2792 4355 συμσεσὴκοι.
2846 4282 3007 4351 Αὖθις
3034 4282 3127 4341 οὖν
3178 4288 3309 4342 δέκα
3348 4287 3538 4361 λίτρας
3594 4287 3744 4361 αὐτῷ
3781 4288 4013 4358 δοθῆναι

765 4368 991 4459 tigisset.
1040 4386 1248 4443 Rursus
1303 4396 1431 4456 ergo
1472 4382 1618 4453 lubet
1672 4380 1722 4437 ei
1771 4380 1885 4434 dari
1929 4379 2114 4435 decem
2158 4376 2324 4433 libras

2434 4376 2640 4431 κελεύει
2671 4378 2913 4448 χρυσίου,
2964 4379 3335 4449 παραγγείλας
3364 4380 3526 4451 inp:
3551 4381 3761 4444 τούτοις
3800 4382 3876 4451 μὴ
3907 4383 4013 4449 εμ-

764 4483 879 4537 aurl
904 4523 917 4547 ,
950 4480 1174 4549 jubens,
1212 4491 1277 4531 ne
1311 4489 1403 4531 cas
1434 4472 1679 4542 injiceret
1707 4485 1827 4527 cum
1867 4468 2005 4523 aliis.
2041 4466 2326 4534 Quampri-

767 4588 910 4627 mum
945 4584 1074 4638 ergo
1100 4565 1371 4637 navigavit
1402 4573 1691 4625 mercator,
1732 4561 1928 4617 accidit
1958 4568 2015 4613 ut
2041 4568 2094 4614 et
2119 4568 2326 4628 patere-

767 4673 852 4717 tur
894 4660 1057 4730 priori
1102 4658 1317 4726 gravius
1366 4653 1744 4723 naufragium,
1790 4661 1848 4705 ut
1896 4652 1985 4720 qui
2029 4664 2153 4703 cum
2198 4662 2331 4701 nave

766 4767 903 4803 unus
934 4749 1093 4801 simul
1134 4746 1394 4800 aruiserit.
1435 4742 1567 4798 Cum
1606 4756 1735 4811 ergo
1764 4741 1817 4793 in
1859 4749 2157 4793 extremam
2186 4737 2329 4789 ceci-

767 4842 932 4895 dissct
963 4839 1424 4907 desperationem,
1456 4845 1509 4888 et
1541 4835 1714 4887 victus
1743 4842 1889 4885 esset
1915 4830 2081 4883 animi
2116 4828 2331 4897 aegritu-

766 4931 892 4984 dine
913 4970 927 4990 ,
959 4940 1009 4982 et
1040 4945 1136 4981 nec
1172 4927 1435 4980 tantillum
1466 4924 1679 4993 quidem
1714 4932 1898 4992 posset
1933 4921 2185 4975 cohibere
2213 4934 2332 4974 mo-

769 5033 879 5072 tam
924 5020 1121 5079 animi,
1164 5029 1216 5069 et
1253 5018 1362 5086 jam
1419 5030 1634 5068 manum
1685 5014 1788 5068 sibi
1843 5021 1987 5067 esset
2032 5011 2330 5074 allaturos;

768 5115 960 5165 deinde
998 5111 1289 5176 cumquod
1332 5108 1527 5160 factum
1572 5115 1726 5170 erat,
1773 5120 1960 5171 rursus
2004 5102 2330 5162 rescivisset,

771 5204 1072 5271 pull‘ial‘t‘ilu
1114 5218 1235 5255 eum
1275 5201 1526 5254 accersit.
1561 5197 1653 5250 llle
1699 5209 1877 5251 autem
1910 5195 2140 5267 accessit
2182 5206 2333 5248 veste

767 5297 1046 5361 disrupta,
1080 5308 1232 5347 coma
1281 5291 1488 5353 evulsa,
1538 5298 1592 5342 et
1624 5297 1786 5357 caput
1820 5286 2027 5341 habens
2067 5301 2330 5353 eonSper-

769 5406 885 5439 sum
918 5387 1131 5445 cinere,
1164 5384 1348 5438 habitu
1388 5381 1729 5442 miserabilis,
1757 5379 2114 5433 miserabilior
2152 5391 2330 5432 autem

769 5480 1032 5550 gravitate
1076 5478 1418 5539 calamitatis,
1463 5487 1514 5529 et
1546 5475 1727 5528 multis
1777 5474 2026 5542 lacrymis
2069 5472 2334 5541 lacrymas

770 5570 1045 5621 oculorum
1080 5569 1376 5621 attrahens.
1418 5568 1588 5632 Quem
1619 5565 1779 5618 etiam
1818 5563 1904 5616 hic
1946 5577 2170 5633 magnus
2211 5578 2332 5616 cum

773 5660 993 5713 vidisset
1024 5678 1036 5711 :
1064 5659 1354 5727 Pr0pitius,
1390 5657 1585 5725 inquit,
1632 5656 1703 5710 sit
1739 5655 1829 5707 tibi
1872 5653 2030 5707 Deus.
2064 5652 2179 5706 Cur
2209 5670 2332 5722 pro-

844 5820 981 5890 lii-9)
1022 5818 1299 5879 Leontius,
1350 5818 1660 5880 nazrclcrus,
1692 5817 1831 5885 quod
1878 5814 2013 5868 inira
2059 5816 2143 5869 hic
2188 5816 2402 5868 dicitur.

2432 4467 2638 4524 ϐαλεῖν.
2701 4468 2855 4523 Κατά
2887 4469 3050 4539 τάχος
3104 4468 3196 4524 οὖν
3227 4473 3254 4525 6
3292 4471 3529 4542 ιμπορος
3563 4472 3717 4526 επλει
3752 4475 3848 4528 καὶ
3882 4493 4016 4529 ναν·

2429 4559 2571 4630 αγίῳ
2597 4560 2759 4614 πάλιν
2789 4561 2983 4630 χρῆται
3005 4560 3098 4615 τοῦ
3135 4562 3405 4633 προτέρου
3452 4564 3840 4637 χαλεπωτέρῳ,
3864 4570 4010 4637 αὑτῇ

2431 4650 2518 4720 νηῒ
2560 4651 2655 4704 καὶ
2710 4652 2799 4705 τὸν
2830 4654 3028 4722 φόρτον
3077 4654 3387 4708 ἀποϐαλών.
3452 4656 3686 4726 ’ἐσχάτῃ
3715 4658 4012 4727 τοιγαροῦν

2432 4742 2736 4808 ἀπογνώσει
2760 4744 3095 4813 περιπεσὼν,
3114 4745 3294 4815 ἦττων
3311 4762 3369 4798 τε
3386 4746 3485 4814 τῆς
3511 4748 3748 4817 ἀθυμίας
3772 4750 4011 4818 γενόμε-

2433 4849 2520 4895 νος
2550 4834 2640 4885 καὶ
2671 4834 2803 4902 μηδὲ
2838 4835 3011 4904 βραχὺ
3042 4834 3136 4888 τοῦ
3196 4838 3400 4897 πάθους
3438 4826 3711 4908 ἐγκρατὴς
3739 4834 3885 4891 εἶναι
3918 4842 4014 4892 δυο

2434 4922 2687 4990 νὰμενος,
2712 4927 2804 4976 καὶ
2828 4926 3018 4978 ἑαυτὸν
3045 4928 3142 4995 ἤδη
3190 4928 3614 4998 διαχειρίζεσθαι
3638 4930 3854 4997 ἔμελλε,
3886 4928 4013 4985 εἶτα

2433 5017 2492 5066 τὸ
2515 5018 2734 5083 γεγονὸς
2760 5019 2851 5070 καὶ
2883 5014 3038 5080 αὖθις
3071 5023 3099 5071 6
3134 5024 3476 5090 πατριάρχης
3500 5022 3793 5089 ἀναμαθὼν
3820 5028 4014 5076 aiax:-

2433 5105 2603 5157 λεῖται
2633 5105 2818 5159 τοῦτον
2842 5126 2854 5138 ·
2890 5108 2983 5160 καὶ
3007 5109 3063 5171 ὃς
3083 5110 3307 5180 προσῄει
3326 5113 3423 5181 τὴν
3448 5114 3650 5183 ἐσθῆτα
3669 5114 4013 5186 διερρηγμέ-

2434 5213 2542 5259 νος,
2576 5199 2675 5265 τὴν
2729 5199 2908 5267 κόμην
2940 5199 3354 5269 διεσπασμένος,
3415 5206 3561 5257 κόνει
3600 5208 3700 5274 τὴν
3756 5209 4012 5280 κεφαλὴν

2435 5290 2950 5355 καταπεπασμένος,
3005 5290 3233 5349 ἐλεεινὸς
3281 5293 3341 5343 τὸ
3378 5293 3587 5362 σχῆμα,
3642 5296 4012 5368 ἐλεεινότερος

2435 5379 2509 5445 τῷ
2542 5378 2696 5448 βάρει
2732 5382 2837 5433 τιῖιν
2870 5382 3185 5450 συμφορῶν,
3214 5383 3443 5452 δάκρυσί
3470 5402 3523 5436 τε
3552 5385 3763 5449 πολλοῖς
3790 5388 4011 5458 δάκρυα

2434 5470 2542 5522 τῶν
2571 5469 2865 5540 ὀφθαλμῶν
2887 5472 3268 5540 ἐφελκόμενος.
3305 5477 3402 5527 ’ον
3431 5477 3524 5529 καὶ
3554 5480 3581 5529 6
3619 5479 3792 5545 μέγας
3842 5480 4015 5542 αὐτὸς

2437 5562 2768 5633 θεασάμενος
2790 5603 2804 5626 ,
2836 5563 3020 5627 Ἵλεώς
3058 5581 3159 5629 σοι,
3220 5568 3406 5637 φησὶν,
3471 5571 3500 5619 6
3547 5569 3698 5630 Haec.
3732 5569 3797 5620 Τί
3829 5570 4013 5635 οὕτως

2437 5653 2597 5706 αὑτὸν
2656 5655 2716 5704 ἐκ
2769 5654 3133 5723 μικροψυχίας
3181 5656 3473 5727 διέθηκα·;
3511 5659 3749 5713 Πέποιθα
3781 5659 3863 5726 τῷ
3894 5662 4018 5729 (3εῴ
