4154 6490
713 403 818 467 915

1904 400 2185 460 ME'XSIS
2225 400 2681 461 JANUAHIUS.

3867 395 3988 459 916

709 517 774 567 2d
823 529 883 568 se
934 523 1118 584 postea
1163 529 1416 569 reversus
1439 526 1491 568 et
1533 517 1728 570 timore
1779 517 2021 586 repletus
2068 514 2279 585 (eorum

2394 514 2490 568 λῶς
2519 513 2907 584 πεπραγμένου
2938 513 3226 582 μετάνοιαν
3277 514 3506 583 εὐγενὴς
3547 511 3697 582 ψυχὴ
3735 511 3828 562 καὶ
3855 513 3985 579 gi}.-

707 608 872 671 rnim,
899 621 1017 674 qua
1044 621 1147 659 non
1175 618 1320 660 recte
1349 605 1487 660 facta
1520 618 1666 668 sunt,
1693 609 2009 676 pwnitentia
2033 608 2140 660 eitu
2165 620 2283 660 mo-

712 711 865 751 retur
899 713 1162 767 generosa
1207 699 1424 752 virtutis
1464 717 1653 754 anmns
1695 701 1919 768 anima),
1956 700 2095 754 Vivit
2128 700 2289 764 Deus,

2395 606 2629 675 ἁρετος),
2663 607 2738 674 Ζῇ
2779 603 3006 672 Κύριος,
3045 603 3355 672 ἐξεϐόησεν,
3388 603 3506 656 οὑδὲ
3539 605 3567 653 ὀ
3598 601 3853 660 ταπεινὸς
3881 598 3984 649 Νι·

2403 697 2575 763 κήτας
2611 693 2878 746 στενῶσαι
2902 693 3094 745 τοῦτον
3124 693 3453 762 πειραθῆναι
3483 691 3754 754 ἀνέξεται.

709 791 1063 857 ext-laniavit;
1097 808 1195 846 nec
1227 792 1448 847 humilis
1486 791 1703 848 Nieetas
1739 793 2030 849 sustinebit
2073 803 2286 845 tentare
2322 803 2448 842 cum
2481 789 2534 840 in
2565 797 2852 854 augustum
2885 786 3150 854 redigere.

783 882 924 937 XXI.
966 883 1100 938 Cum
1135 885 1315 937 statim
1348 885 1526 953 itaque
1556 887 1905 950 surrexisset,
1939 897 1990 939 et
2012 898 2283 954 quascun-

707 990 815 1044 que
863 991 925 1028 ex
973 975 1201 1030 ecclesia
1249 975 1534 1031 sustulerat
1579 979 1834 1046 pecunias
1910 994 2096 1032 rursus
2138 995 2285 1033 sum-

712 1071 930 1136 p~isset,
956 1077 1011 1126 et
1042 1070 1209 1138 ipsam
1233 1084 1353 1138 qua:
1379 1069 1540 1122 missa
1561 1069 1737 1124 fuerat
1763 1072 2100 1140 amphoram,
2125 1073 2284 1141 quin-

709 1163 872 1214 etiam
915 1176 944 1214 e
984 1170 1083 1215 suo
1132 1159 1300 1213 libras
1340 1170 1613 1215 trecentas
1667 1161 1988 1226 addidisset,
2042 1163 2287 1217 ascendit

710 1255 776 1303 ad
810 1251 1208 1321 patriarebam,
1254 1254 1468 1306 veniam
1517 1265 1702 1322 petens
1738 1255 2121 1307 inconsiderati
2153 1271 2285 1309 eon-

711 1345 835 1399 silii.
885 1343 975 1398 Ille
1010 1354 1188 1398 autem
1227 1359 1348 1397 eum
1389 1345 1618 1398 libenter
1656 1347 1967 1415 excipiens,
2023 1362 2200 1410 neque
2237 1348 2285 1400 ei

713 1437 1085 1508 expiobravit,
1111 1451 1285 1505 neque
1311 1438 1507 1506 aliquid
1533 1439 1744 1493 locutus
1766 1449 1868 1503 est,
1894 1441 2036 1507 quod
2063 1441 2112 1492 ei
2137 1439 2292 1494 affer—

714 1541 798 1584 ret
828 1529 1128 1584 molestiam
1160 1549 1171 1582 :
1203 1530 1294 1584 sed
1323 1532 1498 1584 verbis
1523 1532 1700 1599 potius
1731 1533 1968 1585 animum
2004 1533 2289 1586 consolan-

715 1623 858 1676 tibus
892 1633 946 1674 et
986 1620 1361 1688 spiritualibus
1408 1621 1865 1676 admonitionibus
1907 1623 2289 1676 confirmatum

713 1712 1039 1764 amandavit.
1088 1712 1169 1764 Ab
1228 1728 1294 1765 eo
1350 1721 1528 1764 autem
1583 1722 1826 1780 tempore
1877 1722 2026 1766 tanto
2076 1713 2294 1766 fuerunt

715 1804 858 1856 inter
900 1820 957 1858 se
1002 1806 1277 1872 conjuncti
1322 1806 1534 1857 vinculo
1579 1806 1863 1866 amicitim,
1914 1815 1971 1858 ut
2001 1807 2162 1859 etiam
2198 1822 2292 1875 pa—

2466 881 2596 932 KA'.
2624 879 2947 948 Παραυτίκα
2971 879 3151 931 τοίνυν
3176 877 3489 942 διαναστὰς,
3514 879 3608 931 καὶ
3626 879 3690 930 τά
3719 878 3985 946 χρήματα

2395 972 2573 1026 πάντα
2599 973 2697 1023 ὅσα
2726 970 2790 1041 δὴ
2834 974 2930 1024 καὶ
2958 972 3024 1024 τα
3052 972 3150 1040 τῆς
3180 971 3478 1041 ἐκκλησίας
3518 972 3772 1039 ἀφείλετο
3821 973 3984 1023 πάλιν

2394 1070 2520 1122 ἀνα)
2535 1069 2706 1130 αῧὼν,
2765 1069 2859 1121 καὶ
2899 1069 3030 1120 αὐτὸ
3061 1068 3122 1119 τὸ
3158 1069 3348 1121 σταλὲν
3378 1068 3664 1136 κεράμιον,
3722 1066 3860 1118 ἀλλά
3892 1066 3985 1117 καὶ

2392 1161 2521 1232 παρ’
2552 1161 2746 1214 ἑαυτοῦ
2774 1161 3001 1230 χρυσίου
3034 1161 3224 1227 λίτρας
3243 1161 3566 1232 τριακοσίας
3595 1159 3980 1229 προσεπιθεὶς,

2391 1256 2565 1307 ἄνεισι
2593 1255 2731 1324 πρδς
2752 1256 2844 1305 τὸν
2894 1254 3266 1323 πατριάρχην,
3303 1256 3638 1324 συγγνώμην
3681 1254 3782 1321 τῆς
3816 1253 3985 1304 ἀδου-

2386 1347 2506 1410 λίας
2544 1347 2882 1415 αἰτούμενος,
2953 1348 3024 1398 "O
3059 1345 3114 1398 δὲ
3164 1347 3417 1414 ἀσμένως
3450 1347 3624 1400 αὐτὸν
3661 1346 3986 1413 δεξάμενος,

2387 1437 2509 1490 οὔτε
2541 1437 2839 1499 ὠνείδισεν,
2868 1435 2993 1488 οὔτε
3026 1454 3079 1488 τι
3110 1437 3218 1488 τῶν
3249 1437 3566 1489 λυπούντων
3592 1436 3990 1504 ἀπεφθέγξατο

2393 1528 2531 1594 πρδς
2561 1530 2722 1581 αὐτόν
2743 1546 2755 1559 -
2789 1527 2968 1597 λόγοις
2995 1528 3050 1579 δὲ
3102 1530 3304 1596 μᾶλλον
3338 1529 3719 1598 παρακαλοῦσι
3776 1529 3986 1598 ψυχὴν,

2389 1620 2483 1672 καὶ
2507 1620 2810 1682 νουθεσίαις
2830 1619 3188 1690 ὲπιστηρίξας
3209 1623 3635 1688 πνευματικαῖς,
3660 1619 3980 1671 ἀπέστειλε.

2391 1713 2502 1765 Καὶ
2519 1711 2578 1763 τὸ
2607 1711 2711 1764 ἀπὸ
2739 1711 2894 1764 τοῦδε
2931 1711 3074 1765 οὕτω
3108 1712 3244 1782 πρδς
3281 1713 3465 1776 φιλίαν
3503 1713 3753 1781 ἀλλήλοις
3798 1712 3987 1780 ἀμφό-

2397 1823 2546 1874 τεροι
2576 1805 2960 1872 συνεδέθησαν,
2993 1806 3068 1866 ὡς
3091 1809 3182 1857 καὶ
3211 1806 3474 1872 ἀνάδοχον
3501 1805 3611 1856 τῶν
3646 1805 3812 1856 αὐτοῦ
3853 1806 3984 1856 παί-

714 1895 949 1947 tt'iarcha
995 1895 1157 1947 fuerit
1202 1894 1317 1962 ejus
1358 1894 1590 1945 ﬁliorum
1641 1905 1943 1962 susceptor.
1998 1894 2070 1950 Ut
2110 1907 2290 1950 autem

2395 1896 2500 1947 δων
2527 1893 2785 1961 γενέσθαι
2819 1895 2911 1947 τὸν
2947 1895 3319 1964 πατριάρχην.
3356 1895 3470 1946 "Iv:
3500 1895 3556 1946 δὲ
3587 1895 3662 1963 μὴ
3696 1895 3863 1962 μόνον
3896 1895 3984 1945 διὰ

715 1999 821 2035 non
853 1983 1027 2035 solum
1071 1998 1164 2051 per
1205 1984 1508 2036 uberiorem
1544 1983 1828 2052 laxamque
1859 1995 1913 2038 et
1944 1984 2176 2039 solutam
2211 1988 2293 2040 vi.

711 2075 870 2127 vendi
906 2075 1166 2128 rationem
1217 2087 1637 2144 cognosceretur
1671 2078 1885 2130 animus
1937 2076 2054 2144 ejus
2087 2077 2295 2133 incom-

712 2169 1008 2236 parabilis,
1057 2181 1111 2224 et
1156 2171 1292 2224 bona
1340 2185 1462 2238 spes
1509 2170 1629 2238 ejus
1673 2172 1725 2224 in
1775 2171 1941 2226 Deum
1992 2170 2152 2239 fidei,
2195 2172 2292 2226 sed

711 2261 875 2312 etiam
915 2277 1010 2328 per
1036 2263 1426 2332 angustiorem,
1459 2279 1622 2333 quam
1663 2275 1806 2318 esset
1835 2265 2116 2334 probatus,
2148 2275 2293 2320 esset

713 2354 973 2408 evidens:
1014 2354 1246 2424 (clarum
1277 2365 1361 2410 est
1395 2357 1570 2418 enim,
1603 2357 1745 2424 quod
1776 2368 1904 2411 sunt
1933 2369 2165 2426 utraque
2199 2373 2293 2428 pe-

710 2444 983 2509 riculosa,
1027 2461 1220 2514 nempe
1257 2458 1312 2500 et
1352 2463 1438 2501 res
1477 2450 1757 2511 secundae,
1789 2464 1908 2518 quae
1939 2459 2203 2504 enervant
2231 2459 2285 2503 et

713 2536 1016 2601 emolliunt,
1061 2553 1090 2591 a
1142 2539 1345 2608 Deique
1389 2541 1762 2594 recordatione
1802 2540 2062 2609 ejiciunt;
2109 2553 2163 2594 et
2198 2558 2285 2596 res

712 2631 956 2683 adversa:
989 2646 1204 2696 rursus,
1237 2646 1356 2701 qua:
1395 2633 1448 2684 in
1485 2641 1692 2686 aretum
1729 2643 1957 2701 cogunt,
2007 2633 2285 2702 pusillum-

715 2737 821 2788 que
837 2722 1176 2789 etabjectum
1210 2723 1448 2775 animum
1483 2721 2082 2792 efﬁciunt):pr0pterea
2108 2724 2290 2792 provi-

2391 1985 2488 2054 τῆς
2513 1985 2900 2052 ἀφθονωτέρας
2932 1985 3156 2053 ἀγωγῆς
3193 1985 3285 2037 καὶ
3309 1985 3523 2046 ἀνέτου,
3562 1983 3622 2035 τὸ
3653 1981 3984 2052 ἀπαράσλη-

2390 2095 2484 2129 τον
2511 2077 2614 2146 τῆς
2639 2077 2733 2130 τοῦ
2783 2077 2974 2146 ἀνδρὸς
3005 2078 3402 2148 προαιρέσεως,
3456 2077 3554 2145 τῆς
3587 2093 3648 2128 τε
3678 2075 3815 2144 πρὸς
3847 2074 3984 2125 Θεὸν

2389 2177 2627 2231 πίστεως
2651 2169 2709 2220 τὸ
2729 2167 2919 2221 εὔελπι
2935 2166 3236 2238 γνωρισθῇ,
3268 2166 3402 2220 ἀλλά
3428 2169 3522 2219 καὶ
3547 2167 3635 2219 διὰ
3656 2171 3756 2234 τῆς
3779 2183 3983 2218 στενω·

2389 2260 2554 2330 τέρας
2578 2259 2637 2312 τὸ
2662 2260 2907 2330 δοκίμιον
2940 2253 3049 2322 οἷος
3100 2261 3334 2330 φανερὸς
3365 2260 3593 2328 γένηται
3620 2275 3634 2289 ⁸
3667 2258 3853 2327 (δῆλον
3870 2258 3982 2327 γάρ

2387 2357 2462 2419 ὠς
2493 2355 2771 2424 ἐπισφαλῆ
2794 2355 3084 2424 ἀμφότερα
3111 2371 3124 2384 ⁶
3155 2355 3431 2424 εὐημερία
3454 2353 3728 2423 χαυνοῦσα
3757 2355 3857 2405 καὶ
3879 2353 3979 2420 τῆς

2392 2446 2486 2500 τοῦ
2510 2445 2649 2499 Θεοῦ
2691 2449 2910 2516 μνήμης
2943 2447 3308 2508 ὲκὸἀλλουσα,
3337 2450 3430 2499 καὶ
3459 2446 3771 2514 δυσπραγία
3810 2443 3981 2496 πάλιν

2393 2537 2768 2592 ἀποστενοῦσα
2804 2540 2898 2591 καὶ
2929 2539 3067 2608 πρὸς
3115 2538 3481 2607 μικροψυχίαν
3512 2535 3860 2603 ἐλαύνουσα)’
3891 2533 3984 2585 διὰ.

2394 2629 2568 2682 ταῦτα
2600 2631 2874 2699 οἰκονομεῖ
2906 2627 3098 2682 τοῦτον
3144 2629 3320 2698 ἐνδείᾳ
3373 2627 3693 2698 περιπεσεῖν
3734 2629 3762 2678 ὀ
3819 2624 3979 2686 Θεός.

2397 2723 2492 2786 Τίς
2523 2722 2580 2774 δὲ
2613 2725 2641 2774 ὁ
2669 2723 2766 2792 τῆς
2792 2721 3102 2790 οἰκονομίας
3131 2721 3354 2792 τρόπος,
3387 2719 3497 2790 ἐρῶ

717 2817 794 2868 dit
829 2815 988 2877 Deus,
1025 2825 1079 2866 ut
1125 2817 1168 2868 is
1199 2815 1356 2868 cadat
1395 2818 1449 2868 in
1491 2824 1812 2884 egestatem.
1849 2818 2096 2880 Quonam
2131 2817 2289 2869 modo
2327 2825 2506 2868 autem
2534 2814 2582 2866 id
2612 2813 2893 2883 provisum
2923 2816 3016 2878 sit,
3048 2816 3249 2867 dicam.

791 2907 950 2967 X.\ll.
988 2908 1122 2962 Cum
1157 2924 1348 2979 magna
1383 2910 1664 2963 multitudo
1693 2925 1902 2974 eorum,
1940 2911 2028 2979 qui
2072 2923 2288 2963 manum

717 2999 986 3059 Persicam
1028 2999 1360 3065 eﬂ'ugera'nt,
1409 3001 1740 3072 confugisset
1780 3001 2193 3064 Alexandriam,
2237 3012 2288 3056 et

2471 2907 2597 2960 KB’.
2642 2906 2748 2958 Τοῦ
2775 2906 2973 2960 πολλοῦ
2996 2909 3241 2976 πλήθους
3269 2907 3378 2958 τῶν
3399 2907 3498 2976 τὴν
3523 2907 3799 2976 Περσικὴν
3820 2907 3988 2976 χεῖρα

2397 2999 2774 3066 διαφυγόντων
2802 3000 2881 3061 είς
2901 2999 2998 3067 τὴν
3014 2997 3425 3067 Ἀλεξάνδρειαν
3456 2997 3985 3064 καταπεφευγότων,

719 3102 862 3144 esset
905 3106 1096 3161 magna
1148 3093 1386 3146 alimenti
1431 3095 1688 3161 penuria,
1738 3094 1978 3148 maxime
2019 3095 2162 3164 quod
2196 3108 2290 3149 nec

2398 3092 2493 3144 καὶ
2514 3091 2621 3143 τῶν
2647 3091 2864 3160 τροφῶν
2900 3092 3107 3160 σφόδρα
3150 3090 3549 3153 σπανιζουσῶν,
3611 3089 3690 3159 τῷ
3744 3091 3988 3159 μάλιστα

719 3181 809 3236 illo
852 3191 1093 3252 tempore
1137 3183 1284 3238 Nilus
1317 3185 1680 3247 ascendisset,
1722 3195 1779 3239 ut
1813 3195 2204 3251 consueverat,
2237 3195 2290 3239 et

719 3277 960 3344 pecuniae
982 3275 1237 3330 Ecclesia:
1259 3291 1439 3331 essent
1461 3291 1792 3346 consumpta:
1811 3297 1826 3343 ;
1846 3293 2064 3335 coactus
2092 3290 2172 3334 est
2201 3279 2291 3333 ille

720 3383 945 3438 magnus
990 3368 1136 3422 mille
1179 3368 1344 3423 libras
1384 3371 1497 3422 auri
1545 3381 1759 3424 mutuas
1801 3372 2045 3438 accipere
2089 3373 2156 3424 ab
2195 3371 2293 3423 ali-

719 3462 937 3526 quibus.
961 3458 1094 3513 Cum
1129 3470 1306 3514 autem
1329 3475 1419 3514 eas
1440 3475 1652 3529 quoque
1674 3462 2294 3530 consmnpsisseLagita-

721 3554 877 3605 batur
905 3567 1097 3622 magna
1133 3551 1510 3616 sollicitudine,
1547 3564 1600 3606 et
1633 3552 1724 3605 Dt-i
1762 3554 1952 3606 orabat
1985 3553 2288 3619 benignita-

721 3655 852 3709 tem,
898 3655 952 3696 ut
985 3646 1035 3698 in
1083 3645 1241 3698 rebus
1272 3645 1450 3698 dubiis
1481 3646 1714 3714 aliquant
1750 3646 1890 3699 viam
1932 3646 2288 3714 excogitaret.

724 3736 829 3788 Sed
858 3736 1069 3789 etiamsi
1099 3737 1163 3789 ad
1190 3746 1388 3790 tantam
1415 3742 1661 3793 redactus
1685 3738 1872 3792 fuisset
1900 3740 2157 3808 inopiam,
2186 3755 2292 3793 non

725 3826 825 3877 fuit
855 3837 1032 3879 tamen
1063 3828 1236 3881 victus
1266 3845 1292 3878 a
1331 3829 1654 3894 caiamitate,
1691 3848 1790 3884 non
1823 3832 2032 3885 divinas
2059 3833 2090 3884 Ι·
2111 3847 2201 3900 ges
2240 3843 2293 3886 et

725 3933 910 3972 sacras
941 3919 1356 3973 constitutiones
1385 3920 1563 3973 aﬂ'eeit
1597 3923 1885 3986 deder-ore,
1921 3938 2020 3976 nec
2055 3925 2297 3976 intermi-

719 4007 791 4061 sit
817 4007 1166 4060 commissum
1201 4008 1299 4061 sibi
1335 4024 1548 4078 gregem
1591 4022 1840 4065 aceurate
1874 4026 2078 4080 regere.
2114 4013 2296 4081 Itaque

720 4111 840 4149 cum
879 4097 1094 4165 quidam
1148 4098 1412 4164 clericus,
1453 4114 1516 4154 ex
1552 4102 1617 4154 iis
1654 4103 1744 4169 qui
1775 4103 2043 4157 Secundas
2077 4106 2293 4172 nuptias

721 4198 1142 4254 contraxerant,
1195 4190 1477 4244 abundans
1526 4192 1767 4256 divitiis,
1818 4194 1980 4248 vellet
2032 4197 2290 4264 consequi

721 4279 942 4346 gradum
976 4279 1330 4344 diaconatus,
1366 4280 1690 4346 ,rescivisset
1718 4295 1897 4337 antem
1933 4285 2027 4338 luas
2059 4286 2292 4352 patriar-

723 4373 837 4424 t-lue
890 4372 1186 4440 angustias,
1222 4381 1275 4425 et
1305 4374 1622 4441 arripuisset
1657 4384 1869 4444 tempus
1903 4386 2157 4445 tanquam
2192 4393 2288 4444 op-

725 4474 1037 4528 portunum,
1064 4463 1108 4515 si
1141 4465 1383 4531 pecuniis
1410 4464 1579 4517 levata
1610 4467 1782 4534 inopia
1808 4479 2188 4537 asse-queretur
2211 4468 2286 4532 id,

724 4555 865 4622 quod
885 4557 1242 4619 desiderabat,
1260 4557 1501 4610 chartam
1526 4559 1745 4612 tradidit
1763 4558 2146 4624 beatoJoanni,
2174 4576 2292 4628 quae

723 4648 802 4700 sic
853 4647 1116 4700 habebat:
1172 4647 1304 4701 Cum
1357 4650 1686 4718 accepissem
1732 4653 2007 4719 angustias
2055 4654 2106 4706 iu
2158 4668 2294 4722 quas

728 4738 943 4792 redacta
981 4748 1061 4791 est
1094 4740 1342 4792 mnnilira
1379 4739 1600 4792 dextera
1637 4741 1739 4795 mei
1771 4741 2005 4807 domini,
2041 4757 2144 4796 non
2175 4743 2294 4796 exi-

728 4827 943 4880 stimavi
978 4841 1228 4896 oportere
1268 4846 1352 4883 me
1387 4831 1602 4898 quidem
1654 4832 1848 4901 degere
1896 4832 1951 4886 in
1997 4833 2206 4887 deliciis
2244 4847 2299 4893 et

729 4933 905 4970 rerum
933 4919 1276 4980 abundantia,
1305 4920 1579 4974 dominum
1605 4933 1782 4975 autem
1812 4937 1986 4976 meum
2016 4924 2288 4978 redactum

725 5024 843 5064 esse
876 5011 926 5062 in
973 5013 1265 5076 angustias.
1311 5011 1447 5065 Sunt
1478 5016 1615 5083 apud
1652 5031 1734 5068 me
1772 5014 2025 5069 frumenti
2073 5017 2288 5084 quidem

729 5097 892 5150 multa
926 5098 1108 5162 n.illia,
1139 5101 1250 5151 auri
1285 5109 1462 5153 autem
1497 5113 1714 5156 centum
1753 5103 1902 5158 libra:
1941 5114 1994 5157 et
2026 5106 2292 5173 quinqua-

726 5190 869 5259 ginta
898 5205 910 5236 τ
942 5207 1032 5244 eas
1063 5193 1214 5246 velim
1253 5209 1346 5260 per
1382 5204 1432 5247 te
1463 5196 1591 5248 dare
1625 5196 1859 5261 Christo,
1893 5199 1937 5251 si
1971 5207 2174 5250 tantum
2201 5199 2288 5265 ju-

724 5280 936 5335 dicatus
982 5285 1130 5336 lucro
1171 5284 1362 5354 dignus
1407 5287 1523 5352 ejus
1573 5290 1858 5342 diaconatu
1903 5305 1996 5358 per
2050 5302 2289 5343 sanetam

729 5383 871 5424 tuam
905 5371 1316 5426 ordinationem.
1351 5374 1628 5430 Inventum
1657 5380 1800 5432 enim
1832 5391 1914 5434 est
1941 5380 2135 5434 alicubi
2162 5382 2250 5449 qui
2276 5382 2286 5431 l

727 5464 924 5516 dictum
961 5463 1124 5519 fuissie
1149 5467 1287 5533 apud
1316 5469 1625 5535 Apostoluut
1651 5475 1694 5536 ',
1719 5488 1780 5526 ex
1810 5473 2129 5528 necessitate
2159 5475 2288 5543 legis

726 5570 940 5622 quoque
974 5558 1084 5610 :ieri
1124 5560 1551 5617 ttanslationem.

790 5821 804 5848 ’
839 5821 974 5870 iirﬂ?
1028 5838 1120 5877 ιη,

2393 3185 2512 3235 κατ’
2542 3184 2718 3234 ἐκεῖνο
2747 3181 2942 3250 καιροῦ
2979 3181 3114 3249 μηδὲ
3171 3181 3261 3233 τὸν
3289 3181 3479 3234 Νεῖλον
3532 3179 3722 3249 ὥσπερ
3751 3179 3989 3248 σύνηθες

2392 3273 2723 3342 ποιήσασθαι
2773 3273 2870 3342 τὴν
2915 3273 3198 3338 ἀνάϐασιν,
3249 3274 3342 3326 καὶ
3376 3274 3484 3324 τῶν
3521 3275 3614 3341 τῆς
3648 3272 3988 3342 Ἐκκλησίας

2394 3364 2693 3432 χρημάτων
2711 3363 3121 3427 ἀναλωθέντων,
3149 3363 3549 3432 ἀπηναγκάσθη
3567 3364 3594 3412 ὁ
3618 3363 3790 3430 μέγας
3805 3363 3990 3429 χιλίας

2395 3456 2616 3525 χρυσίου
2643 3455 2831 3525 λίτρας
2859 3457 3011 3525 παρά
3043 3447 3206 3509 τινων
3233 3455 3667 3510 ἐκδανείσασθαι·
3691 3453 3766 3516 ὡς
3797 3455 3855 3506 δὲ
3891 3458 3987 3506 καὶ

2393 3547 2594 3609 ταύτας
2627 3549 2894 3609 ἀνάλωσε,
2939 3548 3107 3616 πολλή
3142 3547 3225 3606 τις
3258 3550 3422 3601 αὑτὸν
3456 3549 3664 3599 ἐκλὸνει
3728 3549 3985 3617 φροντὶς,

2396 3641 2622 3708 καὶτῆς
2676 3639 2768 3692 τοῦ
2816 3639 2952 3692 Θεοῦ
3001 3640 3417 3708 φιλανθρωπίας
3475 3640 3645 3692 ἐδεῖτο
3699 3640 3868 3702 πόρον
3928 3643 3986 3690 ἐν

2395 3733 2623 3800 ἀπόροις
2650 3732 3047 3802 ὲπινοήσασθαι
3081 3748 3094 3761 ·
3122 3733 3258 3786 ἀλλά
3287 3733 3381 3784 καὶ
3422 3731 3594 3794 οὕτως
3646 3734 3724 3792 εἰς
3751 3731 3986 3798 ἔσχατον

2396 3824 2629 3892 ἀπορίας
2685 3823 2984 3892 ἐληλακὼς,
3019 3827 3117 3894 ούχ
3151 3826 3328 3894 ἥττων
3358 3823 3512 3892 ᾣφθη
3539 3826 3636 3892 τῆς
3666 3824 3982 3892 συμφορᾶς,

2397 3917 2456 3967 οὐ
2484 3918 2608 3978 τοὺς
2635 3917 2812 3978 θείους
2843 3918 3044 3985 νόμους
3090 3919 3184 3970 καὶ
3214 3919 3311 3980 τὰς
3346 3918 3497 3986 ίεράς
3534 3917 3734 3985 ᾔσχυνε
3784 3917 3984 3968 διατά-

2399 4007 2530 4072 ξεις,
2564 4009 2683 4060 οὐδὲ
2713 4007 3002 4077 καθυφῆκέ
3035 4028 3087 4062 τι
3126 4009 3218 4062 τοῦ
3268 4009 3340 4078 μὴ
3374 4010 3508 4077 πρὸς
3540 4008 3830 4076 ἀκρίϐειαν
3867 4009 3987 4059 E66-

2397 4118 2508 4152 νειν
2533 4102 2593 4152 τὸ
2616 4101 2906 4154 πιστευθὲν
2940 4103 3211 4171 ποίμνιον.
3237 4102 3424 4172 Ταύτῃ
3452 4119 3534 4152 τοι
3572 4103 3666 4152 καὶ
3719 4101 3987 4168 κληρικὸς

2398 4208 2480 4252 τις
2543 4191 2651 4243 τῶν
2717 4192 2993 4261 δευτέροις
3061 4193 3259 4262 γάμοις
3317 4193 3702 4260 ὡμιληκότων,
3762 4191 3985 4255 πλούτῳ

2399 4283 2672 4353 περιττῶς
2722 4285 2883 4354 ἔχων,
2941 4285 3034 4337 τοῦ
3071 4286 3183 4337 τῶν
3230 4285 3493 4336 διακόνων
3554 4283 3762 4351 βαθμοῦ
3797 4288 3982 4350 τυχεῖν

2404 4377 2684 4443 ἐφιέμενος
2705 4377 2801 4446 τὴν
2833 4376 3091 4428 στένωσιν
3113 4375 3315 4445 ταύτην
3339 4377 3416 4444 τῷ
3454 4378 3765 4445 πατριάρχῃ
3805 4393 3986 4443 μεμα-

2400 4469 2601 4538 θηκὼς,
2643 4471 2737 4521 καὶ
2762 4468 2854 4520 τὸν
2883 4470 3073 4538 καιρὸν
3104 4469 3359 4537 ἀρπάσας
3388 4469 3460 4530 ὡς
3485 4467 3792 4534 ἐπιτήδειον
3815 4510 3829 4529 ,
3863 4467 3980 4532 εἴγε

2396 4563 2639 4630 χρήμασι
2667 4559 2766 4630 τὴν
2798 4561 3005 4614 ἔνδειαν
3035 4561 3378 4628 θεραπεύσας
3408 4560 3568 4620 αὐτὸς
3604 4560 3852 4627 ἐπιτύχοι
3886 4561 3981 4611 τεῦ

2398 4653 2754 4722 ποθουμένου,
2810 4653 3018 4723 χάρτην
3076 4653 3372 4722 ἐγχειρίζει
3423 4653 3500 4719 τῷ
3537 4651 3796 4720 μακαρίῳ
3836 4651 3981 4703 οὕτω

2400 4764 2514 4806 πως
2545 4745 2734 4813 ἔχοντα
2762 4761 2774 4773 °
2797 4745 2908 4814 Τὴν
2935 4746 3266 4813 συνέχουσαν
3308 4745 3565 4796 στένωσιν
3607 4745 3707 4812 τὴν
3740 4745 3981 4812 μεγαλύ-

2399 4836 2571 4905 δωρον
2591 4836 2773 4899 δεξιάν
2800 4835 2894 4888 τοῦ
2920 4837 3054 4902 ἐμοῦ
3077 4837 3337 4890 δεσπότου
3373 4835 3730 4905 καταμαθὼν,
3766 4837 3829 4887 ού
3858 4836 3980 4887 δέον

2398 4929 2692 4997 ἡγησάμην
2726 4929 2824 4997 ἐμὲ
2864 4929 2963 4997 μὲν
2993 4929 3051 4980 ἐν
3082 4929 3382 4983 ἀπολαύσει
3426 4929 3632 4993 διάγειν
3675 4930 3774 4980 καὶ
3808 4926 3982 4994 ἀφθο-

2396 5019 2500 5088 νίᾳ,
2533 5019 2620 5070 τὸν
2651 5020 2917 5088 δεσπότην
2937 5019 2994 5071 δὲ
3023 5019 3112 5070 τὸν
3147 5020 3277 5088 ἐμὸν
3299 5020 3357 5070 ὲν
3391 5019 3644 5070 στενώσει
3686 5017 3978 5070 διατελεῖν.

2397 5111 2512 5162 Εἰσὶ
2538 5111 2717 5162 τοίνυν
2769 5109 2900 5178 παρ’
2952 5111 3076 5179 ἐμοὶ
3121 5110 3264 5163 σίτου
3305 5111 3402 5179 μὲν
3448 5109 3685 5179 χιλιάδες
3735 5110 3933 5160 πολλαὶ
3960 5148 3976 5172 ,

2395 5204 2616 5272 χρυσίου
2652 5203 2707 5256 δὲ
2744 5204 2922 5271 λίτραι
2964 5203 3156 5256 ἑκατὸν
3208 5209 3302 5258 καὶ
3359 5207 3718 5270 πεντήκοντα.
3754 5201 3978 5264 Ταύτας

2393 5296 2583 5364 δέομαι
2607 5297 2894 5350 δοῦναιδιά
2916 5297 3007 5349 σοῦ
3036 5297 3111 5366 τῷ
3137 5297 3378 5364 Χριστῷ,
3418 5297 3466 5347 εἰ
3501 5296 3657 5364 μόνον
3680 5294 3834 5357 ἄξιος
3876 5295 3976 5361 τῆς

2395 5389 2558 5440 αὑτοῦ
2589 5388 2866 5451 διακονίας
2901 5388 3152 5458 κριθείην
3182 5388 3268 5440 διὰ
3297 5387 3396 5456 τῆς
3429 5386 3527 5453 σῆς
3581 5384 3742 5451 ἁγίας
3786 5401 3977 5454 χειρο-

2395 5479 2597 5541 τονίας.
2618 5478 2855 5548 Εὕρηται
2884 5480 2991 5549 γάρ
3013 5497 3112 5532 που
3138 5479 3379 5531 τοιοῦτον
3407 5480 3497 5532 καὶ
3521 5477 3673 5545 παρὰ
3693 5477 3789 5528 τοῦ
3817 5477 3982 5530 Ἀποο

2398 5570 2584 5622 στόλου
2631 5570 2860 5639 λεχθὲν,
2914 5571 2972 5636 ἐξ
3023 5571 3267 5640 ἀνάγκης
3316 5573 3409 5626 καὶ
3463 5570 3628 5640 νόμον
3678 5567 3980 5636 μετάθεσις

2399 5659 2667 5725 γίνεσθαι.
