4154 6490
169 401 276 469 917

1174 407 1350 467 νιΤΑ
1391 409 1452 467 S.
1495 405 1815 468 JOANNIS
1854 404 2490 466 ELEEMOSYNARII.

3313 400 3420 467 918

240 521 362 575 KI".
393 521 834 576 Μεταστέλλεται
859 521 1039 575 τοίνυν
1072 523 1100 574 ὁ
1131 524 1478 594 πατριάρχης
1520 524 1627 593 ἰδία
1647 523 1735 577 τὸν

1917 521 2106 578 XXIII.
2151 524 2283 577 Eum
2331 537 2460 594 ergo
2508 535 2754 576 seorsum
2807 521 3036 578 accersit
3086 521 3415 590 patriarcha,

168 614 356 684 ἑζνίρα,
388 614 637 684 αἰσχῦναι
669 615 856 668 τοῦτον
900 616 992 668 ἐπὶ
1024 616 1235 670 πολλῶν
1286 617 1360 688 μὴ
1391 617 1737 688 βουλόμενος,

169 710 257 755 γ.ἱ
296 724 464 773 φησιν
519 708 654 773 προς
704 707 867 760 αὐτόν
899 725 914 740 ο
956 709 1022 762 ’11
1083 709 1181 778 μὲν
1236 714 1570 781 προσαγωγὴ
1622 729 1739 776 σου,

167 799 374 859 τέκνον,
413 799 576 868 πο).λή
613 818 667 852 τε
691 800 885 866 καὶτῷ
915 800 1008 854 νῦν
1040 804 1217 874 καιρῷ
1265 805 1559 871 ἀναγκαία,
1611 806 1733 857 ἐπί-

171 909 356 957 ςιευμος
389 892 445 944 δὲ
468 895 560 946 καὶ
582 894 647 945 δι’
677 895 807 946 αὐτὸ
842 895 1000 948 τοῦτο
1049 899 1143 949 καὶ
1177 899 1556 968 ἁπαρὰδεκτος
1581 917 1592 928 ⁸
1641 899 1740 951 οὐκ

167 987 220 1047 αι
240 985 379 1045 νοεῖς
419 983 526 1053 γὰρ
547 985 628 1037 ὅτι
651 985 718 1037 τε
750 987 888 1038 κατὰ
922 989 1083 1056 νόμον
1117 990 1504 1059 προσαγόμενα
1534 988 1739 1060 πρόϐα-

165 1091 250 1137 τα,
280 1077 328 1127 εί
355 1079 430 1145 μὴ
453 1077 660 1146 ἄμωμα
691 1074 779 1147 ἦν,
806 1078 905 1131 κᾶν
942 1081 1148 1148 μεγάλα
1167 1082 1458 1152 ἐτύγχανεν
1487 1085 1633 1147 ὄντα,
1661 1087 1738 1147 εἰς

167 1170 358 1221 θυσίαν
404 1172 751 1240 ἅπρὸσδεκτα
787 1169 887 1242 ἦν’
929 1174 1052 1226 καθ’
1080 1176 1143 1246 ἧν
1166 1177 1344 1229 αἰτίαν
1383 1177 1504 1229 οὐδὲ
1555 1183 1618 1230 τὰ
1644 1179 1735 1230 τοῦ

167 1262 303 1313 liciis:
354 1261 432 1329 τῷ
482 1263 600 1330 Θεῷ
648 1265 1003 1334 προσεδέχθη.
1065 1269 1136 1320 Τὸ
1191 1268 1248 1320 δὲ
1288 1269 1344 1332 ἐξ
1370 1269 1611 1340 ἀνάγκης
1645 1273 1737 1323 καὶ

164 1352 328 1420 νὸμου
361 1354 653 1422 μετάθεσιν
689 1356 954 1422 γίνεσθαι,
1003 1358 1159 1412 τοῦτο
1189 1363 1317 1431 περὶ
1364 1361 1456 1414 τοῦ
1508 1363 1734 1416 παλαιοῦ

101 1486 105 1490 .
165 1446 324 1513 νόμου
359 1445 611 1514 εἰρῆσθαι
637 1448 713 1516 τῷ
756 1448 1063 1521 Ἀποστόλῳ
1101 1451 1458 1521 γινώσκομεν.
1505 1455 1657 1506 Ἐπεὶ
1685 1457 1734 1506 τί

165 1554 242 1590 σοι
266 1538 416 1599 δοκεῖ
447 1540 508 1591 τὸ
536 1541 687 1610 παρὰ
731 1542 805 1611 τῷ
847 1542 1123 1613 θεαδέλφῳ
1155 1547 1408 1614 κείμενον
1457 1547 1734 1616 Ἰακώϐῳ,

176 1627 328 1699 Ἐχει
352 1630 408 1683 δὲ
435 1633 606 1697 οὕτως
629 1653 640 1665 ⁸
673 1657 690 1686 ι
727 1637 828 1688 Τὸν
864 1638 1043 1691 πάντα
1083 1640 1174 1691 τὸν
1227 1640 1387 1709 νόμον
1420 1640 1732 1703 τελέσαντα,

163 1720 466 1774 πταίσαντα
489 1723 545 1775 δὲ
577 1725 634 1776 ἐν
666 1726 767 1791 ἐνὶ,
799 1726 981 1796 ἔνοχον
1011 1723 1151 1780 εἶναι
1195 1730 1433 1782 πάντων.
1468 1750 1485 1781 ι
1516 1729 1651 1793 Τοὺς
1679 1734 1733 1785 δὲ

161 1810 419 1877 αδελᾳοὺς
445 1815 598 1883 ἡμῶν
628 1817 754 1879 τοὺς
800 1819 1056 1886 πένητας,
1087 1819 1188 1872 κᾶν
1231 1823 1392 1891 ἡμεῖς
1433 1824 1733 1893 ἀπορήσαι-

164 1917 279 1966 μεν,
311 1901 430 1951 amr
453 1905 546 1970 ὅγε
570 1905 771 1974 θρέψας
799 1909 876 1970 είς
899 1909 1057 1980 δεῦρο
1080 1910 1231 1975 Θεὸς,
1265 1914 1427 1973 αὐτὸς
1458 1915 1587 1982 περὶ
1610 1916 1732 1967 τού-

161 2009 262 2044 των
290 1996 388 2046 καὶ
414 1997 506 2048 τοῦ
537 1998 722 2052 λοιποῦ
770 2007 1027 2073 φροντιεῖ,
1061 2006 1221 2074 μόνον
1251 2010 1297 2060 εἰ
1329 2011 1492 2078 ἡμεῖς
1523 2011 1621 2074 τὰς
1654 2014 1736 2064 ἒν-

343 2088 513 2142 αὺτοῦ
545 2092 735 2162 εἴημεν
789 2096 1060 2164 ἀκινήτως
1087 2100 1486 2169 διατηροῦντες.
1522 2105 1587 2157 Τί
1626 2106 1734 2176 γὰρ

159 2180 421 2230 αοὺνατον
506 2181 566 2234 δυ
579 2185 767 2254 σχερὲς
789 2186 864 2255 τῷ
896 2191 1021 2251 τοὺς
1049 2190 1206 2244 πέντε
1241 2193 1440 2265 ἄρτους
1463 2197 1519 2248 ἐν
1543 2199 1734 2267 ἐρήμῳ

163 2270 286 2320 ποτε
309 2271 678 2339 πληθὺναντι,
711 2279 802 2344 καὶ
834 2280 959 2341 τοὺς
1002 2279 1135 2335 δέκα
1163 2283 1375 2352 μοδίους
1397 2291 1522 2349 τοὺς
1549 2291 1606 2338 ἐν
1655 2290 1732 2358 τῷ

163 2361 342 2458 σιτῶνι
478 2365 595 2436 ὲμῷ
615 2367 969 2458 εὐλογήσαντι
993 2413 1008 2437 ,
1050 2375 1185 2442 πρὸς
1217 2376 1351 2429 πολὺ
1403 2379 1602 2449 πλῆθος
1634 2382 1731 2433 αὑ-

161 2449 334 2516 ξῆσαι.
368 2454 458 2505 Διό
498 2471 599 2522 σοι,
634 2457 840 2524 τέκνον,
873 2463 931 2513 τὸ
962 2464 1020 2514 ὲν
1049 2467 1167 2527 ταῖς
1199 2466 1437 2535 Πράξεσι
1476 2470 1611 2536 πρὸς
1640 2471 1730 2522 Σί-

164 2558 314 2608 μωνα
348 2547 642 2616 εἰρημένον
678 2551 907 2620 ἁρμόσει
936 2555 1042 2620 ὅτι,
1072 2576 1088 2606 ι
1129 2559 1241 2611 Οὐκ
1287 2559 1404 2613 ἔστι
1457 2578 1538 2613 σοι
1571 2564 1729 2633 μερὶς

161 2633 272 2686 οὐδὲ
304 2636 508 2707 κλῆρος
535 2641 784 2713 ἐντούτῳ
824 2644 902 2714 τῷ
939 2648 1112 2716 μέρει.
1151 2667 1169 2697 ι

228 2815 353 2868 KA'.
381 2816 552 2871 Οὔπω
576 2819 666 2874 τὸν
697 2823 890 2877 ἑαυτοῦ
917 2818 1072 2880 οἶκον
1107 2827 1313 2892 ἐκεῖνος
1345 2831 1732 2901 ἀποπεμφθεὶς

161 2910 442 2979 ἄπρακτος
473 2913 686 2985 ὑπῆρχε
717 2917 1062 2986 καταλαϐὼν,
1094 2921 1191 2975 καὶ
1237 2923 1500 2992 μηνύεται
1535 2924 1610 2993 τῷ
1638 2944 1732 2994 με-

165 3001 304 3070 γαλῳ
334 3001 432 3056 δύο
465 3004 578 3057 τῶν
621 3010 718 3077 τῆς
746 3009 1071 3081 Ἐκκλησίας
1106 3015 1303 3068 πλοίων
1345 3022 1401 3069 ἐν
1423 3016 1501 3087 τῷ
1550 3017 1732 3085 λιμένι

161 3096 415 3164 κατᾶραι,
443 3096 591 3152 σίτου
621 3100 816 3166 πολλὰς
844 3106 1086 3174 χιλιάδας
1110 3109 1173 3161 ἔκ
1199 3109 1446 3162 Σικελίας
1473 3111 1597 3180 ἄρτι
1625 3110 1733 3162 διαο

164 3186 632 3261 κὶμιζοντα·ὀπερ
662 3193 918 3263 ἀκούσας,
965 3200 1169 3260 ὲκεινος
1189 3201 1268 3263 εἰς
1293 3186 1496 3261 γονατα
1531 3219 1727 3263 πεσων,
1759 3217 1805 3276 αξ

165 3279 477 3348 η⁴ικαρίστει
512 3285 587 3346 τῷ
617 3287 735 3356 eaq.
780 3288 974 3356 λέγων,
1028 3292 1104 3344 ὅτι
1138 3293 1200 3345 Ol
1242 3292 1597 3360 ἑκζητεῦντες
1651 3311 1731 3356 σε,

167 3371 355 3440 ιίύριε,
390 3376 486 3428 καὶ
515 3377 608 3439 τὰς
641 3380 860 3443 ἐντολὰς
897 3399 988 3434 σου
1025 3384 1408 3452 φυλάττοντες,
1454 3387 1550 3437 οὐκ
1577 3388 1733 3439 ἐλατ-

161 3463 496 3530 τωθῆτοντιι
549 3469 747 3532 παντὸς
809 3472 1044 3540 ἀγαθοῖν
1091 3476 1170 3529 Et’:
1212 3476 1501 3547 μεγαλίινω
1533 3493 1625 3529 σου
1652 3463 1733 3530 1τὸ

165 3570 424 3623 τιναγιον
454 3557 644 3627 ὄνομα,
682 3562 761 3615 ὅτι
805 3566 880 3634 μὴ
907 3567 1304 3638 συνενώρησοις⁶
1330 3568 1407 3624 τῶ
1435 3569 1606 3639 δούλῳ
1640 3565 1732 3622 σου

165 3665 458 3717 χρηματωι·
505 3653 665 3706 ὤνιον
713 3657 810 3725 τὴν
853 3669 1013 3728 χάριν
1043 3678 1133 3713 σου
1167 3662 1376 3716 θέσθαι.
1425 3664 1560 3716 Ἀλλ’
1589 3663 1732 3716 οὕτω

168 3741 255 3796 μὲν
280 3743 338 3794 ἐν
371 3745 629 3798 στενωσει
671 3748 991 3810 πλατυνθεὶς
1021 3757 1048 3805 ὁ
1075 3754 1314 3822 ἀοίδιμος
1347 3758 1404 3806 οὐ
1453 3757 1731 3825 προήκατο

168 3834 254 3903 τῆς
287 3838 599 3906 ἀναγκαίας
629 3842 820 3908 χρείας
848 3843 947 3911 τὴν
978 3843 1070 3894 τοῦ
1105 3845 1324 3908 κανόνος
1356 3846 1658 3916 ἀκρίϐειαν.

1847 633 1952 672 non
1987 617 2172 671 volens
2218 616 2398 670 multis
2442 614 2797 684 prmsentibus
2841 630 2960 669 eum
2998 613 3214 670 afﬁcere
3250 615 3418 667 dedo...

1845 724 1989 769 core,
2030 720 2084 762 et
2128 709 2255 763 dicit
2291 709 2341 762 ei
2375 727 2387 761 :
2425 706 2536 760 Tua
2579 707 2795 776 quidem
2849 708 3082 771 oblatio,
3126 721 3158 760 ο
3191 706 3260 759 fili
3285 747 3298 766 ,
3336 715 3417 759 est

1847 818 2037 871 magna
2077 809 2131 854 et
2172 801 2294 853 huic
2324 800 2550 869 tempori
2587 797 2918 854 necessaria.
2955 797 3061 850 Sed
3093 809 3173 852 est
3204 797 3410 873 vitiosa,

1842 904 1895 948 et
1919 903 2136 963 propter
2163 891 2262 945 hoc
2294 891 2466 961 ipsum
2496 906 2600 945 non
2631 889 2982 945 admittenda.
3043 887 3156 942 Non
3199 890 3413 957 ignoras

1841 987 2007 1050 enim,
2039 985 2180 1055 quod
2212 1000 2338 1038 oves
2359 1025 2374 1049 ,
2412 999 2529 1053 qum
2561 998 2623 1037 ex
2659 985 2772 1052 lege
2799 982 3180 1044 offerebantur,
3224 981 3268 1034 si
3306 997 3408 1034 non

1840 1090 2025 1135 essent
2054 1080 2164 1132 \itii
2189 1090 2455 1144 expertes,
2475 1077 2685 1131 etiamsi
2708 1087 2891 1130 essent
2920 1091 3144 1146 magum,
3182 1089 3284 1128 ηοιι
3315 1090 3410 1142 pn-

1845 1181 2018 1226 terant
2061 1170 2267 1225 admitti
2317 1171 2380 1222 ad
2431 1169 2779 1224 sacrificium.
2829 1167 2944 1233 Qua
2991 1170 3057 1222 de
3105 1183 3262 1220 causa
3314 1183 3408 1220 nev

1842 1282 2061 1322 munera
2093 1266 2221 1320 Cain
2257 1265 2363 1318 Deo
2400 1261 2616 1316 fuerunt
2649 1270 2888 1328 accepta.
2929 1259 3058 1313 lllud
3101 1271 3296 1322 autem,
3336 1257 3404 1311 EV

1841 1359 2161 1414 necessitate
2200 1357 2360 1411 etiam
2401 1354 2515 1409 fieri
2554 1354 2682 1422 legis
2722 1353 3127 1407 translationem
3155 1395 3167 1417 ,
3205 1352 3305 1405 hoc
3346 1353 3411 1402 ait

1841 1453 2094 1524 Apostolo
2141 1451 2338 1506 dictum
2384 1463 2504 1502 esse
2538 1449 2751 1501 scimus.
2784 1447 2848 1500 de
2888 1447 3001 1515 lege
3044 1443 3233 1497 veteri.
3273 1442 3409 1507 Quid

1837 1545 1978 1598 enim
2025 1542 2117 1597 tibi
2174 1543 2417 1604 videtur,
2470 1539 2610 1607 quod
2652 1539 2814 1594 situm
2865 1547 2946 1591 est
2995 1539 3132 1606 apud
3189 1536 3406 1590 fratrem

1842 1638 2048 1690 Domini
2092 1633 2389 1688 Jacohntn?
2429 1630 2518 1684 Stc
2563 1641 2738 1684 autem
2779 1630 2981 1682 habet:
3035 1647 3050 1677 ι
3095 1627 3192 1692 Qui
3247 1636 3405 1679 totam

1839 1728 2007 1793 legem
2039 1724 2360 1794 impleverit,
2393 1722 2443 1773 in
2479 1736 2585 1773 uno
2622 1729 2796 1772 autem
2825 1719 3001 1786 lapsus
3027 1719 3114 1780 sit,
3147 1731 3265 1769 esse
3295 1731 3408 1768 om-

1839 1820 1985 1870 nimn
2031 1833 2178 1871 reum
2213 1815 2254 1867 ⁸.
2301 1833 2318 1865 ι
2369 1812 2588 1866 Fratres
2634 1819 2814 1864 autem
2865 1818 3076 1862 nostros
3125 1823 3407 1876 pauperes,

1837 1909 2050 1965 etiamsi
2092 1924 2190 1963 nos
2235 1921 2516 1962 versemur
2550 1905 2603 1958 in
2646 1905 2853 1972 inepia,
2893 1912 2945 1954 at
2986 1901 3072 1969 qui
3107 1899 3239 1954 aluit
3272 1901 3410 1953 Deus

1838 2019 2007 2072 usque
2046 2004 2099 2056 in
2130 2001 2449 2056 hodiernum
2487 1999 2651 2060 diem,
2701 1999 2815 2064 ipse
2855 2010 3042 2049 emunt
3086 2007 3299 2060 quoque
3343 1992 3408 2043 tle

1835 2104 2027 2148 caetero
2055 2106 2241 2146 curam
2273 2099 2442 2159 geret,
2476 2091 2518 2142 si
2549 2089 2706 2142 modo
2737 2102 2834 2140 nos
2866 2084 2980 2151 ejus
3014 2083 3266 2136 mandata
3295 2095 3382 2135 ser

1838 2197 2026 2238 vamus
2066 2181 2382 2236 immobilia.
2428 2180 2566 2245 Quid
2605 2187 2691 2233 est
2721 2178 2862 2231 enim
2903 2176 3043 2245 quod
3082 2175 3269 2228 facere
3304 2188 3407 2226 non

1834 2275 2042 2344 possit?
2078 2284 2170 2328 aut
2199 2272 2325 2341 quid
2357 2271 2426 2326 sit
2449 2270 2669 2324 difficile
2694 2271 2764 2330 ei,
2788 2268 2879 2336 qui
2907 2268 3142 2336 quinque
3169 2278 3332 2334 panes
3357 2263 3407 2315 in

1834 2368 2052 2422 deserto
2094 2365 2381 2435 aliquando
2422 2362 2821 2432 multiplicavit,
2862 2363 2907 2414 si
2943 2360 3130 2413 decem
3177 2355 3405 2416 modios,

1834 2461 1925 2530 qui
1955 2467 2079 2514 sunt
2102 2459 2153 2511 in
2184 2472 2302 2511 meo
2331 2456 2552 2515 horreo.
2576 2452 2932 2513 benedixerit,
2959 2465 3050 2503 eos
3075 2448 3126 2500 in
3161 2461 3405 2516 magnam

1836 2568 2034 2622 augere
2065 2549 2499 2605 multitudinem?
2527 2546 2891 2613 Quamobrem
2929 2543 3046 2604 tibi,
3081 2557 3112 2594 o
3147 2541 3240 2604 fili,
3279 2555 3406 2593 con-

1835 2645 2014 2698 veniet
2049 2644 2134 2706 id,
2166 2641 2308 2710 quod
2338 2639 2543 2694 Simoni
2571 2639 2771 2692 dictum
2804 2646 2885 2690 est
2918 2636 2972 2688 in
3004 2633 3154 2687 Actis
3182 2649 3194 2685 :
3237 2650 3254 2682 ι
3290 2629 3406 2684 Non

1835 2747 1918 2794 est
1941 2738 2030 2791 ttbi
2062 2750 2209 2804 pars,
2251 2749 2427 2801 neque
2450 2746 2570 2786 sors
2599 2731 2651 2784 in
2683 2734 2784 2784 hac
2818 2737 2970 2796 parte
2993 2727 3033 2779 ⁸.
3076 2746 3093 2778 ι

1907 2828 2094 2883 XXIV.
2129 2826 2380 2880 Nondum
2408 2825 2495 2878 ille
2526 2823 2780 2877 dimissus
2814 2831 3056 2881 domum,
3090 2833 3147 2874 re
3183 2818 3403 2881 infecta,

1837 2924 2094 2984 relierat,
2125 2936 2246 2973 cum
2287 2933 2479 2986 magno
2503 2915 2692 2970 Joanni
2721 2913 3057 2982 significatur
3084 2911 3216 2964 duas
3242 2925 3407 2964 naves

1839 3015 2088 3070 Ecclesiae
2131 3015 2180 3066 in
2227 3019 2439 3066 nortnm
2492 3008 2782 3078 appulisse,
2835 3005 3066 3059 ferentes
3114 3021 3177 3059 ex
3222 3003 3406 3058 Sicilia

1840 3109 2000 3162 multa
2035 3108 2288 3160 frumenti
2316 3103 2499 3155 millia.
2533 3103 2681 3166 Quod
2719 3099 2932 3165 quidem
2971 3113 3090 3151 eum
3137 3097 3227 3151 ille
3258 3098 3407 3150 audi--

1842 3209 2026 3264 vtsse!,
2053 3198 2340 3268 prouidens
2367 3212 2419 3247 ιιι
2444 3208 2638 3261 genua,
2668 3197 2776 3244 beo
2806 3189 2912 3258 egit
2936 3190 3157 3257 gratias,
3187 3188 3403 3241 tilC‘JIS:

1839 3292 1941 3358 Qui
1970 3301 2020 3344 te
2055 3301 2320 3358 quaerunt,
2361 3284 2582 3337 homine
2604 3323 2618 3348 ,
2649 3291 2702 3335 ct
2741 3289 2962 3334 servant
2995 3295 3083 3333 tua
3128 3280 3406 3342 mandata,

1836 3401 1944 3440 non
1981 3382 2291 3438 minuentur
2330 3375 2477 3432 omni
2520 3389 2682 3431 nono.
2727 3373 3086 3444 Quamobrem
3125 3371 3406 3440 magnifico

1837 3473 2240 3532 sanctissimum
2282 3484 2480 3526 nomen
2528 3477 2712 3533 tuum,
2762 3465 2903 3534 quod
2945 3479 3047 3518 non
3093 3462 3406 3532 permiseris

1835 3583 1996 3625 urvo
2029 3576 2152 3624 tuo.
2200 3575 2258 3620 u'.
2299 3573 2442 3618 tuam
2491 3561 2721 3632 gratiam
2770 3559 3123 3613 venum-lare:
3156 3555 3403 3625 pecunia.

1839 3662 1944 3716 Sed
1984 3664 2063 3715 sit:
2105 3657 2324 3726 quidem
2352 3654 2405 3709 in
2441 3651 2706 3724 angustiis
2741 3650 2995 3704 dilatatur;
3036 3649 3119 3702 vir
3152 3649 3406 3719 inclytus,

1839 3767 1943 3808 non
1976 3748 2211 3822 prodidit
2243 3763 2338 3815 pro
2369 3761 2464 3798 usa
2500 3757 2684 3798 rerum
2716 3741 3144 3798 necessariarum
3181 3753 3405 3795 accura-

1844 3860 1948 3900 tam
1991 3855 2184 3914 regula:
2216 3837 2667 3893 observationem.

1632 4009 1856 4065 CAPUT
1899 4010 1962 4064 ν.

1509 4126 1865 4180 Mansuetudo
1906 4126 2095 4178 animi.

229 4264 354 4317 κει.
389 4265 496 4315 Δεῖ·
513 4263 569 4315 δὲ
597 4263 691 4317 καὶ
713 4264 910 4334 δεῖγμα
941 4264 1041 4334 τῆς
1063 4266 1261 4339 πολλῆς
1291 4263 1358 4338 ἦς
1382 4265 1527 4338 εἶχεν
1553 4271 1730 4337 ἀνεξι-

166 4357 350 4417 κακίας
380 4358 549 4426 ὲρεῖν,
585 4357 679 4408 καὶ
707 4357 793 4408 οἶα
822 4353 889 4427 ἦν
918 4339 1065 4429 αὖτῷ
1097 4359 1224 4430 περὶ
1250 4361 1408 4430 τήνδε
1462 4360 1560 4432 τὴν
1585 4363 1731 4414 ἐντο-

165 4447 251 4516 λὴν
283 4449 314 4516 ἡ
349 4447 613 4514 ἀκρίϐεια
665 4448 1049 4516 διηγήσασθαι.
1096 4451 1201 4502 Δύο
1230 4452 1383 4514 τινὰς
1424 4452 1533 4505 τῶν
1562 4454 1730 4506 αὑτοῦ

165 4540 434 4611 κληρικῶν
491 4539 744 4611 ἀλλήλοις
800 4543 1169 4610 ἑπιμανέντας
1223 4545 1513 4614 ἀφορισμῷ
1599 4544 1731 4597 καθ-

166 4635 428 4686 υπέϐαλεν
459 4635 486 4686 δ
510 4635 833 4704 θαυμάσιος·
860 4629 934 4688 ὧν
967 4637 993 4688 ὁ
1033 4636 1133 4704 μὲν
1157 4633 1258 4700 εἷς,
1327 4638 1559 4707 ἄσμενος
1604 4655 1736 4691 κατ-

1912 4269 2079 4323 XXV.
2121 4267 2345 4337 Oportet
2378 4273 2556 4319 autem
2589 4263 2770 4318 dicere
2798 4262 2962 4317 etiam
2997 4258 3253 4314 indicium
3289 4272 3406 4312 ma-

1839 4378 1978 4433 gnae,
2012 4376 2170 4430 quam
2204 4359 2428 4414 habuit.
2463 4357 2793 4421 tolerantiae,
2821 4364 2876 4410 et
2904 4368 3131 4407 narrare
3158 4367 3317 4421 quam
3350 4366 3407 4406 se

1841 4455 2079 4525 perfeCIe
2105 4461 2314 4524 gereret
2342 4451 2393 4504 in
2423 4450 2526 4504 hoc
2554 4456 2843 4518 praecepto.
2876 4446 3021 4500 Duos
3049 4444 3309 4513 quosdam
3338 4458 3402 4497 ex

1844 4547 1958 4600 suis
1987 4545 2201 4600 clericis
2225 4587 2238 4609 ,
2285 4542 2378 4611 qui
2412 4541 2552 4594 inter
2590 4554 2648 4593 se
2688 4538 2915 4591 invicem
2950 4535 3164 4590 fuerant
3207 4535 3407 4588 debac-

1844 4636 2011 4702 chati,
2041 4636 2123 4689 vir
2152 4632 2501 4688 admirandus
2529 4629 2833 4697 subiecerat
2857 4624 3238 4695 segregationi.
3266 4625 3410 4690 Quo-

169 4728 375 4792 εδέξατο
424 4728 529 4797 τὴν
576 4729 856 4796 ἐπιτιμίαν
880 4746 893 4758 ·
924 4728 1151 4798 θάτερος
1182 4729 1239 4782 δὲ
1260 4737 1527 4800 πρόφασιν
1550 4730 1735 4803 ὥσπερ

1845 4747 1962 4785 rum
1996 4743 2134 4782 unus
2166 4727 2383 4796 quidem
2429 4739 2642 4795 pmnam
2683 4723 2913 4777 libenter
2954 4725 3228 4783 subierat;
3271 4718 3409 4771 alter

165 4823 254 4890 τῆς
278 4821 478 4872 ἑαυτοῦ
515 4820 786 4890 ῥᾳθυμίας
809 4822 979 4891 αὐτὴν
1001 4821 1272 4892 εὑρηκὼς,
1308 4823 1482 4892 εὐχῶν
1517 4824 1613 4893 μὲν
1641 4824 1732 4876 καὶ

169 4917 429 4980 σννάξεων
479 4917 542 4968 τὸ
574 4917 838 4986 παράπαν
886 4917 1114 4986 ἡμέλει,
1169 4919 1489 4986 ἐπιθυμίαις
1521 4919 1578 4972 δὲ
1612 4921 1731 4983 ταῖς

169 5007 312 5070 ίόέαις
344 5008 642 5069 διαπαντὸς
691 5009 1044 5077 ὲνεσχόλαζεν
1066 5027 1079 5040 ο
1105 5005 1223 5061 εἶτα
1254 5012 1612 5081 προσηπείλει
1641 5012 1731 5064 καὶ

167 5103 235 5168 τῷ
266 5104 488 5174 μεγαλῳ
550 5106 1177 5174 καταπανουργησασθαι
1215 5106 1310 5173 τῆς
1342 5106 1543 5175 πολλῆς
1583 5107 1730 5158 ὲκεί-

170 5210 254 5259 vn;
294 5197 387 5246 καὶ
439 5196 754 5263 ἁγιωτάτης
805 5195 1122 5263 ἁπλότητος.
1176 5195 1312 5247 Φασὶ
1373 5195 1429 5248 δέ
1464 5213 1609 5256 τινες
1644 5196 1735 5248 καὶ

169 5285 340 5337 τοῦτον
366 5286 536 5339 αὑτὸν
561 5282 701 5338 εἶναι
732 5287 822 5338 τὸν
852 5287 1261 5355 ὑποϐεϐληκότα
1287 5287 1500 5358 Νικήτᾳ
1539 5304 1735 5357 πατρι-

174 5378 261 5445 κίῳ
288 5381 353 5432 τὰ
376 5382 476 5450 τῆς
504 5378 833 5448 Ἐκκλησεας
870 5379 1152 5432 ἀνελέσθαι
1176 5381 1458 5450 χρήματα,
1490 5379 1734 5448 οἰόμενον

172 5471 226 5520 ἐκ
258 5474 444 5524 τούτου
481 5471 662 5539 λῦπης
691 5472 864 5525 αἴτιον
895 5473 1231 5543 καταστῆναι
1272 5472 1348 5542 τῷ
1395 5471 1730 5542 πατριάρχῃ.

184 5560 322 5613 Ἐπεὶ
349 5565 541 5615 τοίνυν
569 5563 808 5629 ἔγνωστο
835 5564 984 5617 τουτὶ
1015 5564 1093 5632 τῷ
1127 5564 1736 5635 μεγάλῳ,λογισάμενος

177 5651 368 5722 μήποτε
401 5655 503 5709 καὶ
525 5653 602 5725 τῷ
631 5655 860 5726 διαϐόλῳ
882 5657 1255 5727 παρανάλωμα
1283 5659 1521 5726 γένηται.
1551 5656 1736 5712 καλεῖν

230 5837 381 5895 ³1ειςσ
410 5858 471 5905 ιι,
506 5840 588 5894 10.
660 5839 678 5872 ³
703 5839 817 5895 Act.
852 5856 966 5904 vm,
1017 5842 1100 5898 l2.

1838 4830 2014 4876 autem
2037 4835 2159 4875 cum
2188 4835 2307 4875 eam
2332 4818 2628 4872 invenisset
2661 4824 2920 4884 tanquam
2951 4823 3268 4882 praetextum
3296 4826 3410 4866 sua:

1838 4913 2118 4975 socordiae,
2139 4926 2360 4982 precum
2385 4909 2600 4980 quidem
2625 4917 2680 4963 et
2700 4906 3183 4976 congregationum
3207 4903 3406 4958 nullam

1838 5008 2057 5061 omnino
2083 5019 2268 5059 curam
2297 5002 2536 5072 gerebat,
2575 5000 2801 5054 vacabat
2830 5010 3009 5053 autem
3039 4998 3262 5052 omnino
3293 4996 3406 5050 suis

1838 5099 2225 5168 cupiditatibus
2264 5113 2276 5148 :
2311 5094 2507 5148 deinde
2552 5094 2857 5147 minabatur
2894 5092 3087 5152 etiam,
3128 5104 3186 5142 se
3228 5089 3404 5156 magni

1841 5193 1981 5244 illms
2015 5192 2112 5242 virt
2147 5202 2412 5243 summam
2452 5186 2594 5238 illam
2627 5194 2680 5239 et
2710 5184 3111 5238 sanctissimam
3148 5179 3406 5247 simplici-

1842 5295 2001 5338 tatem
2056 5282 2351 5336 ealliditate
2400 5279 2580 5348 aliqua
2641 5277 3159 5331 circumventuram.
3217 5271 3410 5324 Dicunt

1843 5392 1968 5430 vero
2001 5375 2188 5444 aliqui,
2221 5375 2361 5427 hunc
2385 5384 2599 5441 quoque
2628 5384 2752 5423 eum
2780 5383 2920 5432 esse,
2953 5366 3044 5435 qui
3080 5363 3282 5419 Nicene
3317 5379 3408 5429 pa-

1845 5466 2000 5519 tricto
2049 5474 2420 5535 suggesserat,
2469 5471 2526 5516 ιιι
2572 5460 2828 5530 pecunias
2876 5458 3087 5512 tolleret
3129 5454 3407 5517 Εεριρειω,

1844 5561 1966 5612 dum
2005 5558 2342 5612 existimaret
2368 5571 2426 5610 se
2451 5572 2513 5610 ea
2543 5555 2752 5607 ratione
2781 5549 3147 5622 patriarcham
3183 5547 3407 5600 affectu-

1843 5668 1958 5706 rttm
2007 5651 2269 5706 molestia.
2320 5649 2453 5704 Cum
2497 5662 2626 5715 ergo
2660 5646 2760 5700 hoc
2807 5658 3029 5714 magnus
3071 5639 3413 5710 cognovisset
