4148 6486
136 430 242 498 933

1099 422 1277 483 VITA
1320 422 1397 511 S._
1422 421 1748 482 JOANNIS
1791 422 2373 483 ELEEMOSYNAIU
2388 424 2433 483 Ι.

3291 426 3396 491 934

130 541 262 593 κεκλ
290 538 439 604 ,κάτα
495 533 991 602 κοινολογούμενοι,
1028 532 1093 583 Τί
1120 534 1202 585 ὅτι
1232 550 1335 595 σοι,
1368 528 1544 596 εἷπον,
1577 534 1713 602 eum

1818 536 2000 588 statim
2051 536 2406 601 aliutpxeutes,
2449 533 2537 599 qui
2572 546 2664 585 ccs
2702 533 3061 585 invitateiat:
3108 532 3242 597 Quid
3290 539 3390 589 sibi

124 626 367 687 τοιοῦτος
421 626 499 686 εἰς
551 622 846 685 διακονίαν,
900 619 979 684 εἷς
1018 622 1117 690 μὲν
1166 621 1275 673 τῶν
1333 622 1710 692 συγκλητικῶν

128 721 220 773 καὶ
261 715 536 787 μεγάλων,
580 715 792 776 οἰδενδς
833 714 889 767 δὲ
921 715 1019 782 τὴν
1053 715 1376 781 ἐπιφάνειαν
1424 714 1709 784 δεύτερος;

128 804 296 870 Οὗτος
345 808 454 875 γὰρ
478 809 504 857 ὁ
521 805 614 857 νῦν
636 808 769 874 ἡμῖν
791 807 883 857 ἐπὶ
910 806 1009 875 τῆς
1026 806 1305 876 τραπέζης
1328 806 1711 876 ὑπηρετοὺμε-

126 918 210 963 νος
243 900 448 969 Πέτρος
486 900 633 950 ἐστὶν
676 901 703 951 ὁ
748 896 988 966 τελώνης
1011 916 1024 930 ο
1064 898 1197 968 περὶ
1226 892 1287 952 οὗ
1320 898 1419 967 μὲν
1444 899 1611 969 πολλὴ
1634 898 1710 963 τῷ

130 995 341 1062 βασιλεῖ
368 992 535 1060 λύπη,
570 990 741 1061 πολλὴ
766 992 822 1044 δὲ
853 992 947 1043 καὶ
977 980 1041 1061 τῇ
1075 990 1366 1059 συγκλήτῳ
1412 992 1582 1060 πάσῃ,
1635 992 1710 1052 ὡς

125 1086 188 1140 ἂν
220 1085 470 1153 ἀφανοῦς
501 1084 667 1137 αὑτοῦ
703 1084 1020 1153 γενομένου.

192 1175 331 1231 HB'.
367 1176 584 1230 Τούτων
610 1176 862 1245 ὁΠέτρος
898 1174 1006 1228 τῶν
1060 1176 1321 1246 ῥημάτων
1368 1176 1711 1245 διομιλουμέ-

129 1288 233 1321 νων
258 1268 533 1331 ἀκούσας,
566 1268 764 1322 αὐτίκα
793 1268 973 1339 ῥίπτει
1009 1270 1108 1337 μὲν
1138 1270 1217 1331 είς
1238 1267 1496 1336 τοῦδαφος
1513 1268 1572 1320 ὃν
1601 1266 1711 1338 εἶχε

130 1363 333 1413 πὶνακα
373 1358 510 1427 μετὰ
554 1360 772 1429 χεῖρας,
795 1358 1005 1410 κάτεισι
1034 1357 1089 1409 δὲ
1118 1357 1305 1425 δρόμῳ
1337 1356 1470 1425 πρὸς
1499 1357 1591 1408 τὸν
1614 1375 1714 1408 πυ-

127 1451 292 1513 ὶῶνα,
324 1442 369 1515 ᾧ
400 1448 581 1516 κωφός
609 1464 694 1511 τις
726 1447 821 1501 καὶ
846 1446 1041 1508 ἄλαλος
1077 1446 1359 1508 νεανίσκος
1394 1446 1460 1498 ὲκ
1486 1445 1713 1513 γενετῆς

128 1542 470 1608 ἐφειστήκει,
497 1537 728 1606 νεύματι
762 1536 966 1589 κλείειν
995 1553 1055 1588 τε
1084 1537 1178 1587 καὶ
1209 1534 1450 1602 ἀνοίγειν
1482 1532 1716 1603 δυνάμε-

127 1648 232 1693 νος.
257 1632 404 1699 Πρδς
430 1629 488 1682 ὃν
510 1631 537 1682 ὁ
572 1630 799 1697 Πέτρος,
830 1628 921 1679 Σοὶ
963 1627 1126 1695 λέγω,
1163 1626 1291 1695 ἔφη,
1318 1626 1395 1694 τῷ
1421 1625 1587 1696 κωφῷ
1620 1626 1714 1677 καὶ

126 1724 331 1793 ἀλάλῳ,
366 1725 425 1774 ὲν
459 1722 682 1791 ὀνόματι
715 1718 953 1790 Χριστοῦ
978 1719 1069 1771 τοῦ
1101 1718 1235 1771 Θεοῦ
1267 1718 1446 1789 ἡμῶν,
1482 1717 1711 1771 ἄκουσόν

130 1832 227 1884 μου
253 1814 354 1865 καὶ
390 1813 603 1876 ἄνοιξον
624 1826 637 1838 ³
677 1812 705 1864 δ
738 1812 816 1874 δὲ,
855 1812 943 1872 Ὠς
973 1811 1217 1873 κελεύεις
1239 1829 1322 1875 τε,
1352 1811 1708 1878 ἁπεκρίνατο,

1818 622 1946 684 vult,
1980 623 2252 682 dixerunt,
2291 622 2429 687 quod
2465 622 2545 672 vir
2576 619 2699 673 talis
2731 621 2822 673 tibi
2860 622 3157 684 ministrat,
3190 628 3279 691 qui
3312 638 3393 676 est

1815 732 1949 765 ιιεηιις,
1976 716 2190 782 quidem
2219 714 2424 765 «inlinis
2447 712 2727 775 senatorii,
2753 713 3032 778 Splendore
3057 724 3235 768 autem
3266 717 3392 768 nulli

1813 815 1895 858 est
1930 805 2239 855 secundus?
2286 804 2333 854 Is
2380 805 2545 865 enim,
2597 804 2685 871 qui
2739 817 2878 855 tunc
2932 806 3084 857 nobis
3133 807 3299 859 servit
3342 807 3392 859 iu

1816 912 2020 956 mcnSa,
2071 909 2152 949 est
2192 894 2383 950 Petrus
2424 896 2763 965 publicanus,
2822 904 2885 949 de
2954 913 3059 964 quo
3103 901 3396 967 imperator

1814 988 2029 1053 quidem
2069 1002 2316 1056 magnum
2367 988 2566 1055 accipit
2601 989 2864 1050 dolorem,
2916 1005 3170 1059 maguum
3217 1002 3392 1048 autem

1815 1078 2050 1131 Senatus
2078 1092 2317 1146 quoque.
2352 1087 2406 1130 ut
2440 1078 2527 1146 qui
2560 1080 2862 1131 evanuerit.

1888 1168 2045 1221 XLII.
2111 1171 2213 1222 lius
2276 1171 2386 1222 luce
2439 1172 2598 1221 verba
2653 1171 2893 1222 dicentes
2958 1188 3078 1224 cum
3135 1176 3400 1231 audiisset

1815 1263 2027 1325 Petrus,
2078 1263 2255 1315 statim
2302 1262 2445 1313 humi
2495 1264 2711 1331 quidem
2758 1265 2893 1331 jacit
2938 1265 3144 1318 discum
3178 1308 3191 1329 ,
3234 1284 3400 1335 quem

1817 1356 2047 1408 habebat
2109 1355 2160 1407 in
2213 1356 2493 1418 manilnts;
2544 1370 2703 1407 cursu
2759 1368 2935 1408 autem
2996 1356 3273 1413 descendit
3334 1365 3398 1418 ad

1815 1447 2167 1507 vestibulum,
2201 1448 2249 1499 iu
2280 1462 2386 1515 quo
2436 1446 2649 1499 astabat
2687 1448 2899 1510 quidam
2961 1449 3297 1514 adulcsi-eus,
3330 1451 3397 1504 ab

1816 1549 1934 1592 ortu
1968 1540 2163 1592 surdus
2193 1549 2243 1590 et
2277 1549 2475 1601 mutus,
2508 1538 2597 1605 qui
2650 1548 2783 1591 nutu
2826 1548 3028 1605 poterat
3059 1542 3311 1594 t’Iutldt‘t‘t‘
3342 1553 3396 1595 et

1817 1634 2048 1703 aperire.
2071 1632 2169 1686 Cui
2198 1631 2389 1686 Petrus
2423 1648 2435 1683 :
2465 1632 2581 1685 Tibi
2619 1632 2761 1694 (lico,
2792 1634 3077 1702 inquit,qu5
3107 1652 3164 1688 es
3193 1638 3389 1695 Surdus

1816 1736 1868 1777 et
1895 1734 2097 1784 mutus,
2144 1727 2195 1776 iu
2224 1724 2438 1774 nomine
2470 1721 2670 1776 Christi
2706 1724 2793 1776 Dei
2834 1726 3023 1787 nostri,
3055 1728 3177 1778 audi
3211 1742 3313 1790 uze,
3342 1740 3394 1781 ct

1818 1816 1987 1883 aperi.
2038 1814 2130 1867 Ille
2165 1825 2366 1873 autem,
2408 1814 2560 1867 Sicut
2589 1815 2767 1882 jubes,
2805 1819 3084 1882 respondit
3132 1836 3145 1870 :
3190 1828 3241 1870 et
3275 1830 3393 1873 sta-

127 1908 215 1955 καὶ
244 1902 413 1965 εὐθὺς
436 1902 640 1973 ἤνοιξε,
670 1904 762 1954 καὶ
778 1902 835 1962 ὃς
866 1901 1054 1970 ἐξῆλθε
1072 1901 1353 1970 δρομαῖος,
1378 1897 1496 1953 εἶτα
1525 1905 1551 1953 ὁ
1574 1902 1709 1953 πυλ-

1814 1904 1906 1958 tim
1938 1906 2167 1973 aperuit.
2207 1904 2296 1957 Ille
2342 1920 2468 1958 vero
2512 1921 2759 1967 currens,
2797 1906 3039 1974 protinus
3084 1919 3166 1961 est
3202 1924 3393 1978 egres-

126 1996 265 2065 ωρὸς
318 1993 582 2056 ἀνελθὼν,
638 1994 736 2064 τὴν
772 1995 850 2055 εἰς
880 1993 1041 2045 αὑτὸν
1068 1992 1273 2061 χαίρων
1312 1992 1558 2061 ἐξηγεῖτο
1587 1991 1713 2044 θαυ-

134 2087 496 2157 ματουργία-ι,
526 2084 681 2152 ἐλεγέ
705 2101 764 2136 τε
793 2083 965 2151 φλόγα
997 2083 1171 2154 πυρὸς
1200 2082 1295 2135 τοῦ
1326 2084 1591 2152 στόματος
1619 2082 1712 2135 τοῦ

132 2180 371 2247 μεγάλου
428 2179 638 2248 Πέτρου
708 2175 1010 2244 προὼῦσαν
1074 2174 1395 2237 θεάσασθαι,
1451 2178 1541 2227 καὶ
1606 2176 1713 2226 τῶν

129 2274 276 2327 ὢτων
303 2271 477 2325 αὑτοῦ
502 2270 747 2323 διαδῦναι
772 2284 785 2298 ·
824 2269 947 2338 ἥτις
971 2267 1087 2329 καὶ,
1139 2266 1327 2335 φησὶν,
1361 2266 1481 2318 ὅλον
1516 2284 1583 2335 με
1614 2283 1714 2318 πε-

132 2367 473 2435 ριλάμψασα,
499 2362 731 2417 ἀκοῦσαί
761 2378 820 2414 τε
858 2359 1203 2431 παραχρῆμα
1235 2359 1329 2411 καὶ
1356 2358 1590 2427 λαλῆσαι
1623 2375 1714 2410 πει

130 2450 351 2526 ποίηκεζ
370 2454 560 2508 Ταῦτα
585 2451 680 2505 τοῦ
703 2452 839 2514 τέως
860 2448 1045 2519 κωφοῦ
1074 2466 1130 2502 τε
1160 2452 1254 2502 καὶ
1279 2449 1477 2503 ἀλάλου
1500 2449 1714 2519 διηγου-

133 2548 311 2615 μένου,
373 2544 564 2613 θαῦμά
612 2560 672 2595 τε
703 2542 798 2595 καὶ
830 2542 1091 2611 ἔκπληξις
1124 2541 1331 2603 πάντας
1392 2540 1587 2609 εἰσῄει,
1620 2538 1715 2591 καὶ

132 2636 479 2707 παραχρῆμα
515 2632 590 2695 ὼς
615 2627 727 2701 εἶχε
769 2629 945 2683 ποδῶν
990 2630 1242 2692 ἕκαστος,
1272 2628 1492 2680 διώκειν
1519 2628 1715 2697 ὥρμη-

136 2745 247 2781 σαν.
274 2725 571 2794 Πανταχοῦ
610 2724 667 2776 δὲ
698 2721 1177 2795 διερευνησάμενοι
1204 2722 1303 2775 οὐκ
1335 2722 1494 2791 ἔσχον
1545 2737 1716 2773 κατα-

134 2818 311 2871 λαϐεῖν
342 2818 439 2870 τὸν
473 2815 828 2888 ζητούμενον,
859 2816 944 2885 ἐφ’
981 2808 1026 2884 ᾧ
1076 2816 1173 2868 καὶ
1206 2814 1375 2886 πολλή
1408 2830 1491 2877 τις
1517 2814 1717 2877 αὐτοὺς

134 2910 342 2980 εἰσῆλθε
376 2910 659 2977 μετάνοια,
686 2909 777 2962 καὶ
798 2908 895 2979 τὴν
920 2911 1192 2980 προτέραν
1222 2904 1365 2979 ἦσαν
1390 2910 1716 2978 ἀπροσεξίαν

139 3001 620 3071 μετακλαιόμενοι,
648 3000 770 3054 καθ’
804 3000 833 3053 ὃ
877 3000 970 3055 τὸν
1009 3001 1102 3053 τοῦ
1126 3000 1262 3053 Θεοῦ
1295 3000 1583 3071 ἄνθρωπον
1631 3000 1717 3054 διὰ

139 3094 402 3162 τοσαύτης
428 3088 564 3162 ἦγον
589 3093 687 3160 τῆς
717 3093 1027 3162 παροινίας,
1056 3093 1354 3154 τύπτοντες
1379 3109 1437 3145 τε
1470 3093 1562 3146 καὶ
1588 3109 1720 3157 προ·

149 3183 538 3253 ττηλακίζοντες
582 3186 675 3237 καὶ
729 3185 940 3256 ἡμέρας
972 3185 1210 3253 ἑκάστης
1264 3187 1343 3247 είς
1374 3184 1536 3237 αὑτὸν
1574 3186 1711 3237 ἁπο-

144 3276 500 3339 εκιὲιπτοντες.

1815 2011 1925 2050 sus.
1964 1996 2162 2050 Deinde
2188 1996 2486 2050 ascendens
2506 1996 2707 2059 ianitor
2738 1997 2911 2059 hctus,
2940 2001 3183 2051 narravit
3247 2003 3391 2069 quml

1815 2087 1867 2141 in
1892 2087 2071 2154 ipsum
2102 2085 2301 2139 fecerat
2333 2086 2669 2139 miraculum.
2696 2087 2912 2141 Dici'bat
2935 2091 3078 2143 enim
3112 2105 3168 2143 se
3194 2091 3393 2146 \‘ii'isse

1816 2181 2088 2233 ﬂammam
2126 2179 2263 2248 ignis
2289 2180 2665 2247 procedentem
2695 2196 2761 2233 ex
2792 2196 2885 2233 ore
2916 2182 3096 2251 magni
3131 2181 3293 2243 Petri,
3326 2186 3392 2236 ad

1818 2286 1973 2324 aures
2007 2270 2121 2337 ejus
2154 2273 2492 2340 pervenisse.
2524 2271 2683 2336 Qum.
2725 2272 2914 2340 inquit,
2955 2289 3075 2326 cum
3108 2289 3192 2328 me
3224 2285 3393 2330 totum

1816 2360 2284 2423 eireumfulsissct,
2335 2372 2552 2429 repente
2595 2360 2724 2415 fecit
2770 2362 2954 2415 audire
2989 2376 3039 2416 et
3068 2364 3229 2432 loqui.
3274 2364 3396 2417 ihec

1816 2471 1937 2507 cum
1984 2465 2232 2508 narraret
2276 2455 2343 2516 is,
2380 2454 2468 2521 qui
2506 2456 2655 2520 prius
2696 2466 2813 2507 crat
2856 2456 3052 2507 surdus
3104 2469 3151 2507 et
3188 2465 3392 2518 muttis.

1818 2542 1981 2594 subiit
2010 2556 2197 2595 omnes
2247 2550 2435 2608 stupor
2468 2550 2520 2592 et
2563 2541 2872 2603 admiratio,
2914 2554 2968 2595 et
3000 2544 3179 2595 statim
3224 2560 3385 2609 qttam

1820 2634 2049 2687 maxima
2103 2642 2395 2701 potuerunt
2446 2632 2743 2700 celeritate,
2797 2634 3035 2703 aggressi
3090 2644 3215 2687 sunt
3264 2650 3387 2688 eum

1817 2728 2088 2799 persequi.
2121 2726 2257 2781 Cum
2301 2726 2498 2794 ubique
2547 2736 2722 2779 autem
2757 2728 2981 2781 scrutati
3027 2736 3230 2786 essent,
3285 2744 3391 2782 usu

1831 2828 2121 2885 potuerunt
2156 2833 2301 2881 eum,
2337 2832 2495 2885 qurm
2532 2818 2868 2885 quimrebatit,
2906 2818 3392 2886 comprehendere.

1820 2908 2181 2975 Quamobrem
2218 2923 2313 2962 eos
2348 2924 2537 2977 magna
2572 2910 2735 2962 subiit
2766 2909 3102 2977 paenitentia,
3130 2920 3179 2961 et
3206 2908 3389 2978 depin-

1821 3003 2012 3055 rabant
2044 3002 2187 3069 quod
2230 3016 2334 3053 non
2370 3001 2542 3067 magis
2576 3000 2813 3053 animum
2846 2999 3230 3063 attendisseut,
3284 3015 3392 3069 quo

1822 3087 2017 3143 factum
2046 3098 2184 3149 erat,
2220 3085 2294 3142 uti
2334 3088 2427 3143 Dei
2454 3088 2725 3141 hominem
2756 3089 2921 3141 tantis
2956 3087 3231 3141 allicerent
3257 3102 3395 3141 eou-

1829 3180 2085 3244 tumeliis,
2116 3179 2466 3234 \erberantcs
2498 3188 2551 3233 et
2587 3178 2927 3244 insultantes,
2962 3187 3017 3233 et
3058 3192 3178 3233 eum
3213 3178 3393 3246 quieti-

1740 3242 1783 3303 Ο
1820 3274 1907 3327 die
1940 3272 2246 3325 irridentes.

1584 3452 1813 3508 CAPUT
1854 3451 1987 3505 VIII.

1413 3613 1613 3666 Alietta’
1648 3614 1857 3665 virtutis
1889 3612 2140 3663 imitatio.

210 3777 344 3832 III".
381 3774 624 3829 Τοιαῦτα
676 3774 773 3843 τῆς
813 3773 1134 3845 συμπαθοῦς
1192 3773 1284 3827 καὶ
1340 3773 1716 3843 φιλανθρώπου

147 3871 312 3940 ψυχῆς
360 3870 614 3922 Ἰωάννου
638 3868 705 3921 τὰ
736 3866 1090 3937 φιλάνθρωπα
1111 3868 1449 3937 διηγήματα.
1493 3864 1580 3929 Ὠς
1611 3866 1718 3935 γὰρ

149 3961 231 4012 ἐπὶ
264 3960 540 4024 πλεῖστον,
572 3959 672 4011 ὅσα
696 3959 831 4029 πρὸς
856 3958 1203 4027 συμπάθειαν
1222 3957 1444 4028 ἠρέθιζε
1463 3957 1554 4009 καὶ
1573 3956 1719 4024 φιλο-

152 4052 418 4121 πτωχείαν
472 4050 656 4119 λέγειν
703 4064 765 4105 τε
798 4049 895 4104 καὶ
927 4049 1148 4115 ᾁκούιιν
1189 4048 1483 4119 ⁴ἣδούλετγ
1527 4047 1718 4116 ἀμέλει

150 4148 235 4195 καί
256 4145 376 4195 ὅσαι
403 4136 547 4211 ὧραι
577 4142 683 4194 τῶν
708 4141 800 4195 ἰπὶ
844 4138 1181 4211 ιλεημφσύνῃ
1228 4138 1571 4209 βιδοημένων
1608 4139 1718 4190 Πα-

150 4234 310 4303 τίρων
337 4234 591 4303 ἁνίχνιυι
620 4233 741 4295 τοὺς
772 4230 942 4302 βίους,
971 4230 1066 4285 καὶ
1090 4220 1250 4299 Ιργον
1274 4228 1423 4299 αὐτῷ
1451 4226 1609 4281 τοῦτο
1629 4226 1714 4280 διὰ

153 4324 257 4393 βίου
296 4324 373 4378 ab
437 4323 895 4388 σπουδαιότατον,
956 4325 1051 4378 ὅτι
1107 4321 1208 4393 τὴν
1272 4318 1440 4393 αὐτὴν
1486 4320 1709 4382 ικιίνοις

148 4417 339 4471 ὁδεύειν
373 4415 834 4489 προθυμουμένῳ.

212 4591 337 4644 MA'.
389 4587 665 4660 Ἐντυχὼν
687 4584 780 4643 οὖν
810 4606 939 4644 ποτε
972 4590 1047 4661 τῷ
1069 4588 1165 4643 τοῦ
1191 4588 1335 4645 θείου
1365 4590 1713 4661 Σαραπίωνος

155 4682 251 4753 Βεῳ
270 4684 363 4735 τοῦ
388 4683 674 4745 Σιδωνίου,
705 4682 764 4735 οὒ
786 4682 993 4735 διέλιπε
1014 4682 1105 4736 τὸν
1130 4683 1298 4753 ἄνδρα
1326 4699 1385 4734 τε
1420 4683 1714 4747 ἐκπληττό-

155 4790 299 4839 μενος
330 4775 428 4827 καὶ
455 4773 527 4825 τὰ
572 4774 783 4826 ἑκείνου
814 4774 1253 4844 ἐκδιηγούμενος,
1304 4775 1452 4838 ὅπως
1486 4792 1543 4825 τε
1574 4776 1713 4827 ἁπο-

155 4862 317 4930 ροῦντι
344 4863 666 4934 περιτυχὼν
695 4864 907 4933 πένητι,
937 4868 1029 4917 καὶ
1054 4867 1113 4917 τὸ
1142 4865 1384 4935 συνήθως
1424 4865 1711 4933 λεγόμενον

152 4955 451 5026 ὠμοφόριον
482 4956 686 5019 ἀποδὺς
716 4956 942 5010 δέδωκεν
963 4973 975 4985 ⁸
1010 4953 1130 5011 εἶτα
1168 4960 1499 5028 συναντήσας
1542 4957 1711 5026 ἑτέρῳ

157 5046 383 5111 ῥιγοῦντι
410 5047 475 5098 τὸ
500 5046 777 5117 στιχάριον
807 5048 1006 5116 ὁμοίως
1037 5046 1360 5117 παρέσχετο,
1411 5048 1504 5099 καὶ
1528 5048 1711 5098 λοιπὸν

158 5135 345 5205 κάθητο
374 5138 613 5207 γυμνὸς,
666 5139 759 5191 ἐπὶ
792 5139 890 5207 τῆς
923 5138 1165 5207 ἀγκάλης
1186 5141 1345 5206 μόνον
1381 5138 1623 5208 κατέχων
1653 5138 1710 5189 τὸ

160 5228 500 5299 Εὑαγγέλιον.
525 5229 658 5285 Εἶτα
687 5236 824 5301 πρός
848 5232 1297 5303 τινοςέρωτηθεὶς
1324 5232 1405 5294 τίς
1434 5234 1462 5284 ὁ
1488 5231 1707 5300 γυμνώο

157 5333 240 5380 σας
269 5321 371 5391 εἴη,
400 5309 598 5383 Τοῦτο,
616 5322 740 5392 ἔφη,
771 5323 949 5390 δείξας
973 5326 1032 5377 τὸ
1049 5325 1395 5393 Εὑαγγέλιον.
1427 5325 1509 5387 Ὠς
1530 5325 1586 5378 δὲ
1618 5327 1709 5377 καὶ

157 5410 397 5481 πωλήσας
429 5416 537 5485 τὴν
561 5416 703 5487 ὑπὲρ
728 5417 896 5469 αὑτοῦ
951 5418 1116 5489 τιμὴν
1143 5422 1254 5484 τοῖς
1294 5420 1489 5491 πένησι
1518 5421 1707 5473 διενεί-

160 5518 301 5569 ματο,
330 5506 629 5577 πυθομένῳ
676 5509 754 5579 τῷ
798 5510 1041 5581 μαθητῇ,
1074 5512 1182 5565 Ποῦ
1217 5516 1354 5578 ἐστι,
1406 5514 1606 5583 Πάτερ,
1648 5513 1707 5565 τὸ

162 5592 469 5663 Εὑαγγέλιον
489 5599 553 5651 τὸ
579 5602 773 5671 μικρόν
796 5621 885 5671 ;--
907 5604 1217 5671 Πίστευσον,
1239 5604 1363 5674 ἔφη,
1390 5605 1707 5676 πειθόμενες

158 5686 223 5755 τῷ
248 5689 475 5757 λέγοντι,
513 5693 772 5765 Πώλησὸν
821 5715 915 5752 σου
974 5698 1041 5751 τὰ
1094 5699 1426 5771 ὑπάρχοντα,
1470 5700 1560 5753 καὶ
1619 5700 1703 5761 δὸς

223 5844 262 5876 ⁶⁹
294 5845 481 5902 Matth.
522 5864 629 5912 six,
658 5850 749 5904 51.

1888 3770 2073 3824 XLIII.
2115 3770 2273 3825 Tales
2336 3778 2489 3823 erant
2560 3767 2929 3825 misericordis
2990 3780 3044 3827 et
3110 3772 3389 3828 elementis

1815 3859 2040 3913 Joannis
2087 3860 2280 3913 anima:
2334 3859 2575 3927 benigna:
2626 3868 2681 3913 et
2725 3862 2971 3913 humana:
3026 3865 3386 3922 narrationes.

1818 3951 2047 4003 Maxima
2094 3952 2238 4004 enim
2274 3964 2339 4004 ex
2380 3960 2533 4018 parte
2557 3989 2571 4014 ,
2627 3964 2961 4019 quaecunque
2997 3949 3291 4007 Incitabant
3322 3954 3387 4009 ad

1816 4042 2339 4098 commiserationem
2380 4052 2433 4096 et
2469 4055 2708 4095 amorem
2739 4042 2793 4095 in
2834 4058 3118 4113 pauperes,
3150 4059 3214 4098 ea
3245 4049 3389 4100 vo‘e-

1822 4135 1912 4190 bat
1946 4134 2129 4189 dicere
2163 4144 2217 4189 et
2250 4133 2455 4187 audire.
2488 4135 2715 4188 Assidue
2746 4134 2965 4202 quidem
2987 4144 3135 4190 certe
3165 4137 3387 4191 investi-

1819 4228 1980 4296 gabat
2023 4227 2185 4281 vitam
2230 4239 2422 4280 eorum
2462 4223 2702 4290 Patrum,
2738 4225 2826 4293 qui
2871 4224 3086 4279 fuerunt
3129 4227 3384 4283 celebrati

1817 4324 2037 4387 propter
2078 4314 2497 4386 eleemosyuam,
2542 4326 2596 4369 et
2648 4316 2699 4371 in
2743 4315 2842 4370 hoc
2882 4329 2976 4383 per
3013 4324 3178 4370 totam
3222 4317 3383 4372 vitam

1744 4431 1787 4487 ο
1819 4421 2069 4478 magnum
2103 4408 2333 4478 ponebat
2360 4408 2618 4472 studium,
2654 4415 2712 4461 ut
2743 4407 2832 4477 qui
2868 4407 3024 4462 vellet
3050 4409 3238 4461 eadem
3275 4410 3381 4475 via,

1816 4519 1917 4573 qua
1945 4502 2040 4566 illi,
2070 4501 2302 4567 ingredi.

1884 4590 2070 4647 XLIV.
2112 4589 2245 4646 Cum
2283 4590 2459 4659 itaque
2493 4588 2781 4658 aliquando
2812 4588 3089 4644 incidisset
3128 4589 3179 4643 in
3204 4590 3379 4645 Vitam

1814 4683 2006 4737 divinis
2036 4680 2347 4749 Serapionis
2372 4681 2602 4745 Sidonii,
2624 4695 2728 4735 non
2752 4682 3002 4734 cessabat
3031 4682 3201 4734 virum
3229 4682 3377 4734 illum

1814 4771 2072 4827 admirari
2112 4780 2167 4826 et
2208 4786 2296 4826 res
2329 4771 2472 4825 illius
2499 4785 2739 4835 narrare,
2776 4773 3227 4840 quemadmodum
3254 4788 3376 4826 cum

1814 4867 2105 4937 aliquando
2134 4868 2185 4921 in
2214 4874 2459 4936 egentem
2496 4866 2774 4920 incidisset
2810 4879 3125 4935 pauperem,
3162 4882 3219 4920 se
3252 4866 3379 4935 pal-

1813 4962 1885 5015 lio
1929 4961 2076 5015 exuit
2122 4969 2176 5014 et
2217 4960 2264 5013 ei
2301 4959 2465 5011 dedit.
2512 4957 2715 5011 Deinde
2763 4972 2885 5009 cum
2932 4958 3148 5011 obviam
3196 4959 3375 5012 iactus

1811 5059 1955 5105 esset
1998 5050 2154 5104 alteri
2199 5049 2421 5117 algenti,
2452 5048 2700 5100 similiter
2742 5048 2789 5101 ei
2822 5050 3049 5115 praebuit
3082 5050 3319 5103 tunicam
3358 5066 3372 5101 :

1808 5150 1863 5197 et
1893 5145 1959 5197 de
1999 5152 2193 5196 (αξιοι-ο
2230 5140 2367 5193 sedit
2398 5139 2591 5201 nudus,
2618 5139 2757 5191 ulnis
2781 5139 2950 5191 solum
2979 5149 3168 5193 tenens
3198 5141 3376 5195 Evan-

1810 5237 2027 5304 geiium.
2080 5232 2275 5286 Deinde
2322 5231 2387 5285 ab
2445 5230 2624 5297 aliquo
2681 5231 3068 5297 interrogatus,
3122 5232 3371 5299 quisnam

1806 5348 1926 5387 eum
1954 5332 2223 5391 nudasset,
2245 5326 2380 5389 Hoc,
2405 5328 2599 5395 inquit,
2623 5325 2914 5378 ostendens
2934 5325 3280 5395 Evangelium
3309 5328 3369 5379 θ’.

1807 5424 1939 5478 Cum
1972 5438 2098 5477 vero
2125 5436 2189 5475 eo
2215 5436 2427 5489 quoque
2463 5418 2677 5471 vendito
2711 5431 2806 5484 pro
2837 5430 2903 5469 eo
2936 5426 3216 5484 acceptum
3248 5432 3375 5485 pre-

1809 5516 1941 5569 tium
1996 5514 2357 5568 distribuisset
2408 5509 2766 5578 pauperibus,
2826 5507 3038 5561 cuidam
3086 5508 3373 5577 discipulo,

1808 5608 1897 5675 qui
1927 5620 2048 5660 eum
2085 5604 2293 5671 rogavit
2336 5621 2347 5655 :
2381 5600 2477 5655 Ubi
2509 5608 2614 5665 est,
2655 5595 2837 5662 Pater,
2877 5612 3100 5665 parvum
3132 5596 3373 5663 Evange-

1808 5695 1977 5751 lium?
2005 5696 2177 5751 Crede
2207 5696 2359 5758 mihi,
2392 5692 2586 5761 inquit,
2633 5690 2731 5751 liii,
2760 5702 2957 5757 parens
3004 5690 3051 5741 ei
3097 5690 3185 5758 qui
3213 5689 3367 5753 dixit,
