  <div class='ocr_page' id='page_1' title='image "/cluster/home/n/w/nwhite01/storage/ocr_20150623/114/nnc1.0046980210/481.png"; bbox 0 0 4148 6486; ppageno 0'>
   <div class='ocr_carea' id='block_1_1' title="bbox 728 460 836 523">
    <p class='ocr_par' dir='ltr' id='par_1_1' title="bbox 728 460 836 523">
     <span class='ocr_line' id='line_1_1' title="bbox 728 460 836 523; baseline -0.019 0"><span class='ocrx_word' id='word_1_1' title='bbox 728 460 836 523; x_wconf 82' lang='lat'><strong>935</strong></span> 
     </span>
    </p>
   </div>
   <div class='ocr_carea' id='block_1_2' title="bbox 1932 461 2732 549">
    <p class='ocr_par' dir='ltr' id='par_1_2' title="bbox 1932 461 2732 549">
     <span class='ocr_line' id='line_1_2' title="bbox 1932 461 2732 549; baseline 0.003 -29"><span class='ocrx_word' id='word_1_2' title='bbox 1932 461 2217 522; x_wconf 80' lang='lat' dir='ltr'><strong>MENSIS</strong></span> <span class='ocrx_word' id='word_1_3' title='bbox 2256 461 2732 549; x_wconf 46' lang='lat' dir='ltr'><strong>nummus.</strong></span> 
     </span>
    </p>
   </div>
   <div class='ocr_carea' id='block_1_3' title="bbox 3884 460 3997 526">
    <p class='ocr_par' dir='ltr' id='par_1_3' title="bbox 3884 460 3997 526">
     <span class='ocr_line' id='line_1_3' title="bbox 3884 460 3997 526; baseline 0 0"><span class='ocrx_word' id='word_1_4' title='bbox 3884 460 3997 526; x_wconf 74' lang='lat'><strong>938</strong></span> 
     </span>
    </p>
   </div>
   <div class='ocr_carea' id='block_1_4' title="bbox 733 568 2331 648">
    <p class='ocr_par' dir='ltr' id='par_1_4' title="bbox 733 574 2308 645">
     <span class='ocr_line' id='line_1_4' title="bbox 733 574 2308 645; baseline 0.002 -19"><span class='ocrx_word' id='word_1_5' title='bbox 733 575 913 629; x_wconf 74' lang='lat' dir='ltr'><strong>Vende</strong></span> <span class='ocrx_word' id='word_1_6' title='bbox 961 590 1074 641; x_wconf 74' lang='lat' dir='ltr'><strong>t;tt:t!</strong></span> <span class='ocrx_word' id='word_1_7' title='bbox 1120 575 1320 638; x_wconf 73' lang='lat' dir='ltr'><strong>habes,</strong></span> <span class='ocrx_word' id='word_1_8' title='bbox 1356 584 1410 628; x_wconf 90' lang='lat' dir='ltr'><strong>et</strong></span> <span class='ocrx_word' id='word_1_9' title='bbox 1452 575 1514 628; x_wconf 87' lang='lat' dir='ltr'><strong>da</strong></span> <span class='ocrx_word' id='word_1_10' title='bbox 1550 574 1898 644; x_wconf 62' lang='lat' dir='ltr'><strong>pauperibus,</strong></span> <span class='ocrx_word' id='word_1_11' title='bbox 1956 591 2020 629; x_wconf 90' lang='lat' dir='ltr'><strong>ne</strong></span> <span class='ocrx_word' id='word_1_12' title='bbox 2060 574 2158 643; x_wconf 83' lang='lat' dir='ltr'><strong>ipsi</strong></span> <span class='ocrx_word' id='word_1_13' title='bbox 2190 576 2308 645; x_wconf 88' lang='lat' dir='ltr'><strong>qui-</strong></span> 
     </span>
    </p>
   </div>
   <div class='ocr_carea' id='block_1_5' title="bbox 2437 568 4011 648">
    <p class='ocr_par' dir='ltr' id='par_1_5' title="bbox 2437 568 4011 648">
     <span class='ocr_line' id='line_1_5' title="bbox 2437 568 4011 648; baseline -0.003 -17"><span class='ocrx_word' id='word_1_14' title='bbox 2437 578 2675 647; x_wconf 70' lang='grc' dir='ltr'>ττιειχοῖς,</span> <span class='ocrx_word' id='word_1_15' title='bbox 2700 575 2823 629; x_wconf 79' lang='grc' dir='ltr'>οὐδὲ</span> <span class='ocrx_word' id='word_1_16' title='bbox 2846 575 3015 629; x_wconf 80' lang='grc' dir='ltr'>αὑτοῦ</span> <span class='ocrx_word' id='word_1_17' title='bbox 3049 577 3140 631; x_wconf 75' lang='grc' dir='ltr'>τοῦ</span> <span class='ocrx_word' id='word_1_18' title='bbox 3175 576 3404 648; x_wconf 78' lang='grc' dir='ltr'>βιϐλίου,</span> <span class='ocrx_word' id='word_1_19' title='bbox 3440 577 3497 630; x_wconf 86' lang='grc' dir='ltr'><strong>ἐν</strong></span> <span class='ocrx_word' id='word_1_20' title='bbox 3524 568 3568 645; x_wconf 77' lang='grc' dir='ltr'>ᾧ</span> <span class='ocrx_word' id='word_1_21' title='bbox 3586 574 3744 629; x_wconf 78' lang='grc' dir='ltr'>τοῦτο</span> <span class='ocrx_word' id='word_1_22' title='bbox 3767 576 3978 646; x_wconf 83' lang='grc' dir='ltr'>ἐγέγρα</span> <span class='ocrx_word' id='word_1_23' title='bbox 3995 606 4011 617; x_wconf 78' lang='grc' dir='ltr'><strong>ο</strong></span> 
     </span>
    </p>
   </div>
   <div class='ocr_carea' id='block_1_6' title="bbox 730 666 2313 737">
    <p class='ocr_par' dir='ltr' id='par_1_6' title="bbox 730 666 2313 737">
     <span class='ocr_line' id='line_1_6' title="bbox 730 666 2313 737; baseline 0.001 -20"><span class='ocrx_word' id='word_1_24' title='bbox 730 672 852 719; x_wconf 71' lang='lat' dir='ltr'><strong>item</strong></span> <span class='ocrx_word' id='word_1_25' title='bbox 907 668 1064 732; x_wconf 71' lang='grc' dir='ltr'>Ιξὶιτιι,</span> <span class='ocrx_word' id='word_1_26' title='bbox 1111 666 1163 719; x_wconf 89' lang='lat' dir='ltr'><strong>in</strong></span> <span class='ocrx_word' id='word_1_27' title='bbox 1206 682 1313 736; x_wconf 89' lang='lat' dir='ltr'><strong>quo</strong></span> <span class='ocrx_word' id='word_1_28' title='bbox 1355 667 1454 719; x_wconf 89' lang='lat' dir='ltr'><strong>hoc</strong></span> <span class='ocrx_word' id='word_1_29' title='bbox 1502 668 1762 736; x_wconf 74' lang='lat' dir='ltr'><strong>scriptum</strong></span> <span class='ocrx_word' id='word_1_30' title='bbox 1813 680 1949 733; x_wconf 70' lang='lat' dir='ltr'><strong>erat,</strong></span> <span class='ocrx_word' id='word_1_31' title='bbox 1989 668 2152 720; x_wconf 80' lang='lat' dir='ltr'><strong>statui</strong></span> <span class='ocrx_word' id='word_1_32' title='bbox 2190 682 2313 737; x_wconf 79' lang='lat' dir='ltr'><strong>par-</strong></span> 
     </span>
    </p>
   </div>
   <div class='ocr_carea' id='block_1_7' title="bbox 731 774 865 810">
    <p class='ocr_par' dir='ltr' id='par_1_7' title="bbox 731 774 865 810">
     <span class='ocr_line' id='line_1_7' title="bbox 731 774 865 810; baseline -0.022 -6"><span class='ocrx_word' id='word_1_33' title='bbox 731 774 865 810; x_wconf 58' lang='lat' dir='ltr'><strong>(fern.</strong></span> 
     </span>
    </p>
   </div>
   <div class='ocr_carea' id='block_1_8' title="bbox 800 849 2311 919">
    <p class='ocr_par' dir='ltr' id='par_1_8' title="bbox 800 849 2311 919">
     <span class='ocr_line' id='line_1_8' title="bbox 800 849 2311 919; baseline -0.001 -18"><span class='ocrx_word' id='word_1_34' title='bbox 800 849 961 902; x_wconf 59' lang='lat' dir='ltr'><strong>XLV.</strong></span> <span class='ocrx_word' id='word_1_35' title='bbox 1003 850 1250 903; x_wconf 84' lang='lat' dir='ltr'><strong>Addatur</strong></span> <span class='ocrx_word' id='word_1_36' title='bbox 1295 851 1399 904; x_wconf 92' lang='lat' dir='ltr'><strong>hoc</strong></span> <span class='ocrx_word' id='word_1_37' title='bbox 1450 863 1667 919; x_wconf 87' lang='lat' dir='ltr'><strong>quoque</strong></span> <span class='ocrx_word' id='word_1_38' title='bbox 1703 850 1768 904; x_wconf 85' lang='lat' dir='ltr'><strong>iis</strong></span> <span class='ocrx_word' id='word_1_39' title='bbox 1812 864 1933 919; x_wconf 69' lang='lat' dir='ltr'><strong>qua:</strong></span> <span class='ocrx_word' id='word_1_40' title='bbox 1978 853 2119 904; x_wconf 82' lang='lat' dir='ltr'><strong>dicta</strong></span> <span class='ocrx_word' id='word_1_41' title='bbox 2165 860 2311 910; x_wconf 91' lang='lat' dir='ltr'><strong>sunt,</strong></span> 
     </span>
    </p>
   </div>
   <div class='ocr_carea' id='block_1_9' title="bbox 728 941 2313 1008">
    <p class='ocr_par' dir='ltr' id='par_1_9' title="bbox 728 941 2313 1008">
     <span class='ocr_line' id='line_1_9' title="bbox 728 941 2313 1008; baseline -0.002 -11"><span class='ocrx_word' id='word_1_42' title='bbox 728 944 962 998; x_wconf 75' lang='lat' dir='ltr'><strong>aﬂet&#39;ens</strong></span> <span class='ocrx_word' id='word_1_43' title='bbox 987 946 1322 997; x_wconf 84' lang='lat' dir='ltr'><strong>auditoribus</strong></span> <span class='ocrx_word' id='word_1_44' title='bbox 1349 962 1452 998; x_wconf 89' lang='lat' dir='ltr'><strong>non</strong></span> <span class='ocrx_word' id='word_1_45' title='bbox 1487 944 1813 998; x_wconf 73' lang='lat' dir='ltr'><strong>mediocrem</strong></span> <span class='ocrx_word' id='word_1_46' title='bbox 1842 945 2151 1006; x_wconf 77' lang='lat' dir='ltr'><strong>utilitatem.</strong></span> <span class='ocrx_word' id='word_1_47' title='bbox 2181 941 2313 1008; x_wconf 83' lang='lat' dir='ltr'><strong>Qui-</strong></span> 
     </span>
    </p>
   </div>
   <div class='ocr_carea' id='block_1_10' title="bbox 729 1035 2315 1107">
    <p class='ocr_par' dir='ltr' id='par_1_10' title="bbox 729 1035 2315 1107">
     <span class='ocr_line' id='line_1_10' title="bbox 729 1035 2315 1107; baseline -0.004 -16"><span class='ocrx_word' id='word_1_48' title='bbox 729 1041 852 1092; x_wconf 85' lang='lat' dir='ltr'><strong>dam</strong></span> <span class='ocrx_word' id='word_1_49' title='bbox 888 1042 1182 1092; x_wconf 75' lang='lat' dir='ltr'><strong>monui-hos</strong></span> <span class='ocrx_word' id='word_1_50' title='bbox 1220 1038 1309 1092; x_wconf 90' lang='lat' dir='ltr'><strong>illo</strong></span> <span class='ocrx_word' id='word_1_51' title='bbox 1341 1050 1582 1106; x_wconf 86' lang='lat' dir='ltr'><strong>tempore</strong></span> <span class='ocrx_word' id='word_1_52' title='bbox 1618 1037 1846 1107; x_wconf 84' lang='lat' dir='ltr'><strong>puellam</strong></span> <span class='ocrx_word' id='word_1_53' title='bbox 1878 1038 2078 1091; x_wconf 89' lang='lat' dir='ltr'><strong>ducens</strong></span> <span class='ocrx_word' id='word_1_54' title='bbox 2104 1035 2315 1104; x_wconf 82' lang='lat' dir='ltr'><strong>specio-</strong></span> 
     </span>
    </p>
   </div>
   <div class='ocr_carea' id='block_1_11' title="bbox 728 1125 2307 1197">
    <p class='ocr_par' dir='ltr' id='par_1_11' title="bbox 728 1125 2307 1197">
     <span class='ocr_line' id='line_1_11' title="bbox 728 1125 2307 1197; baseline -0.004 -10"><span class='ocrx_word' id='word_1_55' title='bbox 728 1150 876 1195; x_wconf 79' lang='lat' dir='ltr'><strong>S-tlll,</strong></span> <span class='ocrx_word' id='word_1_56' title='bbox 920 1134 1102 1185; x_wconf 79' lang='lat' dir='ltr'><strong>obibat</strong></span> <span class='ocrx_word' id='word_1_57' title='bbox 1135 1134 1408 1185; x_wconf 86' lang='lat' dir='ltr'><strong>civitatem</strong></span> <span class='ocrx_word' id='word_1_58' title='bbox 1438 1149 1449 1183; x_wconf 87' lang='lat'>:</span> <span class='ocrx_word' id='word_1_59' title='bbox 1486 1147 1607 1184; x_wconf 88' lang='lat' dir='ltr'><strong>cum</strong></span> <span class='ocrx_word' id='word_1_60' title='bbox 1648 1142 1825 1183; x_wconf 78' lang='lat' dir='ltr'><strong>autem</strong></span> <span class='ocrx_word' id='word_1_61' title='bbox 1859 1130 2077 1197; x_wconf 78' lang='lat' dir='ltr'><strong>quidam</strong></span> <span class='ocrx_word' id='word_1_62' title='bbox 2118 1125 2307 1181; x_wconf 80' lang='lat' dir='ltr'><strong>ex-Ec-</strong></span> 
     </span>
    </p>
   </div>
   <div class='ocr_carea' id='block_1_12' title="bbox 731 1222 2313 1281">
    <p class='ocr_par' dir='ltr' id='par_1_12' title="bbox 731 1222 2313 1281">
     <span class='ocr_line' id='line_1_12' title="bbox 731 1222 2313 1281; baseline -0.003 -6"><span class='ocrx_word' id='word_1_63' title='bbox 731 1228 897 1281; x_wconf 64' lang='lat' dir='ltr'><strong>etesia</strong></span> <span class='ocrx_word' id='word_1_64' title='bbox 927 1242 1050 1279; x_wconf 84' lang='lat' dir='ltr'><strong>cum</strong></span> <span class='ocrx_word' id='word_1_65' title='bbox 1082 1227 1347 1277; x_wconf 75' lang='lat' dir='ltr'><strong>vidissent</strong></span> <span class='ocrx_word' id='word_1_66' title='bbox 1385 1225 1448 1275; x_wconf 88' lang='lat' dir='ltr'><strong>ad</strong></span> <span class='ocrx_word' id='word_1_67' title='bbox 1486 1222 1773 1275; x_wconf 83' lang='lat' dir='ltr'><strong>multorum</strong></span> <span class='ocrx_word' id='word_1_68' title='bbox 1806 1223 2160 1275; x_wconf 72' lang='lat' dir='ltr'><strong>offensionem</strong></span> <span class='ocrx_word' id='word_1_69' title='bbox 2194 1235 2313 1273; x_wconf 85' lang='lat' dir='ltr'><strong>eam</strong></span> 
     </span>
    </p>
   </div>
   <div class='ocr_carea' id='block_1_13' title="bbox 730 1310 2316 1389">
    <p class='ocr_par' dir='ltr' id='par_1_13' title="bbox 730 1310 2316 1389">
     <span class='ocr_line' id='line_1_13' title="bbox 730 1310 2316 1389; baseline -0.005 -17"><span class='ocrx_word' id='word_1_70' title='bbox 730 1321 1210 1389; x_wconf 78' lang='lat' dir='ltr'><strong>circuumgeutem,</strong></span> <span class='ocrx_word' id='word_1_71' title='bbox 1232 1318 1581 1369; x_wconf 73' lang='lat' dir='ltr'><strong>introducunt</strong></span> <span class='ocrx_word' id='word_1_72' title='bbox 1603 1316 1669 1369; x_wconf 87' lang='lat' dir='ltr'><strong>ad</strong></span> <span class='ocrx_word' id='word_1_73' title='bbox 1684 1316 1902 1369; x_wconf 85' lang='lat' dir='ltr'><strong>beatum</strong></span> <span class='ocrx_word' id='word_1_74' title='bbox 1925 1313 2207 1367; x_wconf 81' lang='lat' dir='ltr'><strong>Joannem.</strong></span> <span class='ocrx_word' id='word_1_75' title='bbox 2224 1310 2316 1365; x_wconf 91' lang='lat' dir='ltr'><strong>lllc</strong></span> 
     </span>
    </p>
   </div>
   <div class='ocr_carea' id='block_1_14' title="bbox 732 1410 2319 1480">
    <p class='ocr_par' dir='ltr' id='par_1_14' title="bbox 732 1410 2319 1480">
     <span class='ocr_line' id='line_1_14' title="bbox 732 1410 2319 1480; baseline -0.003 -14"><span class='ocrx_word' id='word_1_76' title='bbox 732 1427 912 1468; x_wconf 84' lang='lat' dir='ltr'><strong>autem</strong></span> <span class='ocrx_word' id='word_1_77' title='bbox 952 1414 1139 1466; x_wconf 75' lang='lat' dir='ltr'><strong>verbis</strong></span> <span class='ocrx_word' id='word_1_78' title='bbox 1170 1412 1382 1464; x_wconf 87' lang='lat' dir='ltr'><strong>illorum</strong></span> <span class='ocrx_word' id='word_1_79' title='bbox 1423 1411 1696 1476; x_wconf 88' lang='lat' dir='ltr'><strong>inductus,</strong></span> <span class='ocrx_word' id='word_1_80' title='bbox 1732 1423 1787 1464; x_wconf 91' lang='lat' dir='ltr'><strong>ut</strong></span> <span class='ocrx_word' id='word_1_81' title='bbox 1819 1411 1909 1480; x_wconf 84' lang='lat' dir='ltr'><strong>qui</strong></span> <span class='ocrx_word' id='word_1_82' title='bbox 1948 1410 2319 1463; x_wconf 75' lang='lat' dir='ltr'><strong>existimasset</strong></span> 
     </span>
    </p>
   </div>
   <div class='ocr_carea' id='block_1_15' title="bbox 730 1503 2315 1573">
    <p class='ocr_par' dir='ltr' id='par_1_15' title="bbox 730 1503 2315 1573">
     <span class='ocr_line' id='line_1_15' title="bbox 730 1503 2315 1573; baseline -0.006 -10"><span class='ocrx_word' id='word_1_83' title='bbox 730 1525 826 1563; x_wconf 86' lang='lat' dir='ltr'><strong>eos</strong></span> <span class='ocrx_word' id='word_1_84' title='bbox 853 1509 971 1561; x_wconf 83' lang='lat' dir='ltr'><strong>zelo</strong></span> <span class='ocrx_word' id='word_1_85' title='bbox 1004 1508 1185 1561; x_wconf 88' lang='lat' dir='ltr'><strong>divino</strong></span> <span class='ocrx_word' id='word_1_86' title='bbox 1212 1507 1359 1558; x_wconf 83' lang='lat' dir='ltr'><strong>llltllll</strong></span> <span class='ocrx_word' id='word_1_87' title='bbox 1388 1506 1761 1566; x_wconf 76' lang='lat' dir='ltr'><strong>admonuisse,</strong></span> <span class='ocrx_word' id='word_1_88' title='bbox 1796 1506 1973 1572; x_wconf 86' lang='lat' dir='ltr'><strong>ipsum</strong></span> <span class='ocrx_word' id='word_1_89' title='bbox 1999 1513 2054 1558; x_wconf 91' lang='lat' dir='ltr'><strong>et</strong></span> <span class='ocrx_word' id='word_1_90' title='bbox 2082 1503 2315 1573; x_wconf 76' lang='lat' dir='ltr'><strong>puellam</strong></span> 
     </span>
    </p>
   </div>
   <div class='ocr_carea' id='block_1_16' title="bbox 726 1597 2315 1667">
    <p class='ocr_par' dir='ltr' id='par_1_16' title="bbox 726 1597 2315 1667">
     <span class='ocr_line' id='line_1_16' title="bbox 726 1597 2315 1667; baseline -0.003 -16"><span class='ocrx_word' id='word_1_91' title='bbox 726 1602 881 1667; x_wconf 87' lang='lat' dir='ltr'><strong>jubet</strong></span> <span class='ocrx_word' id='word_1_92' title='bbox 923 1601 1275 1653; x_wconf 89' lang='lat' dir='ltr'><strong>vehementer</strong></span> <span class='ocrx_word' id='word_1_93' title='bbox 1316 1597 1473 1662; x_wconf 71' lang='lat' dir='ltr'><strong>exedi,</strong></span> <span class='ocrx_word' id='word_1_94' title='bbox 1504 1597 1701 1651; x_wconf 88' lang='lat' dir='ltr'><strong>deinde</strong></span> <span class='ocrx_word' id='word_1_95' title='bbox 1732 1610 1826 1650; x_wconf 89' lang='lat' dir='ltr'><strong>eos</strong></span> <span class='ocrx_word' id='word_1_96' title='bbox 1867 1597 1921 1649; x_wconf 94' lang='lat' dir='ltr'><strong>in</strong></span> <span class='ocrx_word' id='word_1_97' title='bbox 1955 1597 2188 1649; x_wconf 83' lang='lat' dir='ltr'><strong>diversis</strong></span> <span class='ocrx_word' id='word_1_98' title='bbox 2217 1610 2315 1648; x_wconf 80' lang='lat' dir='ltr'><strong>cu-</strong></span> 
     </span>
    </p>
   </div>
   <div class='ocr_carea' id='block_1_17' title="bbox 732 1688 2315 1757">
    <p class='ocr_par' dir='ltr' id='par_1_17' title="bbox 732 1688 2315 1757">
     <span class='ocr_line' id='line_1_17' title="bbox 732 1688 2315 1757; baseline -0.005 -8"><span class='ocrx_word' id='word_1_99' title='bbox 732 1696 924 1749; x_wconf 79' lang='lat' dir='ltr'><strong>sto-liis</strong></span> <span class='ocrx_word' id='word_1_100' title='bbox 951 1694 1173 1747; x_wconf 78' lang='lat' dir='ltr'><strong>includi.</strong></span> <span class='ocrx_word' id='word_1_101' title='bbox 1199 1690 1333 1743; x_wconf 89' lang='lat' dir='ltr'><strong>Cum</strong></span> <span class='ocrx_word' id='word_1_102' title='bbox 1355 1701 1535 1745; x_wconf 86' lang='lat' dir='ltr'><strong>autem</strong></span> <span class='ocrx_word' id='word_1_103' title='bbox 1565 1688 1768 1744; x_wconf 79' lang='lat' dir='ltr'><strong>factum</strong></span> <span class='ocrx_word' id='word_1_104' title='bbox 1804 1698 1946 1743; x_wconf 80' lang='lat' dir='ltr'><strong>esset</strong></span> <span class='ocrx_word' id='word_1_105' title='bbox 1972 1689 2112 1756; x_wconf 90' lang='lat' dir='ltr'><strong>quod</strong></span> <span class='ocrx_word' id='word_1_106' title='bbox 2132 1688 2315 1757; x_wconf 85' lang='lat' dir='ltr'><strong>jusse-</strong></span> 
     </span>
    </p>
   </div>
   <div class='ocr_carea' id='block_1_18' title="bbox 737 1782 2322 1855">
    <p class='ocr_par' dir='ltr' id='par_1_18' title="bbox 737 1782 2322 1855">
     <span class='ocr_line' id='line_1_18' title="bbox 737 1782 2322 1855; baseline -0.005 -14"><span class='ocrx_word' id='word_1_107' title='bbox 737 1799 837 1852; x_wconf 86' lang='lat' dir='ltr'><strong>rat,</strong></span> <span class='ocrx_word' id='word_1_108' title='bbox 865 1800 917 1840; x_wconf 83' lang='lat' dir='ltr'><strong>et</strong></span> <span class='ocrx_word' id='word_1_109' title='bbox 947 1803 1042 1841; x_wconf 75' lang='lat' dir='ltr'><strong>eos</strong></span> <span class='ocrx_word' id='word_1_110' title='bbox 1072 1787 1412 1855; x_wconf 69' lang='lat' dir='ltr'><strong>accepissent</strong></span> <span class='ocrx_word' id='word_1_111' title='bbox 1444 1784 1725 1847; x_wconf 57' lang='lat' dir='ltr'><strong>custodias,</strong></span> <span class='ocrx_word' id='word_1_112' title='bbox 1755 1792 1808 1837; x_wconf 89' lang='lat' dir='ltr'><strong>et</strong></span> <span class='ocrx_word' id='word_1_113' title='bbox 1840 1799 1942 1836; x_wconf 85' lang='lat' dir='ltr'><strong>nox</strong></span> <span class='ocrx_word' id='word_1_114' title='bbox 1973 1783 2085 1849; x_wconf 85' lang='lat' dir='ltr'><strong>jam</strong></span> <span class='ocrx_word' id='word_1_115' title='bbox 2119 1782 2322 1834; x_wconf 71' lang='lat' dir='ltr'><strong>adien-</strong></span> 
     </span>
    </p>
   </div>
   <div class='ocr_carea' id='block_1_19' title="bbox 735 1875 2319 1945">
    <p class='ocr_par' dir='ltr' id='par_1_19' title="bbox 735 1875 2319 1945">
     <span class='ocr_line' id='line_1_19' title="bbox 735 1875 2319 1945; baseline -0.004 -12"><span class='ocrx_word' id='word_1_116' title='bbox 735 1892 894 1934; x_wconf 76' lang='lat' dir='ltr'><strong>tasset</strong></span> <span class='ocrx_word' id='word_1_117' title='bbox 920 1920 935 1944; x_wconf 94' lang='lat'><strong>,</strong></span> <span class='ocrx_word' id='word_1_118' title='bbox 979 1882 1276 1933; x_wconf 89' lang='lat' dir='ltr'><strong>monachus</strong></span> <span class='ocrx_word' id='word_1_119' title='bbox 1304 1878 1352 1931; x_wconf 89' lang='lat' dir='ltr'><strong>ei</strong></span> <span class='ocrx_word' id='word_1_120' title='bbox 1389 1888 1610 1945; x_wconf 78' lang='lat' dir='ltr'><strong>apparet</strong></span> <span class='ocrx_word' id='word_1_121' title='bbox 1641 1877 1692 1929; x_wconf 92' lang='lat' dir='ltr'><strong>in</strong></span> <span class='ocrx_word' id='word_1_122' title='bbox 1736 1876 1976 1936; x_wconf 85' lang='lat' dir='ltr'><strong>somnis,</strong></span> <span class='ocrx_word' id='word_1_123' title='bbox 2023 1875 2319 1928; x_wconf 85' lang='lat' dir='ltr'><strong>ostendens</strong></span> 
     </span>
    </p>
   </div>
   <div class='ocr_carea' id='block_1_20' title="bbox 736 1965 2318 2042">
    <p class='ocr_par' dir='ltr' id='par_1_20' title="bbox 736 1965 2318 2042">
     <span class='ocr_line' id='line_1_20' title="bbox 736 1965 2318 2042; baseline -0.005 -17"><span class='ocrx_word' id='word_1_124' title='bbox 736 1985 942 2042; x_wconf 67' lang='lat' dir='ltr'><strong>tergum</strong></span> <span class='ocrx_word' id='word_1_125' title='bbox 977 1981 1217 2023; x_wconf 86' lang='lat' dir='ltr'><strong>notatum</strong></span> <span class='ocrx_word' id='word_1_126' title='bbox 1252 1969 1522 2021; x_wconf 75' lang='lat' dir='ltr'><strong>vibicibus</strong></span> <span class='ocrx_word' id='word_1_127' title='bbox 1555 1976 1608 2020; x_wconf 87' lang='lat' dir='ltr'><strong>et</strong></span> <span class='ocrx_word' id='word_1_128' title='bbox 1640 1966 2007 2035; x_wconf 83' lang='lat' dir='ltr'><strong>stigtnatibus,</strong></span> <span class='ocrx_word' id='word_1_129' title='bbox 2049 1966 2096 2018; x_wconf 89' lang='lat' dir='ltr'><strong>ei</strong></span> <span class='ocrx_word' id='word_1_130' title='bbox 2135 1965 2318 2018; x_wconf 74' lang='lat' dir='ltr'><strong>dit-ens</strong></span> 
     </span>
    </p>
   </div>
   <div class='ocr_carea' id='block_1_21' title="bbox 736 2058 2316 2133">
    <p class='ocr_par' dir='ltr' id='par_1_21' title="bbox 736 2058 2316 2133">
     <span class='ocr_line' id='line_1_21' title="bbox 736 2058 2316 2133; baseline -0.008 -14"><span class='ocrx_word' id='word_1_131' title='bbox 736 2064 1056 2133; x_wconf 69' lang='lat' dir='ltr'><strong>simpliciter</strong></span> <span class='ocrx_word' id='word_1_132' title='bbox 1101 2073 1155 2116; x_wconf 88' lang='lat' dir='ltr'><strong>et</strong></span> <span class='ocrx_word' id='word_1_133' title='bbox 1190 2063 1396 2131; x_wconf 75' lang='lat' dir='ltr'><strong>placide</strong></span> <span class='ocrx_word' id='word_1_134' title='bbox 1430 2079 1443 2113; x_wconf 88' lang='lat'><strong>:</strong></span> <span class='ocrx_word' id='word_1_135' title='bbox 1472 2060 1609 2126; x_wconf 84' lang='lat' dir='ltr'><strong>Quid</strong></span> <span class='ocrx_word' id='word_1_136' title='bbox 1644 2073 1771 2112; x_wconf 88' lang='lat' dir='ltr'><strong>vero</strong></span> <span class='ocrx_word' id='word_1_137' title='bbox 1806 2059 1916 2112; x_wconf 73' lang='lat' dir='ltr'><strong>tunc</strong></span> <span class='ocrx_word' id='word_1_138' title='bbox 1951 2058 2043 2111; x_wconf 70' lang='lat' dir='ltr'><strong>tibi</strong></span> <span class='ocrx_word' id='word_1_139' title='bbox 2080 2058 2316 2127; x_wconf 87' lang='lat' dir='ltr'><strong>placent,</strong></span> 
     </span>
    </p>
   </div>
   <div class='ocr_carea' id='block_1_22' title="bbox 740 2149 2323 2221">
    <p class='ocr_par' dir='ltr' id='par_1_22' title="bbox 740 2149 2323 2221">
     <span class='ocr_line' id='line_1_22' title="bbox 740 2149 2323 2221; baseline -0.003 -14"><span class='ocrx_word' id='word_1_140' title='bbox 740 2155 996 2209; x_wconf 72' lang='lat' dir='ltr'><strong>homine?</strong></span> <span class='ocrx_word' id='word_1_141' title='bbox 1028 2154 1223 2218; x_wconf 78' lang='lat' dir='ltr'><strong>Crede,</strong></span> <span class='ocrx_word' id='word_1_142' title='bbox 1263 2170 1404 2207; x_wconf 88' lang='lat' dir='ltr'><strong>nunc</strong></span> <span class='ocrx_word' id='word_1_143' title='bbox 1431 2152 1654 2221; x_wconf 74' lang='lat' dir='ltr'><strong>tjuidcm</strong></span> <span class='ocrx_word' id='word_1_144' title='bbox 1690 2158 1838 2206; x_wconf 85' lang='lat' dir='ltr'><strong>certe</strong></span> <span class='ocrx_word' id='word_1_145' title='bbox 1866 2149 2034 2204; x_wconf 90' lang='lat' dir='ltr'><strong>semel</strong></span> <span class='ocrx_word' id='word_1_146' title='bbox 2067 2150 2323 2219; x_wconf 82' lang='lat' dir='ltr'><strong>deceptus</strong></span> 
     </span>
    </p>
   </div>
   <div class='ocr_carea' id='block_1_23' title="bbox 737 2249 1126 2312">
    <p class='ocr_par' dir='ltr' id='par_1_23' title="bbox 737 2249 1126 2312">
     <span class='ocr_line' id='line_1_23' title="bbox 737 2249 1126 2312; baseline 0.005 -12"><span class='ocrx_word' id='word_1_147' title='bbox 737 2268 816 2312; x_wconf 68' lang='lat' dir='ltr'><strong>es,</strong></span> <span class='ocrx_word' id='word_1_148' title='bbox 856 2261 913 2301; x_wconf 92' lang='lat' dir='ltr'><strong>ut</strong></span> <span class='ocrx_word' id='word_1_149' title='bbox 946 2249 1126 2302; x_wconf 84' lang='lat' dir='ltr'><strong>homo.</strong></span> 
     </span>
    </p>
   </div>
   <div class='ocr_carea' id='block_1_24' title="bbox 812 2422 2325 2489">
    <p class='ocr_par' dir='ltr' id='par_1_24' title="bbox 812 2422 2325 2489">
     <span class='ocr_line' id='line_1_24' title="bbox 812 2422 2325 2489; baseline -0.007 -3"><span class='ocrx_word' id='word_1_150' title='bbox 812 2428 995 2486; x_wconf 75' lang='lat' dir='ltr'><strong>XLVI.</strong></span> <span class='ocrx_word' id='word_1_151' title='bbox 1040 2430 1084 2483; x_wconf 76' lang='grc' dir='ltr'>Α</span> <span class='ocrx_word' id='word_1_152' title='bbox 1121 2443 1315 2484; x_wconf 89' lang='lat' dir='ltr'><strong>somno</strong></span> <span class='ocrx_word' id='word_1_153' title='bbox 1350 2437 1533 2482; x_wconf 77' lang='lat' dir='ltr'><strong>autent</strong></span> <span class='ocrx_word' id='word_1_154' title='bbox 1577 2426 1883 2489; x_wconf 78' lang='lat' dir='ltr'><strong>excitatus,</strong></span> <span class='ocrx_word' id='word_1_155' title='bbox 1919 2424 2150 2479; x_wconf 82' lang='lat' dir='ltr'><strong>accersit</strong></span> <span class='ocrx_word' id='word_1_156' title='bbox 2184 2422 2325 2477; x_wconf 88' lang='lat' dir='ltr'><strong>illico</strong></span> 
     </span>
    </p>
   </div>
   <div class='ocr_carea' id='block_1_25' title="bbox 741 2518 2323 2587">
    <p class='ocr_par' dir='ltr' id='par_1_25' title="bbox 741 2518 2323 2587">
     <span class='ocr_line' id='line_1_25' title="bbox 741 2518 2323 2587; baseline -0.005 -8"><span class='ocrx_word' id='word_1_157' title='bbox 741 2526 1091 2586; x_wconf 84' lang='lat' dir='ltr'><strong>monachum,</strong></span> <span class='ocrx_word' id='word_1_158' title='bbox 1119 2524 1356 2575; x_wconf 81' lang='lat' dir='ltr'><strong>edocens</strong></span> <span class='ocrx_word' id='word_1_159' title='bbox 1386 2536 1507 2574; x_wconf 90' lang='lat' dir='ltr'><strong>eum</strong></span> <span class='ocrx_word' id='word_1_160' title='bbox 1538 2536 1568 2575; x_wconf 90' lang='lat' dir='ltr'><strong>e</strong></span> <span class='ocrx_word' id='word_1_161' title='bbox 1596 2520 1866 2585; x_wconf 75' lang='lat' dir='ltr'><strong>custodia,</strong></span> <span class='ocrx_word' id='word_1_162' title='bbox 1898 2534 2007 2587; x_wconf 68' lang='lat' dir='ltr'><strong>prae</strong></span> <span class='ocrx_word' id='word_1_163' title='bbox 2038 2518 2209 2587; x_wconf 81' lang='lat' dir='ltr'><strong>plagis</strong></span> <span class='ocrx_word' id='word_1_164' title='bbox 2237 2518 2323 2571; x_wconf 83' lang='lat' dir='ltr'><strong>vix</strong></span> 
     </span>
    </p>
   </div>
   <div class='ocr_carea' id='block_1_26' title="bbox 742 2607 2328 2682">
    <p class='ocr_par' dir='ltr' id='par_1_26' title="bbox 742 2607 2328 2682">
     <span class='ocr_line' id='line_1_26' title="bbox 742 2607 2328 2682; baseline -0.004 -17"><span class='ocrx_word' id='word_1_165' title='bbox 742 2617 1011 2668; x_wconf 79' lang='lat' dir='ltr'><strong>valentem</strong></span> <span class='ocrx_word' id='word_1_166' title='bbox 1050 2614 1278 2682; x_wconf 73' lang='lat' dir='ltr'><strong>ingredi.</strong></span> <span class='ocrx_word' id='word_1_167' title='bbox 1320 2609 1522 2664; x_wconf 86' lang='lat' dir='ltr'><strong>Deinde</strong></span> <span class='ocrx_word' id='word_1_168' title='bbox 1556 2625 1681 2663; x_wconf 90' lang='lat' dir='ltr'><strong>cum</strong></span> <span class='ocrx_word' id='word_1_169' title='bbox 1715 2610 1767 2663; x_wconf 94' lang='lat' dir='ltr'><strong>iu</strong></span> <span class='ocrx_word' id='word_1_170' title='bbox 1802 2607 1919 2676; x_wconf 85' lang='lat' dir='ltr'><strong>ejus</strong></span> <span class='ocrx_word' id='word_1_171' title='bbox 1953 2608 2162 2662; x_wconf 90' lang='lat' dir='ltr'><strong>vultum</strong></span> <span class='ocrx_word' id='word_1_172' title='bbox 2199 2622 2328 2660; x_wconf 91' lang='lat' dir='ltr'><strong>con-</strong></span> 
     </span>
    </p>
   </div>
   <div class='ocr_carea' id='block_1_27' title="bbox 737 2698 2329 2777">
    <p class='ocr_par' dir='ltr' id='par_1_27' title="bbox 737 2698 2329 2777">
     <span class='ocr_line' id='line_1_27' title="bbox 737 2698 2329 2777; baseline -0.006 -16"><span class='ocrx_word' id='word_1_173' title='bbox 737 2709 956 2777; x_wconf 86' lang='lat' dir='ltr'><strong>jecisset</strong></span> <span class='ocrx_word' id='word_1_174' title='bbox 988 2708 1199 2763; x_wconf 74' lang='lat' dir='ltr'><strong>oculos.</strong></span> <span class='ocrx_word' id='word_1_175' title='bbox 1233 2707 1457 2773; x_wconf 80' lang='lat' dir='ltr'><strong>agnovit</strong></span> <span class='ocrx_word' id='word_1_176' title='bbox 1487 2719 1608 2758; x_wconf 87' lang='lat' dir='ltr'><strong>eum</strong></span> <span class='ocrx_word' id='word_1_177' title='bbox 1645 2717 1788 2764; x_wconf 88' lang='lat' dir='ltr'><strong>esse,</strong></span> <span class='ocrx_word' id='word_1_178' title='bbox 1825 2702 1913 2769; x_wconf 91' lang='lat' dir='ltr'><strong>qui</strong></span> <span class='ocrx_word' id='word_1_179' title='bbox 1950 2700 2129 2753; x_wconf 80' lang='lat' dir='ltr'><strong>fuerat</strong></span> <span class='ocrx_word' id='word_1_180' title='bbox 2156 2698 2223 2758; x_wconf 76' lang='lat' dir='ltr'><strong>ab</strong></span> <span class='ocrx_word' id='word_1_181' title='bbox 2260 2714 2329 2753; x_wconf 87' lang='lat' dir='ltr'><strong>eo</strong></span> 
     </span>
    </p>
   </div>
   <div class='ocr_carea' id='block_1_28' title="bbox 745 2797 2330 2866">
    <p class='ocr_par' dir='ltr' id='par_1_28' title="bbox 745 2797 2330 2866">
     <span class='ocr_line' id='line_1_28' title="bbox 745 2797 2330 2866; baseline -0.004 -12"><span class='ocrx_word' id='word_1_182' title='bbox 745 2819 909 2857; x_wconf 79' lang='lat' dir='ltr'><strong>visus.</strong></span> <span class='ocrx_word' id='word_1_183' title='bbox 939 2801 1181 2866; x_wconf 81' lang='lat' dir='ltr'><strong>Cinuque</strong></span> <span class='ocrx_word' id='word_1_184' title='bbox 1207 2800 1367 2854; x_wconf 87' lang='lat' dir='ltr'><strong>vellet</strong></span> <span class='ocrx_word' id='word_1_185' title='bbox 1391 2801 1551 2865; x_wconf 87' lang='lat' dir='ltr'><strong>scire,</strong></span> <span class='ocrx_word' id='word_1_186' title='bbox 1576 2814 1644 2852; x_wconf 88' lang='lat' dir='ltr'><strong>an</strong></span> <span class='ocrx_word' id='word_1_187' title='bbox 1671 2808 1778 2851; x_wconf 88' lang='lat' dir='ltr'><strong>tam</strong></span> <span class='ocrx_word' id='word_1_188' title='bbox 1808 2797 2004 2850; x_wconf 87' lang='lat' dir='ltr'><strong>multas</strong></span> <span class='ocrx_word' id='word_1_189' title='bbox 2033 2797 2330 2864; x_wconf 79' lang='lat' dir='ltr'><strong>accepisset</strong></span> 
     </span>
    </p>
   </div>
   <div class='ocr_carea' id='block_1_29' title="bbox 744 2889 2326 2964">
    <p class='ocr_par' dir='ltr' id='par_1_29' title="bbox 744 2889 2326 2964">
     <span class='ocr_line' id='line_1_29' title="bbox 744 2889 2326 2964; baseline -0.006 -19"><span class='ocrx_word' id='word_1_190' title='bbox 744 2898 950 2964; x_wconf 79' lang='lat' dir='ltr'><strong>plagas,</strong></span> <span class='ocrx_word' id='word_1_191' title='bbox 982 2907 1141 2960; x_wconf 82' lang='lat' dir='ltr'><strong>quam</strong></span> <span class='ocrx_word' id='word_1_192' title='bbox 1182 2891 1383 2944; x_wconf 79' lang='lat' dir='ltr'><strong>multas</strong></span> <span class='ocrx_word' id='word_1_193' title='bbox 1414 2889 1619 2944; x_wconf 83' lang='lat' dir='ltr'><strong>habens</strong></span> <span class='ocrx_word' id='word_1_194' title='bbox 1653 2889 1706 2943; x_wconf 89' lang='lat' dir='ltr'><strong>in</strong></span> <span class='ocrx_word' id='word_1_195' title='bbox 1745 2892 1952 2943; x_wconf 87' lang='lat' dir='ltr'><strong>sonmis</strong></span> <span class='ocrx_word' id='word_1_196' title='bbox 1983 2896 2326 2956; x_wconf 82' lang='lat' dir='ltr'><strong>apparuerat,</strong></span> 
     </span>
    </p>
   </div>
   <div class='ocr_carea' id='block_1_30' title="bbox 740 2978 2326 3054">
    <p class='ocr_par' dir='ltr' id='par_1_30' title="bbox 740 2978 2326 3054">
     <span class='ocr_line' id='line_1_30' title="bbox 740 2978 2326 3054; baseline -0.006 -15"><span class='ocrx_word' id='word_1_197' title='bbox 740 2988 891 3054; x_wconf 89' lang='lat' dir='ltr'><strong>jubet</strong></span> <span class='ocrx_word' id='word_1_198' title='bbox 929 3002 1051 3040; x_wconf 92' lang='lat' dir='ltr'><strong>cum</strong></span> <span class='ocrx_word' id='word_1_199' title='bbox 1097 2986 1263 3037; x_wconf 86' lang='lat' dir='ltr'><strong>linteo</strong></span> <span class='ocrx_word' id='word_1_200' title='bbox 1307 2984 1643 3037; x_wconf 84' lang='lat' dir='ltr'><strong>succinctum</strong></span> <span class='ocrx_word' id='word_1_201' title='bbox 1674 2983 1886 3048; x_wconf 84' lang='lat' dir='ltr'><strong>aperire</strong></span> <span class='ocrx_word' id='word_1_202' title='bbox 1917 2982 2159 3035; x_wconf 88' lang='lat' dir='ltr'><strong>dorsum.</strong></span> <span class='ocrx_word' id='word_1_203' title='bbox 2194 2978 2326 3033; x_wconf 88' lang='lat' dir='ltr'><strong>Cum</strong></span> 
     </span>
    </p>
   </div>
   <div class='ocr_carea' id='block_1_31' title="bbox 744 3073 2327 3146">
    <p class='ocr_par' dir='ltr' id='par_1_31' title="bbox 744 3073 2327 3146">
     <span class='ocr_line' id='line_1_31' title="bbox 744 3073 2327 3146; baseline -0.009 -13"><span class='ocrx_word' id='word_1_204' title='bbox 744 3082 928 3134; x_wconf 81' lang='lat' dir='ltr'><strong>dtvma</strong></span> <span class='ocrx_word' id='word_1_205' title='bbox 962 3093 1140 3133; x_wconf 82' lang='lat' dir='ltr'><strong>autem</strong></span> <span class='ocrx_word' id='word_1_206' title='bbox 1186 3078 1523 3146; x_wconf 83' lang='lat' dir='ltr'><strong>providentia</strong></span> <span class='ocrx_word' id='word_1_207' title='bbox 1577 3076 1771 3129; x_wconf 80' lang='lat' dir='ltr'><strong>fuisset</strong></span> <span class='ocrx_word' id='word_1_208' title='bbox 1806 3074 2033 3127; x_wconf 88' lang='lat' dir='ltr'><strong>linteum</strong></span> <span class='ocrx_word' id='word_1_209' title='bbox 2068 3073 2327 3132; x_wconf 88' lang='lat' dir='ltr'><strong>solutum,</strong></span> 
     </span>
    </p>
   </div>
   <div class='ocr_carea' id='block_1_32' title="bbox 746 3146 2330 3243">
    <p class='ocr_par' dir='ltr' id='par_1_32' title="bbox 746 3146 2330 3243">
     <span class='ocr_line' id='line_1_32' title="bbox 746 3146 2330 3243; baseline -0.004 -19"><span class='ocrx_word' id='word_1_210' title='bbox 746 3183 947 3243; x_wconf 71' lang='lat' dir='ltr'><strong>aperta:</strong></span> <span class='ocrx_word' id='word_1_211' title='bbox 970 3171 1187 3225; x_wconf 78' lang='lat' dir='ltr'><strong>fuerunt</strong></span> <span class='ocrx_word' id='word_1_212' title='bbox 1218 3179 1398 3238; x_wconf 80' lang='lat' dir='ltr'><strong>partes</strong></span> <span class='ocrx_word' id='word_1_213' title='bbox 1420 3169 1665 3233; x_wconf 63' lang='lat' dir='ltr'><strong>occultat,</strong></span> <span class='ocrx_word' id='word_1_214' title='bbox 1689 3178 1739 3221; x_wconf 83' lang='lat' dir='ltr'><strong>et</strong></span> <span class='ocrx_word' id='word_1_215' title='bbox 1758 3176 2082 3236; x_wconf 82' lang='lat' dir='ltr'><strong>conspectus</strong></span> <span class='ocrx_word' id='word_1_216' title='bbox 2104 3174 2187 3219; x_wconf 79' lang='lat' dir='ltr'><strong>est</strong></span> <span class='ocrx_word' id='word_1_217' title='bbox 2215 3146 2330 3217; x_wconf 68' lang='lat' dir='ltr'><strong>tito-</strong></span> 
     </span>
    </p>
   </div>
   <div class='ocr_carea' id='block_1_33' title="bbox 2346 1925 2395 1985">
    <p class='ocr_par' dir='ltr' id='par_1_33' title="bbox 2346 1925 2395 1985">
     <span class='ocr_line' id='line_1_33' title="bbox 2346 1925 2395 1985; baseline 0 0"><span class='ocrx_word' id='word_1_218' title='bbox 2346 1925 2395 1985; x_wconf 89' lang='grc' dir='ltr'><strong>Β</strong></span> 
     </span>
    </p>
   </div>
   <div class='ocr_carea' id='block_1_34' title="bbox 2419 669 3280 741">
    <p class='ocr_par' dir='ltr' id='par_1_34' title="bbox 2419 669 3280 741">
     <span class='ocr_line' id='line_1_34' title="bbox 2419 669 3280 741; baseline 0.001 -18"><span class='ocrx_word' id='word_1_219' title='bbox 2419 688 2542 737; x_wconf 85' lang='grc' dir='ltr'>πτο,</span> <span class='ocrx_word' id='word_1_220' title='bbox 2566 669 2860 740; x_wconf 83' lang='grc' dir='ltr'>φείσασθαι</span> <span class='ocrx_word' id='word_1_221' title='bbox 2892 669 3280 741; x_wconf 79' lang='grc' dir='ltr'>διενοησάμην.</span> 
     </span>
    </p>
   </div>
   <div class='ocr_carea' id='block_1_35' title="bbox 2488 846 4007 921">
    <p class='ocr_par' dir='ltr' id='par_1_35' title="bbox 2488 846 4007 921">
     <span class='ocr_line' id='line_1_35' title="bbox 2488 846 4007 921; baseline -0.002 -18"><span class='ocrx_word' id='word_1_222' title='bbox 2488 850 2623 903; x_wconf 76' lang='lat' dir='ltr'><strong>ME’.</strong></span> <span class='ocrx_word' id='word_1_223' title='bbox 2661 850 3017 921; x_wconf 85' lang='grc' dir='ltr'>Προσκείσθω</span> <span class='ocrx_word' id='word_1_224' title='bbox 3050 852 3145 905; x_wconf 67' lang='grc' dir='ltr'><strong>καὶ</strong></span> <span class='ocrx_word' id='word_1_225' title='bbox 3180 850 3339 903; x_wconf 76' lang='grc' dir='ltr'>τοῦτο</span> <span class='ocrx_word' id='word_1_226' title='bbox 3398 851 3512 914; x_wconf 83' lang='grc' dir='ltr'>τοῖς</span> <span class='ocrx_word' id='word_1_227' title='bbox 3571 849 3909 919; x_wconf 69' lang='grc' dir='ltr'>εἰρημένοις,</span> <span class='ocrx_word' id='word_1_228' title='bbox 3943 846 4007 901; x_wconf 75' lang='grc' dir='ltr'>οὗ</span> 
     </span>
    </p>
   </div>
   <div class='ocr_carea' id='block_1_36' title="bbox 2420 943 4010 1016">
    <p class='ocr_par' dir='ltr' id='par_1_36' title="bbox 2420 943 4010 1016">
     <span class='ocr_line' id='line_1_36' title="bbox 2420 943 4010 1016; baseline -0.001 -20"><span class='ocrx_word' id='word_1_229' title='bbox 2420 943 2650 1013; x_wconf 81' lang='grc' dir='ltr'><strong>μετρίαν</strong></span> <span class='ocrx_word' id='word_1_230' title='bbox 2680 944 2846 1015; x_wconf 78' lang='grc' dir='ltr'>φέρον</span> <span class='ocrx_word' id='word_1_231' title='bbox 2878 945 2990 1007; x_wconf 81' lang='grc' dir='ltr'>τοῖς</span> <span class='ocrx_word' id='word_1_232' title='bbox 3024 946 3323 1016; x_wconf 71' lang='grc' dir='ltr'><strong>ἀκροαταῖς</strong></span> <span class='ocrx_word' id='word_1_233' title='bbox 3361 943 3458 1013; x_wconf 79' lang='grc' dir='ltr'>τὴν</span> <span class='ocrx_word' id='word_1_234' title='bbox 3493 944 3781 1010; x_wconf 70' lang='grc' dir='ltr'>ὠιρέλειαν·</span> <span class='ocrx_word' id='word_1_235' title='bbox 3822 944 4010 996; x_wconf 66' lang='lat' dir='ltr'><strong>Meva-</strong></span> 
     </span>
    </p>
   </div>
   <div class='ocr_carea' id='block_1_37' title="bbox 2416 1032 4014 1105">
    <p class='ocr_par' dir='ltr' id='par_1_37' title="bbox 2416 1032 4014 1105">
     <span class='ocr_line' id='line_1_37' title="bbox 2416 1032 4014 1105; baseline -0.003 -19"><span class='ocrx_word' id='word_1_236' title='bbox 2416 1035 2508 1105; x_wconf 84' lang='grc' dir='ltr'><strong>χός</strong></span> <span class='ocrx_word' id='word_1_237' title='bbox 2538 1052 2620 1096; x_wconf 88' lang='grc' dir='ltr'><strong>τις</strong></span> <span class='ocrx_word' id='word_1_238' title='bbox 2652 1034 2772 1087; x_wconf 84' lang='grc' dir='ltr'>κατ’</span> <span class='ocrx_word' id='word_1_239' title='bbox 2805 1035 2980 1087; x_wconf 83' lang='grc' dir='ltr'>ἐκεῖνο</span> <span class='ocrx_word' id='word_1_240' title='bbox 3004 1032 3199 1105; x_wconf 81' lang='grc' dir='ltr'>καιροῦ</span> <span class='ocrx_word' id='word_1_241' title='bbox 3241 1034 3410 1104; x_wconf 86' lang='grc' dir='ltr'>κόρην</span> <span class='ocrx_word' id='word_1_242' title='bbox 3445 1032 3627 1099; x_wconf 77' lang='grc' dir='ltr'>εὐειδῆ</span> <span class='ocrx_word' id='word_1_243' title='bbox 3657 1032 4014 1097; x_wconf 79' lang='grc' dir='ltr'>ἐπαγόμενος</span> 
     </span>
    </p>
   </div>
   <div class='ocr_carea' id='block_1_38' title="bbox 2420 1123 4009 1198">
    <p class='ocr_par' dir='ltr' id='par_1_38' title="bbox 2420 1123 4009 1198">
     <span class='ocr_line' id='line_1_38' title="bbox 2420 1123 4009 1198; baseline -0.003 -20"><span class='ocrx_word' id='word_1_244' title='bbox 2420 1126 2643 1198; x_wconf 70' lang='grc' dir='ltr'>περιῄει</span> <span class='ocrx_word' id='word_1_245' title='bbox 2695 1128 2795 1197; x_wconf 84' lang='grc' dir='ltr'>τὴν</span> <span class='ocrx_word' id='word_1_246' title='bbox 2842 1128 3031 1180; x_wconf 77' lang='grc' dir='ltr'>πόλινο</span> <span class='ocrx_word' id='word_1_247' title='bbox 3085 1126 3177 1181; x_wconf 74' lang='grc' dir='ltr'><strong>καί</strong></span> <span class='ocrx_word' id='word_1_248' title='bbox 3229 1144 3371 1189; x_wconf 86' lang='grc' dir='ltr'>τινες</span> <span class='ocrx_word' id='word_1_249' title='bbox 3400 1125 3510 1177; x_wconf 84' lang='grc' dir='ltr'><strong>τῶν</strong></span> <span class='ocrx_word' id='word_1_250' title='bbox 3538 1128 3635 1195; x_wconf 65' lang='grc' dir='ltr'>τῆς</span> <span class='ocrx_word' id='word_1_251' title='bbox 3676 1123 4009 1193; x_wconf 79' lang='grc' dir='ltr'>Ἐκκλησξας</span> 
     </span>
    </p>
   </div>
   <div class='ocr_carea' id='block_1_39' title="bbox 2420 1217 4014 1290">
    <p class='ocr_par' dir='ltr' id='par_1_39' title="bbox 2420 1217 4014 1290">
     <span class='ocr_line' id='line_1_39' title="bbox 2420 1217 4014 1290; baseline -0.003 -18"><span class='ocrx_word' id='word_1_252' title='bbox 2420 1221 2747 1290; x_wconf 84' lang='grc' dir='ltr'>θεασάμενοι</span> <span class='ocrx_word' id='word_1_253' title='bbox 2771 1219 2962 1273; x_wconf 80' lang='grc' dir='ltr'>τοῦτον</span> <span class='ocrx_word' id='word_1_254' title='bbox 2995 1221 3069 1284; x_wconf 85' lang='grc' dir='ltr'>ὼς</span> <span class='ocrx_word' id='word_1_255' title='bbox 3101 1219 3196 1273; x_wconf 68' lang='grc' dir='ltr'>ἐπὶ</span> <span class='ocrx_word' id='word_1_256' title='bbox 3237 1220 3521 1289; x_wconf 84' lang='grc' dir='ltr'>σκανδὰλῳ</span> <span class='ocrx_word' id='word_1_257' title='bbox 3552 1218 3713 1287; x_wconf 76' lang='grc' dir='ltr'>δῆθεν</span> <span class='ocrx_word' id='word_1_258' title='bbox 3741 1218 3857 1268; x_wconf 81' lang='grc' dir='ltr'><strong>τῶν</strong></span> <span class='ocrx_word' id='word_1_259' title='bbox 3882 1217 4014 1268; x_wconf 84' lang='grc' dir='ltr'>πολ-</span> 
     </span>
    </p>
   </div>
   <div class='ocr_carea' id='block_1_40' title="bbox 2418 1309 4007 1382">
    <p class='ocr_par' dir='ltr' id='par_1_40' title="bbox 2418 1309 4007 1382">
     <span class='ocr_line' id='line_1_40' title="bbox 2418 1309 4007 1382; baseline -0.002 -18"><span class='ocrx_word' id='word_1_260' title='bbox 2418 1312 2527 1365; x_wconf 93' lang='grc' dir='ltr'><strong>λῶν</strong></span> <span class='ocrx_word' id='word_1_261' title='bbox 2582 1312 2753 1382; x_wconf 81' lang='grc' dir='ltr'>αὐτὴν</span> <span class='ocrx_word' id='word_1_262' title='bbox 2813 1313 3169 1382; x_wconf 73' lang='grc' dir='ltr'><strong>περιάγοντα,</strong></span> <span class='ocrx_word' id='word_1_263' title='bbox 3210 1311 3555 1382; x_wconf 71' lang='grc' dir='ltr'><strong>εἰσηγοῦνται</strong></span> <span class='ocrx_word' id='word_1_264' title='bbox 3585 1312 3659 1381; x_wconf 79' lang='grc' dir='ltr'>τῷ</span> <span class='ocrx_word' id='word_1_265' title='bbox 3704 1309 3967 1379; x_wconf 62' lang='grc' dir='ltr'>μακαρἱτε)</span> <span class='ocrx_word' id='word_1_266' title='bbox 3995 1326 4007 1337; x_wconf 90' lang='grc'><strong>·</strong></span> 
     </span>
    </p>
   </div>
   <div class='ocr_carea' id='block_1_41' title="bbox 2420 1402 4013 1474">
    <p class='ocr_par' dir='ltr' id='par_1_41' title="bbox 2420 1402 4013 1474">
     <span class='ocr_line' id='line_1_41' title="bbox 2420 1402 4013 1474; baseline -0.005 -15"><span class='ocrx_word' id='word_1_267' title='bbox 2420 1405 2514 1459; x_wconf 82' lang='grc' dir='ltr'>καὶ</span> <span class='ocrx_word' id='word_1_268' title='bbox 2536 1404 2595 1467; x_wconf 81' lang='grc' dir='ltr'>ὃς</span> <span class='ocrx_word' id='word_1_269' title='bbox 2625 1407 2735 1464; x_wconf 76' lang='grc' dir='ltr'>τοῖς</span> <span class='ocrx_word' id='word_1_270' title='bbox 2765 1406 2992 1458; x_wconf 76' lang='grc' dir='ltr'><strong>ἐκείνων</strong></span> <span class='ocrx_word' id='word_1_271' title='bbox 3024 1404 3292 1474; x_wconf 73' lang='grc' dir='ltr'>ὑπαχθεὶς</span> <span class='ocrx_word' id='word_1_272' title='bbox 3320 1404 3519 1471; x_wconf 83' lang='grc' dir='ltr'>λόγοις,</span> <span class='ocrx_word' id='word_1_273' title='bbox 3555 1404 3649 1456; x_wconf 84' lang='grc' dir='ltr'>ἆτε</span> <span class='ocrx_word' id='word_1_274' title='bbox 3682 1406 3826 1457; x_wconf 69' lang='grc' dir='ltr'>κατά</span> <span class='ocrx_word' id='word_1_275' title='bbox 3847 1402 4013 1471; x_wconf 71' lang='grc' dir='ltr'>ζῆλον</span> 
     </span>
    </p>
   </div>
   <div class='ocr_carea' id='block_1_42' title="bbox 2422 1492 4011 1567">
    <p class='ocr_par' dir='ltr' id='par_1_42' title="bbox 2422 1492 4011 1567">
     <span class='ocr_line' id='line_1_42' title="bbox 2422 1492 4011 1567; baseline -0.005 -18"><span class='ocrx_word' id='word_1_276' title='bbox 2422 1497 2563 1550; x_wconf 82' lang='grc' dir='ltr'>θεῖον</span> <span class='ocrx_word' id='word_1_277' title='bbox 2616 1496 2821 1567; x_wconf 73' lang='grc' dir='ltr'>οἰηθεὶς</span> <span class='ocrx_word' id='word_1_278' title='bbox 2872 1497 3068 1558; x_wconf 76' lang='grc' dir='ltr'>αὐτοὺς</span> <span class='ocrx_word' id='word_1_279' title='bbox 3120 1496 3218 1565; x_wconf 85' lang='grc' dir='ltr'>τὴν</span> <span class='ocrx_word' id='word_1_280' title='bbox 3283 1495 3593 1565; x_wconf 80' lang='grc' dir='ltr'><strong>ὑπόμνησιν</strong></span> <span class='ocrx_word' id='word_1_281' title='bbox 3650 1492 4011 1559; x_wconf 75' lang='grc' dir='ltr'>πεποιῆσθαι,</span> 
     </span>
    </p>
   </div>
   <div class='ocr_carea' id='block_1_43' title="bbox 2420 1584 4099 1660">
    <p class='ocr_par' dir='ltr' id='par_1_43' title="bbox 2420 1584 4099 1660">
     <span class='ocr_line' id='line_1_43' title="bbox 2420 1584 4099 1660; baseline -0.002 -20"><span class='ocrx_word' id='word_1_282' title='bbox 2420 1589 2583 1642; x_wconf 82' lang='grc' dir='ltr'>αὐτόν</span> <span class='ocrx_word' id='word_1_283' title='bbox 2610 1605 2669 1641; x_wconf 89' lang='grc' dir='ltr'><strong>τε</strong></span> <span class='ocrx_word' id='word_1_284' title='bbox 2700 1589 2794 1641; x_wconf 69' lang='lat' dir='ltr'><strong>xui.</strong></span> <span class='ocrx_word' id='word_1_285' title='bbox 2823 1586 2922 1660; x_wconf 79' lang='grc' dir='ltr'><strong>τὴν</strong></span> <span class='ocrx_word' id='word_1_286' title='bbox 2949 1588 3120 1657; x_wconf 87' lang='grc' dir='ltr'><strong>κόρην</strong></span> <span class='ocrx_word' id='word_1_287' title='bbox 3166 1587 3379 1640; x_wconf 80' lang='grc' dir='ltr'><strong>κελεύει</strong></span> <span class='ocrx_word' id='word_1_288' title='bbox 3412 1587 3682 1655; x_wconf 77' lang='grc' dir='ltr'>τυφθῆναι</span> <span class='ocrx_word' id='word_1_289' title='bbox 3734 1584 4011 1655; x_wconf 69' lang='grc' dir='ltr'>σφοδρῶς,</span> <span class='ocrx_word' id='word_1_290' title='bbox 4094 1584 4099 1587; x_wconf 52' lang='grc'>⁷</span> 
     </span>
    </p>
   </div>
   <div class='ocr_carea' id='block_1_44' title="bbox 2422 1678 4014 1751">
    <p class='ocr_par' dir='ltr' id='par_1_44' title="bbox 2422 1678 4014 1751">
     <span class='ocr_line' id='line_1_44' title="bbox 2422 1678 4014 1751; baseline -0.003 -16"><span class='ocrx_word' id='word_1_291' title='bbox 2422 1678 2521 1735; x_wconf 76' lang='grc' dir='ltr'>εἷθ’</span> <span class='ocrx_word' id='word_1_292' title='bbox 2549 1680 2723 1744; x_wconf 75' lang='grc' dir='ltr'>οὕτως</span> <span class='ocrx_word' id='word_1_293' title='bbox 2775 1683 2833 1734; x_wconf 84' lang='grc' dir='ltr'><strong>ἐν</strong></span> <span class='ocrx_word' id='word_1_294' title='bbox 2864 1682 3133 1748; x_wconf 74' lang='grc' dir='ltr'><strong>φυλακαῖς</strong></span> <span class='ocrx_word' id='word_1_295' title='bbox 3171 1680 3555 1751; x_wconf 80' lang='grc' dir='ltr'>διαιρεθέντας</span> <span class='ocrx_word' id='word_1_296' title='bbox 3606 1678 4014 1746; x_wconf 80' lang='grc' dir='ltr'>κατακλεισθῆ-</span> 
     </span>
    </p>
   </div>
   <div class='ocr_carea' id='block_1_45' title="bbox 2423 1771 4015 1840">
    <p class='ocr_par' dir='ltr' id='par_1_45' title="bbox 2423 1771 4015 1840">
     <span class='ocr_line' id='line_1_45' title="bbox 2423 1771 4015 1840; baseline -0.002 -15"><span class='ocrx_word' id='word_1_297' title='bbox 2423 1791 2532 1827; x_wconf 87' lang='grc' dir='ltr'>ναι.</span> <span class='ocrx_word' id='word_1_298' title='bbox 2572 1774 2658 1836; x_wconf 84' lang='grc' dir='ltr'>Ὠς</span> <span class='ocrx_word' id='word_1_299' title='bbox 2679 1773 2735 1826; x_wconf 80' lang='grc' dir='ltr'>δὲ</span> <span class='ocrx_word' id='word_1_300' title='bbox 2760 1773 2950 1839; x_wconf 86' lang='grc' dir='ltr'>γέγονε</span> <span class='ocrx_word' id='word_1_301' title='bbox 2982 1775 3043 1827; x_wconf 81' lang='grc' dir='ltr'>τὸ</span> <span class='ocrx_word' id='word_1_302' title='bbox 3066 1773 3381 1838; x_wconf 74' lang='grc' dir='ltr'>κελευσθὲν,</span> <span class='ocrx_word' id='word_1_303' title='bbox 3413 1777 3507 1826; x_wconf 76' lang='grc' dir='ltr'>καὶ</span> <span class='ocrx_word' id='word_1_304' title='bbox 3536 1776 3589 1825; x_wconf 84' lang='grc' dir='ltr'><strong>αί</strong></span> <span class='ocrx_word' id='word_1_305' title='bbox 3618 1773 3863 1840; x_wconf 68' lang='grc' dir='ltr'>φυλακαὶ</span> <span class='ocrx_word' id='word_1_306' title='bbox 3893 1771 4015 1823; x_wconf 65' lang='grc' dir='ltr'>τούι</span> 
     </span>
    </p>
   </div>
   <div class='ocr_carea' id='block_1_46' title="bbox 2428 1866 4015 1938">
    <p class='ocr_par' dir='ltr' id='par_1_46' title="bbox 2428 1866 4015 1938">
     <span class='ocr_line' id='line_1_46' title="bbox 2428 1866 4015 1938; baseline -0.003 -19"><span class='ocrx_word' id='word_1_307' title='bbox 2428 1884 2551 1925; x_wconf 78' lang='grc' dir='ltr'>τους</span> <span class='ocrx_word' id='word_1_308' title='bbox 2589 1867 2917 1937; x_wconf 77' lang='grc' dir='ltr'>ἐλάμϐανον,</span> <span class='ocrx_word' id='word_1_309' title='bbox 2949 1866 3048 1932; x_wconf 80' lang='grc' dir='ltr'>νύξ</span> <span class='ocrx_word' id='word_1_310' title='bbox 3078 1885 3139 1920; x_wconf 87' lang='grc' dir='ltr'><strong>τε</strong></span> <span class='ocrx_word' id='word_1_311' title='bbox 3161 1869 3262 1937; x_wconf 71' lang='grc' dir='ltr'>ήδη</span> <span class='ocrx_word' id='word_1_312' title='bbox 3303 1867 3508 1938; x_wconf 79' lang='grc' dir='ltr'>παρῆν,</span> <span class='ocrx_word' id='word_1_313' title='bbox 3543 1866 3675 1937; x_wconf 90' lang='grc' dir='ltr'>δναρ</span> <span class='ocrx_word' id='word_1_314' title='bbox 3704 1866 3778 1934; x_wconf 86' lang='grc' dir='ltr'>τῷ</span> <span class='ocrx_word' id='word_1_315' title='bbox 3820 1882 4015 1934; x_wconf 73' lang='grc' dir='ltr'>πατρι-</span> 
     </span>
    </p>
   </div>
   <div class='ocr_carea' id='block_1_47' title="bbox 2423 1957 4014 2031">
    <p class='ocr_par' dir='ltr' id='par_1_47' title="bbox 2423 1957 4014 2031">
     <span class='ocr_line' id='line_1_47' title="bbox 2423 1957 4014 2031; baseline -0.004 -18"><span class='ocrx_word' id='word_1_316' title='bbox 2423 1962 2568 2031; x_wconf 80' lang='grc' dir='ltr'>άρχῃ</span> <span class='ocrx_word' id='word_1_317' title='bbox 2616 1962 2644 2013; x_wconf 87' lang='grc' dir='ltr'><strong>ό</strong></span> <span class='ocrx_word' id='word_1_318' title='bbox 2688 1961 2920 2031; x_wconf 73' lang='grc' dir='ltr'>μοναχδς</span> <span class='ocrx_word' id='word_1_319' title='bbox 2969 1960 3254 2029; x_wconf 80' lang='grc' dir='ltr'>ἐφίσταται</span> <span class='ocrx_word' id='word_1_320' title='bbox 3309 1961 3402 2012; x_wconf 84' lang='grc' dir='ltr'>τὸν</span> <span class='ocrx_word' id='word_1_321' title='bbox 3436 1959 3604 2011; x_wconf 86' lang='grc' dir='ltr'>νῶτον</span> <span class='ocrx_word' id='word_1_322' title='bbox 3640 1957 4014 2010; x_wconf 59' lang='grc' dir='ltr'>ὑποδεικνύων</span> 
     </span>
    </p>
   </div>
   <div class='ocr_carea' id='block_1_48' title="bbox 2425 2051 4015 2125">
    <p class='ocr_par' dir='ltr' id='par_1_48' title="bbox 2425 2051 4015 2125">
     <span class='ocr_line' id='line_1_48' title="bbox 2425 2051 4015 2125; baseline -0.004 -18"><span class='ocrx_word' id='word_1_323' title='bbox 2425 2054 2878 2123; x_wconf 81' lang='grc' dir='ltr'>κατεστιγμένον,</span> <span class='ocrx_word' id='word_1_324' title='bbox 2937 2055 3113 2121; x_wconf 85' lang='grc' dir='ltr'>λέγων</span> <span class='ocrx_word' id='word_1_325' title='bbox 3146 2070 3205 2106; x_wconf 82' lang='grc' dir='ltr'><strong>τε</strong></span> <span class='ocrx_word' id='word_1_326' title='bbox 3259 2054 3394 2125; x_wconf 78' lang='grc' dir='ltr'>πρὸς</span> <span class='ocrx_word' id='word_1_327' title='bbox 3431 2053 3593 2105; x_wconf 84' lang='grc' dir='ltr'>αὑτὸν</span> <span class='ocrx_word' id='word_1_328' title='bbox 3635 2051 3827 2114; x_wconf 77' lang='grc' dir='ltr'>ἁπλῶς</span> <span class='ocrx_word' id='word_1_329' title='bbox 3871 2051 4015 2103; x_wconf 77' lang='grc' dir='ltr'>οὕτω</span> 
     </span>
    </p>
   </div>
   <div class='ocr_carea' id='block_1_49' title="bbox 2424 2142 4015 2213">
    <p class='ocr_par' dir='ltr' id='par_1_49' title="bbox 2424 2142 4015 2213">
     <span class='ocr_line' id='line_1_49' title="bbox 2424 2142 4015 2213; baseline -0.003 -15"><span class='ocrx_word' id='word_1_330' title='bbox 2424 2146 2518 2198; x_wconf 73' lang='grc' dir='ltr'>καὶ</span> <span class='ocrx_word' id='word_1_331' title='bbox 2556 2144 2787 2213; x_wconf 75' lang='grc' dir='ltr'>ἀφελῶςο</span> <span class='ocrx_word' id='word_1_332' title='bbox 2819 2143 2963 2195; x_wconf 87' lang='grc' dir='ltr'>Τίδέ</span> <span class='ocrx_word' id='word_1_333' title='bbox 3014 2144 3239 2213; x_wconf 79' lang='grc' dir='ltr'>ἀρέσκει</span> <span class='ocrx_word' id='word_1_334' title='bbox 3268 2161 3349 2197; x_wconf 91' lang='grc' dir='ltr'><strong>σοι</strong></span> <span class='ocrx_word' id='word_1_335' title='bbox 3389 2142 3583 2208; x_wconf 83' lang='grc' dir='ltr'>ταῦτα,</span> <span class='ocrx_word' id='word_1_336' title='bbox 3611 2143 3892 2207; x_wconf 72' lang='grc' dir='ltr'>δέσποτας</span> <span class='ocrx_word' id='word_1_337' title='bbox 3922 2144 4015 2194; x_wconf 56' lang='grc' dir='ltr'><strong>Περ</strong></span> 
     </span>
    </p>
   </div>
   <div class='ocr_carea' id='block_1_50' title="bbox 2428 2236 4015 2309">
    <p class='ocr_par' dir='ltr' id='par_1_50' title="bbox 2428 2236 4015 2309">
     <span class='ocr_line' id='line_1_50' title="bbox 2428 2236 4015 2309; baseline -0.001 -20"><span class='ocrx_word' id='word_1_338' title='bbox 2428 2254 2678 2302; x_wconf 86' lang='grc' dir='ltr'>οτευσον,</span> <span class='ocrx_word' id='word_1_339' title='bbox 2710 2237 2917 2306; x_wconf 86' lang='grc' dir='ltr'>ταύτην</span> <span class='ocrx_word' id='word_1_340' title='bbox 2939 2237 3069 2305; x_wconf 80' lang='grc' dir='ltr'>γοῦν</span> <span class='ocrx_word' id='word_1_341' title='bbox 3087 2236 3188 2308; x_wconf 78' lang='grc' dir='ltr'>τὴν</span> <span class='ocrx_word' id='word_1_342' title='bbox 3223 2236 3355 2309; x_wconf 86' lang='grc' dir='ltr'>μίαν</span> <span class='ocrx_word' id='word_1_343' title='bbox 3381 2238 3661 2308; x_wconf 74' lang='grc' dir='ltr'>ἠπάτησαι</span> <span class='ocrx_word' id='word_1_344' title='bbox 3714 2237 3812 2290; x_wconf 79' lang='grc' dir='ltr'>καὶ</span> <span class='ocrx_word' id='word_1_345' title='bbox 3855 2236 4015 2297; x_wconf 69' lang='grc' dir='ltr'>αὐτὸς</span> 
     </span>
    </p>
   </div>
   <div class='ocr_carea' id='block_1_51' title="bbox 2424 2328 2844 2399">
    <p class='ocr_par' dir='ltr' id='par_1_51' title="bbox 2424 2328 2844 2399">
     <span class='ocr_line' id='line_1_51' title="bbox 2424 2328 2844 2399; baseline 0.007 -18"><span class='ocrx_word' id='word_1_346' title='bbox 2424 2328 2498 2393; x_wconf 84' lang='grc' dir='ltr'>ὡς</span> <span class='ocrx_word' id='word_1_347' title='bbox 2535 2331 2630 2383; x_wconf 85' lang='grc' dir='ltr'>ἄνθ</span> <span class='ocrx_word' id='word_1_348' title='bbox 2641 2346 2844 2399; x_wconf 83' lang='grc' dir='ltr'>ρωπος.</span> 
     </span>
    </p>
   </div>
   <div class='ocr_carea' id='block_1_52' title="bbox 2496 2420 4019 2494">
    <p class='ocr_par' dir='ltr' id='par_1_52' title="bbox 2496 2420 4019 2494">
     <span class='ocr_line' id='line_1_52' title="bbox 2496 2420 4019 2494; baseline 0 -21"><span class='ocrx_word' id='word_1_349' title='bbox 2496 2422 2648 2488; x_wconf 70' lang='grc' dir='ltr'><strong>Μζῖν.</strong></span> <span class='ocrx_word' id='word_1_350' title='bbox 2689 2420 2928 2485; x_wconf 77' lang='grc' dir='ltr'>Ἀνεθεὶς</span> <span class='ocrx_word' id='word_1_351' title='bbox 2951 2421 3008 2473; x_wconf 77' lang='grc' dir='ltr'>δὲ</span> <span class='ocrx_word' id='word_1_352' title='bbox 3039 2420 3135 2475; x_wconf 83' lang='grc' dir='ltr'>τοῦ</span> <span class='ocrx_word' id='word_1_353' title='bbox 3167 2421 3337 2476; x_wconf 76' lang='grc' dir='ltr'>ὕπνου</span> <span class='ocrx_word' id='word_1_354' title='bbox 3359 2422 3779 2494; x_wconf 68' lang='grc' dir='ltr'><strong>μεταστέλλεται</strong></span> <span class='ocrx_word' id='word_1_355' title='bbox 3835 2437 4019 2492; x_wconf 72' lang='grc' dir='ltr'>παρα·</span> 
     </span>
    </p>
   </div>
   <div class='ocr_carea' id='block_1_53' title="bbox 2426 2514 4015 2587">
    <p class='ocr_par' dir='ltr' id='par_1_53' title="bbox 2426 2514 4015 2587">
     <span class='ocr_line' id='line_1_53' title="bbox 2426 2514 4015 2587; baseline -0.001 -20"><span class='ocrx_word' id='word_1_356' title='bbox 2426 2515 2615 2585; x_wconf 87' lang='grc' dir='ltr'>χρῆμα</span> <span class='ocrx_word' id='word_1_357' title='bbox 2637 2514 2730 2567; x_wconf 81' lang='grc' dir='ltr'>τὸν</span> <span class='ocrx_word' id='word_1_358' title='bbox 2762 2515 3017 2583; x_wconf 67' lang='grc' dir='ltr'>μοναχὸν,</span> <span class='ocrx_word' id='word_1_359' title='bbox 3040 2514 3252 2581; x_wconf 81' lang='grc' dir='ltr'>ἐξάγων</span> <span class='ocrx_word' id='word_1_360' title='bbox 3292 2517 3401 2570; x_wconf 81' lang='grc' dir='ltr'><strong>ἀπὸ</strong></span> <span class='ocrx_word' id='word_1_361' title='bbox 3425 2520 3523 2587; x_wconf 76' lang='grc' dir='ltr'>τῆς</span> <span class='ocrx_word' id='word_1_362' title='bbox 3569 2515 3821 2585; x_wconf 79' lang='grc' dir='ltr'>φυλακῆς</span> <span class='ocrx_word' id='word_1_363' title='bbox 3865 2515 4015 2585; x_wconf 75' lang='grc' dir='ltr'>μόλις</span> 
     </span>
    </p>
   </div>
   <div class='ocr_carea' id='block_1_54' title="bbox 2432 2606 4016 2679">
    <p class='ocr_par' dir='ltr' id='par_1_54' title="bbox 2432 2606 4016 2679">
     <span class='ocr_line' id='line_1_54' title="bbox 2432 2606 4016 2679; baseline -0.002 -19"><span class='ocrx_word' id='word_1_364' title='bbox 2432 2606 2671 2679; x_wconf 76' lang='grc' dir='ltr'><strong>βαδίζειν</strong></span> <span class='ocrx_word' id='word_1_365' title='bbox 2702 2607 3002 2673; x_wconf 79' lang='grc' dir='ltr'>δυνάμενον</span> <span class='ocrx_word' id='word_1_366' title='bbox 3037 2608 3142 2660; x_wconf 81' lang='grc' dir='ltr'><strong>ὑπὸ</strong></span> <span class='ocrx_word' id='word_1_367' title='bbox 3163 2607 3272 2661; x_wconf 89' lang='grc' dir='ltr'><strong>τῶν</strong></span> <span class='ocrx_word' id='word_1_368' title='bbox 3305 2609 3531 2678; x_wconf 79' lang='grc' dir='ltr'>πληγῶν</span> <span class='ocrx_word' id='word_1_369' title='bbox 3550 2625 3564 2639; x_wconf 74' lang='grc' dir='ltr'><strong>ο</strong></span> <span class='ocrx_word' id='word_1_370' title='bbox 3597 2606 3716 2660; x_wconf 82' lang='grc' dir='ltr'>εἶτα</span> <span class='ocrx_word' id='word_1_371' title='bbox 3736 2606 4016 2659; x_wconf 69' lang='grc' dir='ltr'>ἐπιὸαλὼν</span> 
     </span>
    </p>
   </div>
   <div class='ocr_carea' id='block_1_55' title="bbox 2431 2696 4016 2769">
    <p class='ocr_par' dir='ltr' id='par_1_55' title="bbox 2431 2696 4016 2769">
     <span class='ocr_line' id='line_1_55' title="bbox 2431 2696 4016 2769; baseline -0.003 -15"><span class='ocrx_word' id='word_1_372' title='bbox 2431 2700 2595 2754; x_wconf 69' lang='grc' dir='ltr'>αὑτοῦ</span> <span class='ocrx_word' id='word_1_373' title='bbox 2628 2702 2695 2769; x_wconf 81' lang='grc' dir='ltr'>τῇ</span> <span class='ocrx_word' id='word_1_374' title='bbox 2719 2699 2839 2767; x_wconf 74' lang='grc' dir='ltr'>δψει</span> <span class='ocrx_word' id='word_1_375' title='bbox 2864 2701 2989 2763; x_wconf 81' lang='grc' dir='ltr'>τοὺς</span> <span class='ocrx_word' id='word_1_376' title='bbox 3037 2701 3374 2769; x_wconf 79' lang='grc' dir='ltr'>ὀφθαλμοὺς,</span> <span class='ocrx_word' id='word_1_377' title='bbox 3408 2702 3623 2768; x_wconf 73' lang='grc' dir='ltr'>ἐπέγνω</span> <span class='ocrx_word' id='word_1_378' title='bbox 3653 2700 3850 2757; x_wconf 79' lang='grc' dir='ltr'>τοῦτον</span> <span class='ocrx_word' id='word_1_379' title='bbox 3877 2696 4016 2753; x_wconf 83' lang='grc' dir='ltr'>εἶναι</span> 
     </span>
    </p>
   </div>
   <div class='ocr_carea' id='block_1_56' title="bbox 2429 2791 4023 2863">
    <p class='ocr_par' dir='ltr' id='par_1_56' title="bbox 2429 2791 4023 2863">
     <span class='ocr_line' id='line_1_56' title="bbox 2429 2791 4023 2863; baseline 0 -18"><span class='ocrx_word' id='word_1_380' title='bbox 2429 2794 2521 2845; x_wconf 88' lang='grc' dir='ltr'>τὸν</span> <span class='ocrx_word' id='word_1_381' title='bbox 2545 2792 2831 2845; x_wconf 80' lang='grc' dir='ltr'>θεαθέντα·</span> <span class='ocrx_word' id='word_1_382' title='bbox 2870 2791 3191 2862; x_wconf 85' lang='grc' dir='ltr'>βουλόμενός</span> <span class='ocrx_word' id='word_1_383' title='bbox 3215 2812 3273 2847; x_wconf 88' lang='grc' dir='ltr'><strong>τε</strong></span> <span class='ocrx_word' id='word_1_384' title='bbox 3304 2794 3520 2863; x_wconf 80' lang='grc' dir='ltr'>μαθεῖν,</span> <span class='ocrx_word' id='word_1_385' title='bbox 3544 2796 3593 2848; x_wconf 80' lang='grc' dir='ltr'><strong>εί</strong></span> <span class='ocrx_word' id='word_1_386' title='bbox 3622 2799 3716 2847; x_wconf 84' lang='grc' dir='ltr'><strong>καί</strong></span> <span class='ocrx_word' id='word_1_387' title='bbox 3746 2794 4023 2855; x_wconf 75' lang='grc' dir='ltr'>τοσαύτας</span> 
     </span>
    </p>
   </div>
   <div class='ocr_carea' id='block_1_57' title="bbox 2433 2886 4022 2957">
    <p class='ocr_par' dir='ltr' id='par_1_57' title="bbox 2433 2886 4022 2957">
     <span class='ocr_line' id='line_1_57' title="bbox 2433 2886 4022 2957; baseline -0.001 -20"><span class='ocrx_word' id='word_1_388' title='bbox 2433 2886 2588 2954; x_wconf 79' lang='grc' dir='ltr'>φέροι</span> <span class='ocrx_word' id='word_1_389' title='bbox 2620 2886 2861 2955; x_wconf 77' lang='grc' dir='ltr'>πληγὰς,</span> <span class='ocrx_word' id='word_1_390' title='bbox 2893 2888 3025 2949; x_wconf 83' lang='grc' dir='ltr'>ὅσας</span> <span class='ocrx_word' id='word_1_391' title='bbox 3050 2887 3115 2957; x_wconf 83' lang='grc' dir='ltr'><strong>δὴ</strong></span> <span class='ocrx_word' id='word_1_392' title='bbox 3164 2887 3258 2940; x_wconf 76' lang='grc' dir='ltr'>καὶ</span> <span class='ocrx_word' id='word_1_393' title='bbox 3293 2888 3436 2940; x_wconf 82' lang='grc' dir='ltr'>κατὰ</span> <span class='ocrx_word' id='word_1_394' title='bbox 3462 2891 3588 2950; x_wconf 67' lang='grc' dir='ltr'>τοὺς</span> <span class='ocrx_word' id='word_1_395' title='bbox 3626 2888 3832 2945; x_wconf 59' lang='lat' dir='ltr'><strong>tamen;</strong></span> <span class='ocrx_word' id='word_1_396' title='bbox 3882 2888 4022 2955; x_wconf 69' lang='grc' dir='ltr'>ἔχων</span> 
     </span>
    </p>
   </div>
   <div class='ocr_carea' id='block_1_58' title="bbox 2432 2978 4027 3051">
    <p class='ocr_par' dir='ltr' id='par_1_58' title="bbox 2432 2978 4027 3051">
     <span class='ocr_line' id='line_1_58' title="bbox 2432 2978 4027 3051; baseline 0.001 -21"><span class='ocrx_word' id='word_1_397' title='bbox 2432 2981 2628 3050; x_wconf 80' lang='grc' dir='ltr'>ἐφάνη,</span> <span class='ocrx_word' id='word_1_398' title='bbox 2664 2978 2879 3031; x_wconf 80' lang='grc' dir='ltr'>κελεύει</span> <span class='ocrx_word' id='word_1_399' title='bbox 2901 2978 3091 3050; x_wconf 80' lang='grc' dir='ltr'>λεντίῳ</span> <span class='ocrx_word' id='word_1_400' title='bbox 3123 2980 3531 3051; x_wconf 66' lang='grc' dir='ltr'>διαζωεάμενον</span> <span class='ocrx_word' id='word_1_401' title='bbox 3565 2981 3656 3033; x_wconf 77' lang='grc' dir='ltr'>τὸν</span> <span class='ocrx_word' id='word_1_402' title='bbox 3681 2981 3857 3032; x_wconf 73' lang='grc' dir='ltr'>νῶτον</span> <span class='ocrx_word' id='word_1_403' title='bbox 3888 2984 4027 3032; x_wconf 81' lang='grc' dir='ltr'>ὑπο-</span> 
     </span>
    </p>
   </div>
   <div class='ocr_carea' id='block_1_59' title="bbox 2432 3070 4025 3143">
    <p class='ocr_par' dir='ltr' id='par_1_59' title="bbox 2432 3070 4025 3143">
     <span class='ocr_line' id='line_1_59' title="bbox 2432 3070 4025 3143; baseline 0.003 -23"><span class='ocrx_word' id='word_1_404' title='bbox 2432 3070 2741 3139; x_wconf 87' lang='grc' dir='ltr'>γυμνῶσαι.</span> <span class='ocrx_word' id='word_1_405' title='bbox 2779 3070 3065 3140; x_wconf 82' lang='grc' dir='ltr'>Κρείττονι</span> <span class='ocrx_word' id='word_1_406' title='bbox 3120 3071 3175 3125; x_wconf 85' lang='grc' dir='ltr'><strong>δέ</strong></span> <span class='ocrx_word' id='word_1_407' title='bbox 3204 3074 3346 3141; x_wconf 84' lang='grc' dir='ltr'>τάχα</span> <span class='ocrx_word' id='word_1_408' title='bbox 3401 3073 3627 3143; x_wconf 72' lang='grc' dir='ltr'>προνοίᾳ</span> <span class='ocrx_word' id='word_1_409' title='bbox 3678 3071 3775 3124; x_wconf 75' lang='grc' dir='ltr'>τοῦ</span> <span class='ocrx_word' id='word_1_410' title='bbox 3810 3072 4025 3124; x_wconf 78' lang='grc' dir='ltr'>λεντίου</span> 
     </span>
    </p>
   </div>
   <div class='ocr_carea' id='block_1_60' title="bbox 2435 3161 4029 3236">
    <p class='ocr_par' dir='ltr' id='par_1_60' title="bbox 2435 3161 4029 3236">
     <span class='ocr_line' id='line_1_60' title="bbox 2435 3161 4029 3236; baseline 0.001 -22"><span class='ocrx_word' id='word_1_411' title='bbox 2435 3161 2775 3225; x_wconf 80' lang='grc' dir='ltr'>διαλυθέντος</span> <span class='ocrx_word' id='word_1_412' title='bbox 2801 3162 3145 3233; x_wconf 76' lang='grc' dir='ltr'>ἐξεκαλύφθη</span> <span class='ocrx_word' id='word_1_413' title='bbox 3179 3165 3247 3216; x_wconf 82' lang='grc' dir='ltr'><strong>τά</strong></span> <span class='ocrx_word' id='word_1_414' title='bbox 3276 3166 3639 3236; x_wconf 78' lang='grc' dir='ltr'>κεκρυμμένα</span> <span class='ocrx_word' id='word_1_415' title='bbox 3678 3164 3876 3234; x_wconf 88' lang='grc' dir='ltr'>μόρια,</span> <span class='ocrx_word' id='word_1_416' title='bbox 3933 3167 4029 3216; x_wconf 78' lang='grc' dir='ltr'>καὶ</span> 
     </span>
    </p>
   </div>
   <div class='ocr_carea' id='block_1_61' title="bbox 748 3252 2331 3338">
    <p class='ocr_par' dir='ltr' id='par_1_61' title="bbox 748 3255 2324 3332">
     <span class='ocr_line' id='line_1_61' title="bbox 748 3255 2324 3332; baseline -0.006 -14"><span class='ocrx_word' id='word_1_417' title='bbox 748 3265 953 3318; x_wconf 75' lang='lat' dir='ltr'><strong>nachus</strong></span> <span class='ocrx_word' id='word_1_418' title='bbox 996 3260 1388 3332; x_wconf 72' lang='lat' dir='ltr'><strong>propemodum</strong></span> <span class='ocrx_word' id='word_1_419' title='bbox 1429 3270 1684 3313; x_wconf 78' lang='lat' dir='ltr'><strong>exsectus</strong></span> <span class='ocrx_word' id='word_1_420' title='bbox 1715 3268 1768 3311; x_wconf 89' lang='lat' dir='ltr'><strong>et</strong></span> <span class='ocrx_word' id='word_1_421' title='bbox 1810 3272 2034 3310; x_wconf 85' lang='lat' dir='ltr'><strong>manens</strong></span> <span class='ocrx_word' id='word_1_422' title='bbox 2060 3255 2324 3316; x_wconf 88' lang='lat' dir='ltr'><strong>virilibus,</strong></span> 
     </span>
    </p>
   </div>
   <div class='ocr_carea' id='block_1_62' title="bbox 2437 3252 4027 3338">
    <p class='ocr_par' dir='ltr' id='par_1_62' title="bbox 2437 3252 4027 3325">
     <span class='ocr_line' id='line_1_62' title="bbox 2437 3252 4027 3325; baseline 0.003 -20"><span class='ocrx_word' id='word_1_423' title='bbox 2437 3252 2617 3324; x_wconf 82' lang='grc' dir='ltr'>ὼρᾶτο</span> <span class='ocrx_word' id='word_1_424' title='bbox 2649 3256 2676 3306; x_wconf 85' lang='grc' dir='ltr'><strong>δ</strong></span> <span class='ocrx_word' id='word_1_425' title='bbox 2709 3256 2940 3324; x_wconf 78' lang='grc' dir='ltr'>μοναχὸς</span> <span class='ocrx_word' id='word_1_426' title='bbox 2963 3256 3240 3319; x_wconf 71' lang='grc' dir='ltr'>ἁπόκοπος</span> <span class='ocrx_word' id='word_1_427' title='bbox 3276 3256 3455 3324; x_wconf 75' lang='grc' dir='ltr'>ὀλίγον</span> <span class='ocrx_word' id='word_1_428' title='bbox 3493 3257 3586 3308; x_wconf 80' lang='grc' dir='ltr'>καὶ</span> <span class='ocrx_word' id='word_1_429' title='bbox 3619 3259 3719 3325; x_wconf 84' lang='grc' dir='ltr'>τὴν</span> <span class='ocrx_word' id='word_1_430' title='bbox 3759 3258 3900 3309; x_wconf 77' lang='grc' dir='ltr'>αἰόὼ</span> <span class='ocrx_word' id='word_1_431' title='bbox 3933 3276 4027 3309; x_wconf 63' lang='grc' dir='ltr'>πει</span> 
     </span>
    </p>
   </div>
   <div class='ocr_carea' id='block_1_63' title="bbox 748 3344 2330 3423">
    <p class='ocr_par' dir='ltr' id='par_1_63' title="bbox 748 3344 2330 3423">
     <span class='ocr_line' id='line_1_63' title="bbox 748 3344 2330 3423; baseline -0.011 -13"><span class='ocrx_word' id='word_1_432' title='bbox 748 3358 956 3410; x_wconf 87' lang='lat' dir='ltr'><strong>etiamsi</strong></span> <span class='ocrx_word' id='word_1_433' title='bbox 994 3362 1212 3423; x_wconf 83' lang='lat' dir='ltr'><strong>propter</strong></span> <span class='ocrx_word' id='word_1_434' title='bbox 1242 3350 1426 3404; x_wconf 84' lang='lat' dir='ltr'><strong>liorem</strong></span> <span class='ocrx_word' id='word_1_435' title='bbox 1461 3352 1638 3403; x_wconf 74' lang='lat' dir='ltr'><strong>relatis</strong></span> <span class='ocrx_word' id='word_1_436' title='bbox 1673 3364 1776 3402; x_wconf 90' lang='lat' dir='ltr'><strong>nou</strong></span> <span class='ocrx_word' id='word_1_437' title='bbox 1814 3346 2005 3400; x_wconf 80' lang='lat' dir='ltr'><strong>fuisset</strong></span> <span class='ocrx_word' id='word_1_438' title='bbox 2038 3345 2188 3412; x_wconf 85' lang='lat' dir='ltr'><strong>prius</strong></span> <span class='ocrx_word' id='word_1_439' title='bbox 2230 3344 2330 3395; x_wconf 85' lang='lat' dir='ltr'><strong>iiu-</strong></span> 
     </span>
    </p>
   </div>
   <div class='ocr_carea' id='block_1_64' title="bbox 751 3437 2333 3512">
    <p class='ocr_par' dir='ltr' id='par_1_64' title="bbox 751 3437 2333 3512">
     <span class='ocr_line' id='line_1_64' title="bbox 751 3437 2333 3512; baseline -0.008 -13"><span class='ocrx_word' id='word_1_440' title='bbox 751 3448 928 3499; x_wconf 88' lang='lat' dir='ltr'><strong>uumis</strong></span> <span class='ocrx_word' id='word_1_441' title='bbox 960 3462 988 3498; x_wconf 86' lang='lat' dir='ltr'><strong>a</strong></span> <span class='ocrx_word' id='word_1_442' title='bbox 1026 3445 1359 3512; x_wconf 77' lang='lat' dir='ltr'><strong>suspicione.</strong></span> <span class='ocrx_word' id='word_1_443' title='bbox 1387 3440 1582 3495; x_wconf 85' lang='lat' dir='ltr'><strong>Statim</strong></span> <span class='ocrx_word' id='word_1_444' title='bbox 1614 3457 1745 3511; x_wconf 76' lang='lat' dir='ltr'><strong>ergo</strong></span> <span class='ocrx_word' id='word_1_445' title='bbox 1774 3454 1867 3493; x_wconf 87' lang='lat' dir='ltr'><strong>eos</strong></span> <span class='ocrx_word' id='word_1_446' title='bbox 1898 3440 1988 3508; x_wconf 88' lang='lat' dir='ltr'><strong>qui</strong></span> <span class='ocrx_word' id='word_1_447' title='bbox 2020 3438 2140 3491; x_wconf 89' lang='lat' dir='ltr'><strong>illos</strong></span> <span class='ocrx_word' id='word_1_448' title='bbox 2174 3437 2333 3491; x_wconf 90' lang='lat' dir='ltr'><strong>dctu-</strong></span> 
     </span>
    </p>
   </div>
   <div class='ocr_carea' id='block_1_65' title="bbox 750 3537 2331 3605">
    <p class='ocr_par' dir='ltr' id='par_1_65' title="bbox 750 3537 2331 3605">
     <span class='ocr_line' id='line_1_65' title="bbox 750 3537 2331 3605; baseline -0.008 -13"><span class='ocrx_word' id='word_1_449' title='bbox 750 3541 946 3601; x_wconf 80' lang='lat' dir='ltr'><strong>leraut,</strong></span> <span class='ocrx_word' id='word_1_450' title='bbox 971 3554 999 3592; x_wconf 88' lang='lat' dir='ltr'><strong>a</strong></span> <span class='ocrx_word' id='word_1_451' title='bbox 1037 3538 1149 3591; x_wconf 90' lang='lat' dir='ltr'><strong>suis</strong></span> <span class='ocrx_word' id='word_1_452' title='bbox 1179 3537 1432 3605; x_wconf 79' lang='lat' dir='ltr'><strong>gradibus</strong></span> <span class='ocrx_word' id='word_1_453' title='bbox 1469 3537 1807 3597; x_wconf 82' lang='lat' dir='ltr'><strong>deturbatos,</strong></span> <span class='ocrx_word' id='word_1_454' title='bbox 1843 3544 1952 3586; x_wconf 89' lang='lat' dir='ltr'><strong>tres</strong></span> <span class='ocrx_word' id='word_1_455' title='bbox 1981 3546 2155 3585; x_wconf 84' lang='lat' dir='ltr'><strong>annos</strong></span> <span class='ocrx_word' id='word_1_456' title='bbox 2183 3539 2331 3583; x_wconf 89' lang='lat' dir='ltr'><strong>arcet</strong></span> 
     </span>
    </p>
   </div>
   <div class='ocr_carea' id='block_1_66' title="bbox 751 3628 2330 3693">
    <p class='ocr_par' dir='ltr' id='par_1_66' title="bbox 751 3628 2330 3693">
     <span class='ocr_line' id='line_1_66' title="bbox 751 3628 2330 3693; baseline -0.009 -5"><span class='ocrx_word' id='word_1_457' title='bbox 751 3652 781 3687; x_wconf 76' lang='grc' dir='ltr'><strong>ιι</strong></span> <span class='ocrx_word' id='word_1_458' title='bbox 821 3633 1225 3688; x_wconf 83' lang='lat' dir='ltr'><strong>coouuuniouc.</strong></span> <span class='ocrx_word' id='word_1_459' title='bbox 1262 3628 1358 3683; x_wconf 86' lang='lat' dir='ltr'><strong>Pio</strong></span> <span class='ocrx_word' id='word_1_460' title='bbox 1390 3643 1517 3682; x_wconf 88' lang='lat' dir='ltr'><strong>vero</strong></span> <span class='ocrx_word' id='word_1_461' title='bbox 1547 3629 1816 3680; x_wconf 87' lang='lat' dir='ltr'><strong>monacho</strong></span> <span class='ocrx_word' id='word_1_462' title='bbox 1856 3640 1934 3691; x_wconf 89' lang='lat' dir='ltr'><strong>se,</strong></span> <span class='ocrx_word' id='word_1_463' title='bbox 1972 3634 2028 3677; x_wconf 92' lang='lat' dir='ltr'><strong>ut</strong></span> <span class='ocrx_word' id='word_1_464' title='bbox 2062 3639 2158 3693; x_wconf 86' lang='lat' dir='ltr'><strong>par</strong></span> <span class='ocrx_word' id='word_1_465' title='bbox 2192 3632 2330 3685; x_wconf 84' lang='lat' dir='ltr'><strong>erat,</strong></span> 
     </span>
    </p>
   </div>
   <div class='ocr_carea' id='block_1_67' title="bbox 753 3719 2334 3794">
    <p class='ocr_par' dir='ltr' id='par_1_67' title="bbox 753 3719 2334 3794">
     <span class='ocr_line' id='line_1_67' title="bbox 753 3719 2334 3794; baseline -0.008 -11"><span class='ocrx_word' id='word_1_466' title='bbox 753 3728 1053 3793; x_wconf 79' lang='lat' dir='ltr'><strong>excusavit,</strong></span> <span class='ocrx_word' id='word_1_467' title='bbox 1085 3735 1137 3781; x_wconf 90' lang='lat' dir='ltr'><strong>et</strong></span> <span class='ocrx_word' id='word_1_468' title='bbox 1169 3723 1377 3794; x_wconf 77' lang='lat' dir='ltr'><strong>rogavit</strong></span> <span class='ocrx_word' id='word_1_469' title='bbox 1409 3734 1465 3777; x_wconf 92' lang='lat' dir='ltr'><strong>ut</strong></span> <span class='ocrx_word' id='word_1_470' title='bbox 1494 3725 1541 3777; x_wconf 90' lang='lat' dir='ltr'><strong>ei</strong></span> <span class='ocrx_word' id='word_1_471' title='bbox 1575 3724 1908 3776; x_wconf 89' lang='lat' dir='ltr'><strong>condonaret</strong></span> <span class='ocrx_word' id='word_1_472' title='bbox 1938 3729 2217 3788; x_wconf 84' lang='lat' dir='ltr'><strong>peccatum</strong></span> <span class='ocrx_word' id='word_1_473' title='bbox 2240 3719 2334 3771; x_wconf 87' lang='lat' dir='ltr'><strong>ad-</strong></span> 
     </span>
    </p>
   </div>
   <div class='ocr_carea' id='block_1_68' title="bbox 754 3808 2338 3888">
    <p class='ocr_par' dir='ltr' id='par_1_68' title="bbox 754 3808 2338 3888">
     <span class='ocr_line' id='line_1_68' title="bbox 754 3808 2338 3888; baseline -0.008 -15"><span class='ocrx_word' id='word_1_474' title='bbox 754 3820 978 3874; x_wconf 88' lang='lat' dir='ltr'><strong>missum</strong></span> <span class='ocrx_word' id='word_1_475' title='bbox 1023 3833 1119 3888; x_wconf 81' lang='lat' dir='ltr'><strong>per</strong></span> <span class='ocrx_word' id='word_1_476' title='bbox 1168 3816 1553 3885; x_wconf 85' lang='lat' dir='ltr'><strong>ignorantiam.</strong></span> <span class='ocrx_word' id='word_1_477' title='bbox 1593 3813 1701 3868; x_wconf 89' lang='lat' dir='ltr'><strong>Sed</strong></span> <span class='ocrx_word' id='word_1_478' title='bbox 1744 3812 1848 3866; x_wconf 88' lang='lat' dir='ltr'><strong>hoc</strong></span> <span class='ocrx_word' id='word_1_479' title='bbox 1888 3812 2058 3865; x_wconf 92' lang='lat' dir='ltr'><strong>solum</strong></span> <span class='ocrx_word' id='word_1_480' title='bbox 2098 3808 2235 3863; x_wconf 78' lang='lat' dir='ltr'><strong>dixit</strong></span> <span class='ocrx_word' id='word_1_481' title='bbox 2278 3823 2338 3861; x_wconf 85' lang='lat' dir='ltr'><strong>se</strong></span> 
     </span>
    </p>
   </div>
   <div class='ocr_carea' id='block_1_69' title="bbox 754 3903 2336 3981">
    <p class='ocr_par' dir='ltr' id='par_1_69' title="bbox 754 3903 2336 3981">
     <span class='ocr_line' id='line_1_69' title="bbox 754 3903 2336 3981; baseline -0.006 -14"><span class='ocrx_word' id='word_1_482' title='bbox 754 3930 861 3969; x_wconf 86' lang='lat' dir='ltr'><strong>non</strong></span> <span class='ocrx_word' id='word_1_483' title='bbox 896 3914 1133 3974; x_wconf 85' lang='lat' dir='ltr'><strong>laudare,</strong></span> <span class='ocrx_word' id='word_1_484' title='bbox 1165 3910 1305 3981; x_wconf 89' lang='lat' dir='ltr'><strong>quod</strong></span> <span class='ocrx_word' id='word_1_485' title='bbox 1337 3910 1482 3963; x_wconf 90' lang='lat' dir='ltr'><strong>nullo</strong></span> <span class='ocrx_word' id='word_1_486' title='bbox 1518 3910 1763 3962; x_wconf 87' lang='lat' dir='ltr'><strong>adhibito</strong></span> <span class='ocrx_word' id='word_1_487' title='bbox 1797 3906 2019 3961; x_wconf 89' lang='lat' dir='ltr'><strong>custode</strong></span> <span class='ocrx_word' id='word_1_488' title='bbox 2054 3906 2229 3959; x_wconf 89' lang='lat' dir='ltr'><strong>obiret</strong></span> <span class='ocrx_word' id='word_1_489' title='bbox 2258 3903 2336 3958; x_wconf 91' lang='lat' dir='ltr'><strong>ci-</strong></span> 
     </span>
    </p>
   </div>
   <div class='ocr_carea' id='block_1_70' title="bbox 757 3993 2340 4073">
    <p class='ocr_par' dir='ltr' id='par_1_70' title="bbox 757 3993 2340 4073">
     <span class='ocr_line' id='line_1_70' title="bbox 757 3993 2340 4073; baseline -0.007 -17"><span class='ocrx_word' id='word_1_490' title='bbox 757 4004 976 4064; x_wconf 80' lang='lat' dir='ltr'><strong>vitates,</strong></span> <span class='ocrx_word' id='word_1_491' title='bbox 1004 4018 1128 4073; x_wconf 80' lang='lat' dir='ltr'><strong>cum</strong></span> <span class='ocrx_word' id='word_1_492' title='bbox 1162 4007 1309 4053; x_wconf 88' lang='lat' dir='ltr'><strong>esset</strong></span> <span class='ocrx_word' id='word_1_493' title='bbox 1344 3999 1668 4064; x_wconf 84' lang='lat' dir='ltr'><strong>monachus,</strong></span> <span class='ocrx_word' id='word_1_494' title='bbox 1700 4008 1753 4050; x_wconf 87' lang='lat' dir='ltr'><strong>et</strong></span> <span class='ocrx_word' id='word_1_495' title='bbox 1785 3997 2058 4049; x_wconf 85' lang='lat' dir='ltr'><strong>videretur</strong></span> <span class='ocrx_word' id='word_1_496' title='bbox 2094 3996 2228 4046; x_wconf 83' lang='lat' dir='ltr'><strong>adeo</strong></span> <span class='ocrx_word' id='word_1_497' title='bbox 2253 3993 2340 4061; x_wconf 89' lang='lat' dir='ltr'><strong>ju-</strong></span> 
     </span>
    </p>
   </div>
   <div class='ocr_carea' id='block_1_71' title="bbox 758 4086 2341 4159">
    <p class='ocr_par' dir='ltr' id='par_1_71' title="bbox 758 4086 2341 4159">
     <span class='ocr_line' id='line_1_71' title="bbox 758 4086 2341 4159; baseline -0.004 -12"><span class='ocrx_word' id='word_1_498' title='bbox 758 4095 941 4159; x_wconf 83' lang='lat' dir='ltr'><strong>venis,</strong></span> <span class='ocrx_word' id='word_1_499' title='bbox 975 4104 1028 4146; x_wconf 90' lang='lat' dir='ltr'><strong>et</strong></span> <span class='ocrx_word' id='word_1_500' title='bbox 1072 4093 1314 4145; x_wconf 84' lang='lat' dir='ltr'><strong>traheret</strong></span> <span class='ocrx_word' id='word_1_501' title='bbox 1346 4106 1530 4145; x_wconf 88' lang='lat' dir='ltr'><strong>secum</strong></span> <span class='ocrx_word' id='word_1_502' title='bbox 1561 4089 1857 4155; x_wconf 81' lang='lat' dir='ltr'><strong>feminam,</strong></span> <span class='ocrx_word' id='word_1_503' title='bbox 1892 4096 1945 4142; x_wconf 89' lang='lat' dir='ltr'><strong>et</strong></span> <span class='ocrx_word' id='word_1_504' title='bbox 1974 4097 2118 4141; x_wconf 87' lang='lat' dir='ltr'><strong>esset</strong></span> <span class='ocrx_word' id='word_1_505' title='bbox 2161 4086 2341 4140; x_wconf 86' lang='lat' dir='ltr'><strong>multis</strong></span> 
     </span>
    </p>
   </div>
   <div class='ocr_carea' id='block_1_72' title="bbox 758 4184 1291 4240">
    <p class='ocr_par' dir='ltr' id='par_1_72' title="bbox 758 4184 1291 4240">
     <span class='ocr_line' id='line_1_72' title="bbox 758 4184 1291 4240; baseline -0.008 0"><span class='ocrx_word' id='word_1_506' title='bbox 758 4202 922 4240; x_wconf 85' lang='lat' dir='ltr'><strong>causa</strong></span> <span class='ocrx_word' id='word_1_507' title='bbox 956 4184 1291 4238; x_wconf 70' lang='lat' dir='ltr'><strong>ollensionis.</strong></span> 
     </span>
    </p>
   </div>
   <div class='ocr_carea' id='block_1_73' title="bbox 835 4269 2339 4339">
    <p class='ocr_par' dir='ltr' id='par_1_73' title="bbox 835 4269 2339 4339">
     <span class='ocr_line' id='line_1_73' title="bbox 835 4269 2339 4339; baseline -0.008 -10"><span class='ocrx_word' id='word_1_508' title='bbox 835 4276 1038 4330; x_wconf 68' lang='lat' dir='ltr'><strong>XLVII.</strong></span> <span class='ocrx_word' id='word_1_509' title='bbox 1068 4276 1156 4329; x_wconf 89' lang='lat' dir='ltr'><strong>llle</strong></span> <span class='ocrx_word' id='word_1_510' title='bbox 1180 4291 1305 4329; x_wconf 87' lang='lat' dir='ltr'><strong>vero</strong></span> <span class='ocrx_word' id='word_1_511' title='bbox 1330 4288 1450 4328; x_wconf 89' lang='lat' dir='ltr'><strong>cum</strong></span> <span class='ocrx_word' id='word_1_512' title='bbox 1479 4287 1563 4336; x_wconf 89' lang='lat' dir='ltr'><strong>ea,</strong></span> <span class='ocrx_word' id='word_1_513' title='bbox 1590 4286 1697 4339; x_wconf 89' lang='lat' dir='ltr'><strong>qua</strong></span> <span class='ocrx_word' id='word_1_514' title='bbox 1725 4286 1823 4339; x_wconf 85' lang='lat' dir='ltr'><strong>par</strong></span> <span class='ocrx_word' id='word_1_515' title='bbox 1849 4280 1988 4333; x_wconf 85' lang='lat' dir='ltr'><strong>erat,</strong></span> <span class='ocrx_word' id='word_1_516' title='bbox 2018 4269 2339 4334; x_wconf 82' lang='lat' dir='ltr'><strong>reverentia,</strong></span> 
     </span>
    </p>
   </div>
   <div class='ocr_carea' id='block_1_74' title="bbox 761 4358 2339 4427">
    <p class='ocr_par' dir='ltr' id='par_1_74' title="bbox 761 4358 2339 4427">
     <span class='ocr_line' id='line_1_74' title="bbox 761 4358 2339 4427; baseline -0.009 -5"><span class='ocrx_word' id='word_1_517' title='bbox 761 4380 814 4422; x_wconf 90' lang='lat' dir='ltr'><strong>et</strong></span> <span class='ocrx_word' id='word_1_518' title='bbox 849 4368 1106 4421; x_wconf 85' lang='lat' dir='ltr'><strong>modestia</strong></span> <span class='ocrx_word' id='word_1_519' title='bbox 1138 4385 1150 4420; x_wconf 86' lang='lat'>:</span> <span class='ocrx_word' id='word_1_520' title='bbox 1187 4364 1507 4419; x_wconf 78' lang='lat' dir='ltr'><strong>Benedictus</strong></span> <span class='ocrx_word' id='word_1_521' title='bbox 1533 4360 1823 4422; x_wconf 89' lang='lat' dir='ltr'><strong>Dominus,</strong></span> <span class='ocrx_word' id='word_1_522' title='bbox 1871 4359 2076 4427; x_wconf 86' lang='lat' dir='ltr'><strong>inquit,</strong></span> <span class='ocrx_word' id='word_1_523' title='bbox 2106 4358 2339 4420; x_wconf 89' lang='lat' dir='ltr'><strong>d0mine,</strong></span> 
     </span>
    </p>
   </div>
   <div class='ocr_carea' id='block_1_75' title="bbox 766 4453 2341 4513">
    <p class='ocr_par' dir='ltr' id='par_1_75' title="bbox 766 4453 2341 4513">
     <span class='ocr_line' id='line_1_75' title="bbox 766 4453 2341 4513; baseline -0.009 0"><span class='ocrx_word' id='word_1_524' title='bbox 766 4477 868 4513; x_wconf 89' lang='lat' dir='ltr'><strong>non</strong></span> <span class='ocrx_word' id='word_1_525' title='bbox 911 4463 1163 4513; x_wconf 84' lang='lat' dir='ltr'><strong>mentior.</strong></span> <span class='ocrx_word' id='word_1_526' title='bbox 1216 4457 1329 4509; x_wconf 60' lang='lat' dir='ltr'><strong>Non</strong></span> <span class='ocrx_word' id='word_1_527' title='bbox 1376 4455 1560 4507; x_wconf 85' lang='lat' dir='ltr'><strong>multis</strong></span> <span class='ocrx_word' id='word_1_528' title='bbox 1597 4465 1723 4505; x_wconf 82' lang='lat' dir='ltr'><strong>ante</strong></span> <span class='ocrx_word' id='word_1_529' title='bbox 1763 4453 1956 4505; x_wconf 87' lang='lat' dir='ltr'><strong>diebus</strong></span> <span class='ocrx_word' id='word_1_530' title='bbox 2001 4465 2122 4502; x_wconf 90' lang='lat' dir='ltr'><strong>cum</strong></span> <span class='ocrx_word' id='word_1_531' title='bbox 2169 4463 2341 4501; x_wconf 85' lang='lat' dir='ltr'><strong>essein</strong></span> 
     </span>
    </p>
   </div>
   <div class='ocr_carea' id='block_1_76' title="bbox 765 4539 2340 4614">
    <p class='ocr_par' dir='ltr' id='par_1_76' title="bbox 765 4539 2340 4614">
     <span class='ocr_line' id='line_1_76' title="bbox 765 4539 2340 4614; baseline -0.01 -9"><span class='ocrx_word' id='word_1_532' title='bbox 765 4553 941 4614; x_wconf 56' lang='lat' dir='ltr'><strong>Gaza,</strong></span> <span class='ocrx_word' id='word_1_533' title='bbox 977 4563 1032 4603; x_wconf 90' lang='lat' dir='ltr'><strong>et</strong></span> <span class='ocrx_word' id='word_1_534' title='bbox 1062 4550 1209 4602; x_wconf 82' lang='lat' dir='ltr'><strong>illinc</strong></span> <span class='ocrx_word' id='word_1_535' title='bbox 1258 4548 1566 4601; x_wconf 79' lang='lat' dir='ltr'><strong>festinarent</strong></span> <span class='ocrx_word' id='word_1_536' title='bbox 1612 4547 1677 4598; x_wconf 89' lang='lat' dir='ltr'><strong>ad</strong></span> <span class='ocrx_word' id='word_1_537' title='bbox 1719 4542 2053 4596; x_wconf 86' lang='lat' dir='ltr'><strong>adorandum</strong></span> <span class='ocrx_word' id='word_1_538' title='bbox 2091 4541 2189 4595; x_wconf 84' lang='lat' dir='ltr'><strong>SS.</strong></span> <span class='ocrx_word' id='word_1_539' title='bbox 2226 4539 2298 4609; x_wconf 86' lang='lat' dir='ltr'><strong>Cy</strong></span> <span class='ocrx_word' id='word_1_540' title='bbox 2322 4568 2340 4577; x_wconf 90' lang='lat'><strong>-</strong></span> 
     </span>
    </p>
   </div>
   <div class='ocr_carea' id='block_1_77' title="bbox 2435 3346 4029 3418">
    <p class='ocr_par' dir='ltr' id='par_1_77' title="bbox 2435 3346 4029 3418">
     <span class='ocr_line' id='line_1_77' title="bbox 2435 3346 4029 3418; baseline 0.003 -21"><span class='ocrx_word' id='word_1_541' title='bbox 2435 3346 2787 3415; x_wconf 67' lang='grc' dir='ltr'>πηρωμένος,</span> <span class='ocrx_word' id='word_1_542' title='bbox 2812 3349 2860 3399; x_wconf 88' lang='grc' dir='ltr'>εἰ</span> <span class='ocrx_word' id='word_1_543' title='bbox 2901 3350 2995 3400; x_wconf 70' lang='grc' dir='ltr'>καὶ</span> <span class='ocrx_word' id='word_1_544' title='bbox 3022 3348 3110 3401; x_wconf 77' lang='grc' dir='ltr'><strong>διὰ</strong></span> <span class='ocrx_word' id='word_1_545' title='bbox 3135 3347 3233 3417; x_wconf 76' lang='grc' dir='ltr'>τὴν</span> <span class='ocrx_word' id='word_1_546' title='bbox 3262 3347 3363 3415; x_wconf 81' lang='grc' dir='ltr'>τῆς</span> <span class='ocrx_word' id='word_1_547' title='bbox 3395 3348 3608 3418; x_wconf 81' lang='grc' dir='ltr'>ἡλικίας</span> <span class='ocrx_word' id='word_1_548' title='bbox 3663 3350 3858 3418; x_wconf 75' lang='grc' dir='ltr'>ἀκμὴν</span> <span class='ocrx_word' id='word_1_549' title='bbox 3889 3352 4029 3418; x_wconf 78' lang='grc' dir='ltr'>πρό-</span> 
     </span>
    </p>
   </div>
   <div class='ocr_carea' id='block_1_78' title="bbox 2435 3437 4027 3505">
    <p class='ocr_par' dir='ltr' id='par_1_78' title="bbox 2435 3437 4027 3505">
     <span class='ocr_line' id='line_1_78' title="bbox 2435 3437 4027 3505; baseline 0.003 -18"><span class='ocrx_word' id='word_1_550' title='bbox 2435 3452 2590 3505; x_wconf 88' lang='grc' dir='ltr'>τερον</span> <span class='ocrx_word' id='word_1_551' title='bbox 2651 3439 2751 3487; x_wconf 74' lang='grc' dir='ltr'>οὐκ</span> <span class='ocrx_word' id='word_1_552' title='bbox 2809 3437 3109 3489; x_wconf 85' lang='grc' dir='ltr'>ἀπολέλυτο</span> <span class='ocrx_word' id='word_1_553' title='bbox 3174 3439 3451 3501; x_wconf 83' lang='grc' dir='ltr'>ὑπονοίας.</span> <span class='ocrx_word' id='word_1_554' title='bbox 3505 3440 3720 3503; x_wconf 64' lang='grc' dir='ltr'>Εὐθέως</span> <span class='ocrx_word' id='word_1_555' title='bbox 3772 3441 3871 3494; x_wconf 73' lang='grc' dir='ltr'>οὖν</span> <span class='ocrx_word' id='word_1_556' title='bbox 3901 3444 4027 3502; x_wconf 74' lang='grc' dir='ltr'>τοὺς</span> 
     </span>
    </p>
   </div>
   <div class='ocr_carea' id='block_1_79' title="bbox 2437 3528 4029 3603">
    <p class='ocr_par' dir='ltr' id='par_1_79' title="bbox 2437 3528 4029 3603">
     <span class='ocr_line' id='line_1_79' title="bbox 2437 3528 4029 3603; baseline 0.002 -23"><span class='ocrx_word' id='word_1_557' title='bbox 2437 3528 2802 3591; x_wconf 80' lang='grc' dir='ltr'>κατειπόντας</span> <span class='ocrx_word' id='word_1_558' title='bbox 2838 3528 3005 3582; x_wconf 74' lang='grc' dir='ltr'>αὑτοῦ</span> <span class='ocrx_word' id='word_1_559' title='bbox 3034 3529 3141 3582; x_wconf 91' lang='grc' dir='ltr'><strong>τῶν</strong></span> <span class='ocrx_word' id='word_1_560' title='bbox 3170 3532 3389 3584; x_wconf 80' lang='grc' dir='ltr'>οἰκείων</span> <span class='ocrx_word' id='word_1_561' title='bbox 3424 3531 3630 3595; x_wconf 73' lang='grc' dir='ltr'>ἐξώσας</span> <span class='ocrx_word' id='word_1_562' title='bbox 3660 3534 3912 3603; x_wconf 80' lang='grc' dir='ltr'>βαθμῶν,</span> <span class='ocrx_word' id='word_1_563' title='bbox 3934 3534 4029 3584; x_wconf 73' lang='grc' dir='ltr'>ἐπὶ</span> 
     </span>
    </p>
   </div>
   <div class='ocr_carea' id='block_1_80' title="bbox 2436 3618 4031 3692">
    <p class='ocr_par' dir='ltr' id='par_1_80' title="bbox 2436 3618 4031 3692">
     <span class='ocr_line' id='line_1_80' title="bbox 2436 3618 4031 3692; baseline 0.006 -24"><span class='ocrx_word' id='word_1_564' title='bbox 2436 3619 2586 3686; x_wconf 68' lang='grc' dir='ltr'>τρισὶ</span> <span class='ocrx_word' id='word_1_565' title='bbox 2603 3618 2812 3687; x_wconf 80' lang='grc' dir='ltr'>χρόνοις</span> <span class='ocrx_word' id='word_1_566' title='bbox 2843 3619 3096 3688; x_wconf 81' lang='grc' dir='ltr'>ἀπείργει</span> <span class='ocrx_word' id='word_1_567' title='bbox 3138 3620 3236 3689; x_wconf 83' lang='grc' dir='ltr'>τῆς</span> <span class='ocrx_word' id='word_1_568' title='bbox 3287 3621 3627 3691; x_wconf 78' lang='grc' dir='ltr'>Ἐκκλησίας·</span> <span class='ocrx_word' id='word_1_569' title='bbox 3665 3624 3742 3692; x_wconf 80' lang='grc' dir='ltr'>τῷ</span> <span class='ocrx_word' id='word_1_570' title='bbox 3765 3624 3820 3675; x_wconf 80' lang='grc' dir='ltr'>δὲ</span> <span class='ocrx_word' id='word_1_571' title='bbox 3845 3624 4031 3690; x_wconf 65' lang='grc' dir='ltr'>θεοςι-</span> 
     </span>
    </p>
   </div>
   <div class='ocr_carea' id='block_1_81' title="bbox 2436 3710 4031 3787">
    <p class='ocr_par' dir='ltr' id='par_1_81' title="bbox 2436 3710 4031 3787">
     <span class='ocr_line' id='line_1_81' title="bbox 2436 3710 4031 3787; baseline 0.007 -27"><span class='ocrx_word' id='word_1_572' title='bbox 2436 3710 2519 3761; x_wconf 85' lang='grc' dir='ltr'><strong>λεῖ</strong></span> <span class='ocrx_word' id='word_1_573' title='bbox 2549 3710 2767 3779; x_wconf 78' lang='grc' dir='ltr'>μοναχῴ</span> <span class='ocrx_word' id='word_1_574' title='bbox 2806 3710 3129 3779; x_wconf 82' lang='grc' dir='ltr'>ἀπελογεῖτό</span> <span class='ocrx_word' id='word_1_575' title='bbox 3156 3730 3211 3765; x_wconf 85' lang='grc' dir='ltr'><strong>τε</strong></span> <span class='ocrx_word' id='word_1_576' title='bbox 3242 3716 3311 3767; x_wconf 76' lang='grc' dir='ltr'><strong>τά</strong></span> <span class='ocrx_word' id='word_1_577' title='bbox 3357 3722 3706 3787; x_wconf 79' lang='grc' dir='ltr'>προσήκοντα</span> <span class='ocrx_word' id='word_1_578' title='bbox 3749 3720 3849 3771; x_wconf 79' lang='grc' dir='ltr'>καὶ</span> <span class='ocrx_word' id='word_1_579' title='bbox 3898 3739 4031 3785; x_wconf 67' lang='lat' dir='ltr'><strong>sm;-</strong></span> 
     </span>
    </p>
   </div>
   <div class='ocr_carea' id='block_1_82' title="bbox 2438 3801 3989 3883">
    <p class='ocr_par' dir='ltr' id='par_1_82' title="bbox 2438 3801 3989 3883">
     <span class='ocr_line' id='line_1_82' title="bbox 2438 3801 3989 3883; baseline 0.008 -29"><span class='ocrx_word' id='word_1_580' title='bbox 2438 3801 2642 3869; x_wconf 86' lang='grc' dir='ltr'>γνῶναι</span> <span class='ocrx_word' id='word_1_581' title='bbox 2672 3803 2820 3873; x_wconf 84' lang='grc' dir='ltr'><strong>αύτῴ</strong></span> <span class='ocrx_word' id='word_1_582' title='bbox 2844 3802 2997 3872; x_wconf 78' lang='grc' dir='ltr'>ἧξὶου</span> <span class='ocrx_word' id='word_1_583' title='bbox 3030 3805 3124 3858; x_wconf 81' lang='grc' dir='ltr'>τοῦ</span> <span class='ocrx_word' id='word_1_584' title='bbox 3158 3808 3297 3860; x_wconf 86' lang='grc' dir='ltr'>κατά</span> <span class='ocrx_word' id='word_1_585' title='bbox 3324 3808 3545 3877; x_wconf 80' lang='grc' dir='ltr'>ἄγνοιαν</span> <span class='ocrx_word' id='word_1_586' title='bbox 3564 3813 3989 3883; x_wconf 49' lang='grc' dir='ltr'>ἁμαρτήσαντος</span> 
     </span>
    </p>
   </div>
   <div class='ocr_carea' id='block_1_83' title="bbox 2443 3895 4032 3970">
    <p class='ocr_par' dir='ltr' id='par_1_83' title="bbox 2443 3895 4032 3970">
     <span class='ocr_line' id='line_1_83' title="bbox 2443 3895 4032 3970; baseline 0.008 -25"><span class='ocrx_word' id='word_1_587' title='bbox 2443 3895 2592 3965; x_wconf 79' lang='grc' dir='ltr'>Πλὴν</span> <span class='ocrx_word' id='word_1_588' title='bbox 2627 3897 2786 3947; x_wconf 87' lang='grc' dir='ltr'>τοῦτο</span> <span class='ocrx_word' id='word_1_589' title='bbox 2814 3897 2975 3965; x_wconf 89' lang='grc' dir='ltr'>μόνον</span> <span class='ocrx_word' id='word_1_590' title='bbox 2995 3898 3095 3950; x_wconf 85' lang='grc' dir='ltr'><strong>ούκ</strong></span> <span class='ocrx_word' id='word_1_591' title='bbox 3123 3898 3252 3968; x_wconf 78' lang='grc' dir='ltr'>ἔχω,</span> <span class='ocrx_word' id='word_1_592' title='bbox 3282 3900 3490 3968; x_wconf 68' lang='grc' dir='ltr'>ελεγεν,</span> <span class='ocrx_word' id='word_1_593' title='bbox 3519 3905 3765 3957; x_wconf 73' lang='grc' dir='ltr'>ἐπαινεῖν</span> <span class='ocrx_word' id='word_1_594' title='bbox 3794 3905 3858 3956; x_wconf 72' lang='grc' dir='ltr'><strong>τὸ</strong></span> <span class='ocrx_word' id='word_1_595' title='bbox 3880 3909 4032 3970; x_wconf 60' lang='grc' dir='ltr'>ἀφυ-</span> 
     </span>
    </p>
   </div>
   <div class='ocr_carea' id='block_1_84' title="bbox 2439 3988 4031 4068">
    <p class='ocr_par' dir='ltr' id='par_1_84' title="bbox 2439 3988 4031 4068">
     <span class='ocr_line' id='line_1_84' title="bbox 2439 3988 4031 4068; baseline 0.008 -28"><span class='ocrx_word' id='word_1_596' title='bbox 2439 3988 2651 4050; x_wconf 74' lang='grc' dir='ltr'>λάκτως</span> <span class='ocrx_word' id='word_1_597' title='bbox 2688 3992 2746 4042; x_wconf 88' lang='grc' dir='ltr'><strong>ἐν</strong></span> <span class='ocrx_word' id='word_1_598' title='bbox 2797 3994 2918 4054; x_wconf 79' lang='grc' dir='ltr'>ταῖς</span> <span class='ocrx_word' id='word_1_599' title='bbox 2954 3992 3176 4045; x_wconf 85' lang='grc' dir='ltr'>πόλεσιν</span> <span class='ocrx_word' id='word_1_600' title='bbox 3232 3994 3396 4047; x_wconf 66' lang='grc' dir='ltr'>αύτὲν</span> <span class='ocrx_word' id='word_1_601' title='bbox 3429 4000 3734 4067; x_wconf 70' lang='grc' dir='ltr'>περιάγειν,</span> <span class='ocrx_word' id='word_1_602' title='bbox 3790 4002 4031 4068; x_wconf 59' lang='grc' dir='ltr'>μοναχὸν</span> 
     </span>
    </p>
   </div>
   <div class='ocr_carea' id='block_1_85' title="bbox 2442 4082 4033 4161">
    <p class='ocr_par' dir='ltr' id='par_1_85' title="bbox 2442 4082 4033 4161">
     <span class='ocr_line' id='line_1_85' title="bbox 2442 4082 4033 4161; baseline 0.004 -29"><span class='ocrx_word' id='word_1_603' title='bbox 2442 4082 2574 4133; x_wconf 82' lang='grc' dir='ltr'>δντα</span> <span class='ocrx_word' id='word_1_604' title='bbox 2600 4084 2695 4133; x_wconf 76' lang='grc' dir='ltr'>καὶ</span> <span class='ocrx_word' id='word_1_605' title='bbox 2725 4082 2845 4133; x_wconf 87' lang='grc' dir='ltr'><strong>νέον</strong></span> <span class='ocrx_word' id='word_1_606' title='bbox 2868 4083 3039 4145; x_wconf 76' lang='grc' dir='ltr'>οὕτως</span> <span class='ocrx_word' id='word_1_607' title='bbox 3074 4085 3375 4154; x_wconf 84' lang='grc' dir='ltr'>δρώμενον,</span> <span class='ocrx_word' id='word_1_608' title='bbox 3408 4090 3646 4154; x_wconf 83' lang='grc' dir='ltr'>γυναῖκά</span> <span class='ocrx_word' id='word_1_609' title='bbox 3675 4108 3733 4141; x_wconf 87' lang='grc' dir='ltr'><strong>τε</strong></span> <span class='ocrx_word' id='word_1_610' title='bbox 3763 4094 4033 4161; x_wconf 70' lang='grc' dir='ltr'>ἐπισύρε-</span> 
     </span>
    </p>
   </div>
   <div class='ocr_carea' id='block_1_86' title="bbox 2446 4172 3774 4246">
    <p class='ocr_par' dir='ltr' id='par_1_86' title="bbox 2446 4172 3774 4246">
     <span class='ocr_line' id='line_1_86' title="bbox 2446 4172 3774 4246; baseline 0.008 -21"><span class='ocrx_word' id='word_1_611' title='bbox 2446 4174 2592 4237; x_wconf 88' lang='grc' dir='ltr'>σθαι,</span> <span class='ocrx_word' id='word_1_612' title='bbox 2629 4175 2719 4226; x_wconf 79' lang='grc' dir='ltr'>καὶ</span> <span class='ocrx_word' id='word_1_613' title='bbox 2751 4173 2966 4239; x_wconf 80' lang='grc' dir='ltr'>πολλοῖς</span> <span class='ocrx_word' id='word_1_614' title='bbox 2988 4172 3246 4246; x_wconf 70' lang='grc' dir='ltr'>ἁιρορμὴν</span> <span class='ocrx_word' id='word_1_615' title='bbox 3280 4175 3420 4230; x_wconf 73' lang='grc' dir='ltr'>εἶναι</span> <span class='ocrx_word' id='word_1_616' title='bbox 3452 4181 3774 4236; x_wconf 65' lang='grc' dir='ltr'>σκανδάλου.</span> 
     </span>
    </p>
   </div>
   <div class='ocr_carea' id='block_1_87' title="bbox 2515 4265 4037 4341">
    <p class='ocr_par' dir='ltr' id='par_1_87' title="bbox 2515 4265 4037 4341">
     <span class='ocr_line' id='line_1_87' title="bbox 2515 4265 4037 4341; baseline 0.007 -23"><span class='ocrx_word' id='word_1_617' title='bbox 2515 4265 2645 4319; x_wconf 84' lang='grc' dir='ltr'><strong>ΜΖ’.</strong></span> <span class='ocrx_word' id='word_1_618' title='bbox 2686 4268 2749 4318; x_wconf 89' lang='grc' dir='ltr'><strong>Ὃ</strong></span> <span class='ocrx_word' id='word_1_619' title='bbox 2776 4267 2832 4319; x_wconf 84' lang='grc' dir='ltr'>δὲ</span> <span class='ocrx_word' id='word_1_620' title='bbox 2868 4268 3006 4335; x_wconf 79' lang='grc' dir='ltr'>μετὰ</span> <span class='ocrx_word' id='word_1_621' title='bbox 3055 4269 3153 4335; x_wconf 79' lang='grc' dir='ltr'>τῆς</span> <span class='ocrx_word' id='word_1_622' title='bbox 3207 4273 3593 4341; x_wconf 74' lang='grc' dir='ltr'>προσηκούσης</span> <span class='ocrx_word' id='word_1_623' title='bbox 3629 4274 3818 4337; x_wconf 75' lang='grc' dir='ltr'>αἰδοῦς</span> <span class='ocrx_word' id='word_1_624' title='bbox 3841 4292 3903 4327; x_wconf 85' lang='grc' dir='ltr'><strong>τε</strong></span> <span class='ocrx_word' id='word_1_625' title='bbox 3940 4282 4037 4328; x_wconf 75' lang='grc' dir='ltr'>κ;“ι</span> 
     </span>
    </p>
   </div>
   <div class='ocr_carea' id='block_1_88' title="bbox 2448 4360 4034 4432">
    <p class='ocr_par' dir='ltr' id='par_1_88' title="bbox 2448 4360 4034 4432">
     <span class='ocr_line' id='line_1_88' title="bbox 2448 4360 4034 4432; baseline 0.009 -23"><span class='ocrx_word' id='word_1_626' title='bbox 2448 4360 2823 4429; x_wconf 82' lang='grc' dir='ltr'>μετριότητος,</span> <span class='ocrx_word' id='word_1_627' title='bbox 2870 4360 3173 4429; x_wconf 74' lang='grc' dir='ltr'>Εὐλογητὸς</span> <span class='ocrx_word' id='word_1_628' title='bbox 3221 4365 3446 4432; x_wconf 83' lang='grc' dir='ltr'>Κύριος,</span> <span class='ocrx_word' id='word_1_629' title='bbox 3480 4367 3734 4431; x_wconf 76' lang='grc' dir='ltr'>δεσποτα,</span> <span class='ocrx_word' id='word_1_630' title='bbox 3764 4364 3946 4432; x_wconf 81' lang='grc' dir='ltr'>εἶπεν,</span> <span class='ocrx_word' id='word_1_631' title='bbox 3971 4393 3997 4425; x_wconf 75' lang='grc' dir='ltr'><strong>ο</strong></span> <span class='ocrx_word' id='word_1_632' title='bbox 4018 4398 4034 4423; x_wconf 63' lang='grc' dir='ltr'><strong>λ</strong></span> 
     </span>
    </p>
   </div>
   <div class='ocr_carea' id='block_1_89' title="bbox 2443 4450 4037 4533">
    <p class='ocr_par' dir='ltr' id='par_1_89' title="bbox 2443 4450 4037 4533">
     <span class='ocr_line' id='line_1_89' title="bbox 2443 4450 4037 4533; baseline 0.01 -33"><span class='ocrx_word' id='word_1_633' title='bbox 2443 4450 2743 4520; x_wconf 75' lang='grc' dir='ltr'>ψεύδομαι·</span> <span class='ocrx_word' id='word_1_634' title='bbox 2790 4452 2850 4503; x_wconf 84' lang='grc' dir='ltr'><strong>ού</strong></span> <span class='ocrx_word' id='word_1_635' title='bbox 2891 4453 3117 4516; x_wconf 82' lang='grc' dir='ltr'>πολλαῖς</span> <span class='ocrx_word' id='word_1_636' title='bbox 3175 4456 3440 4527; x_wconf 81' lang='grc' dir='ltr'>πρότερον</span> <span class='ocrx_word' id='word_1_637' title='bbox 3497 4460 3732 4528; x_wconf 76' lang='grc' dir='ltr'>ἡμέραις</span> <span class='ocrx_word' id='word_1_638' title='bbox 3761 4465 3904 4516; x_wconf 76' lang='grc' dir='ltr'>κατὰ</span> <span class='ocrx_word' id='word_1_639' title='bbox 3936 4470 4037 4533; x_wconf 66' lang='grc' dir='ltr'>’.ην</span> 
     </span>
    </p>
   </div>
   <div class='ocr_carea' id='block_1_90' title="bbox 2449 4540 4037 4621">
    <p class='ocr_par' dir='ltr' id='par_1_90' title="bbox 2449 4540 4037 4621">
     <span class='ocr_line' id='line_1_90' title="bbox 2449 4540 4037 4621; baseline 0.007 -29"><span class='ocrx_word' id='word_1_640' title='bbox 2449 4540 2627 4603; x_wconf 78' lang='grc' dir='ltr'>Γάζαν</span> <span class='ocrx_word' id='word_1_641' title='bbox 2650 4559 2739 4609; x_wconf 87' lang='grc' dir='ltr'><strong>μοι</strong></span> <span class='ocrx_word' id='word_1_642' title='bbox 2768 4546 3065 4615; x_wconf 80' lang='grc' dir='ltr'>γενομένῳ,</span> <span class='ocrx_word' id='word_1_643' title='bbox 3102 4548 3356 4598; x_wconf 76' lang='grc' dir='ltr'>κάκεῖθεν</span> <span class='ocrx_word' id='word_1_644' title='bbox 3378 4554 3455 4608; x_wconf 78' lang='grc' dir='ltr'>εἰς</span> <span class='ocrx_word' id='word_1_645' title='bbox 3496 4555 3875 4621; x_wconf 71' lang='grc' dir='ltr'>προσκύνησιν</span> <span class='ocrx_word' id='word_1_646' title='bbox 3926 4558 3985 4605; x_wconf 64' lang='grc' dir='ltr'>τι]</span> <span class='ocrx_word' id='word_1_647' title='bbox 4010 4576 4037 4603; x_wconf 81' lang='grc' dir='ltr'><strong>ν</strong></span> 
     </span>
    </p>
   </div>
   <div class='ocr_carea' id='block_1_91' title="bbox 769 4633 2331 4713">
    <p class='ocr_par' dir='ltr' id='par_1_91' title="bbox 769 4634 2331 4707">
     <span class='ocr_line' id='line_1_91' title="bbox 769 4634 2331 4707; baseline -0.008 -10"><span class='ocrx_word' id='word_1_648' title='bbox 769 4663 883 4698; x_wconf 84' lang='lat' dir='ltr'><strong>runt</strong></span> <span class='ocrx_word' id='word_1_649' title='bbox 906 4658 957 4699; x_wconf 90' lang='lat' dir='ltr'><strong>et</strong></span> <span class='ocrx_word' id='word_1_650' title='bbox 978 4643 1263 4706; x_wconf 82' lang='lat' dir='ltr'><strong>Joannem,</strong></span> <span class='ocrx_word' id='word_1_651' title='bbox 1286 4646 1396 4694; x_wconf 71' lang='lat' dir='ltr'><strong>haec</strong></span> <span class='ocrx_word' id='word_1_652' title='bbox 1424 4639 1595 4707; x_wconf 86' lang='lat' dir='ltr'><strong>puella</strong></span> <span class='ocrx_word' id='word_1_653' title='bbox 1622 4637 1751 4691; x_wconf 90' lang='lat' dir='ltr'><strong>mihi</strong></span> <span class='ocrx_word' id='word_1_654' title='bbox 1778 4651 2000 4705; x_wconf 88' lang='lat' dir='ltr'><strong>vespere</strong></span> <span class='ocrx_word' id='word_1_655' title='bbox 2024 4636 2083 4688; x_wconf 84' lang='lat' dir='ltr'><strong>ﬁt</strong></span> <span class='ocrx_word' id='word_1_656' title='bbox 2104 4634 2331 4693; x_wconf 62' lang='lat' dir='ltr'><strong>obviam.</strong></span> 
     </span>
    </p>
   </div>
   <div class='ocr_carea' id='block_1_92' title="bbox 2437 4633 4035 4713">
    <p class='ocr_par' dir='ltr' id='par_1_92' title="bbox 2450 4633 4035 4713">
     <span class='ocr_line' id='line_1_92' title="bbox 2450 4633 4035 4713; baseline 0.007 -29"><span class='ocrx_word' id='word_1_657' title='bbox 2450 4633 2621 4699; x_wconf 85' lang='grc' dir='ltr'>ἁγίων</span> <span class='ocrx_word' id='word_1_658' title='bbox 2656 4633 2837 4704; x_wconf 83' lang='grc' dir='ltr'>Κύρου</span> <span class='ocrx_word' id='word_1_659' title='bbox 2870 4637 2964 4687; x_wconf 81' lang='grc' dir='ltr'>καὶ</span> <span class='ocrx_word' id='word_1_660' title='bbox 2993 4637 3240 4688; x_wconf 80' lang='grc' dir='ltr'>Ἰωάννου</span> <span class='ocrx_word' id='word_1_661' title='bbox 3269 4640 3630 4708; x_wconf 67' lang='grc' dir='ltr'>ἐπειγομένῳ,</span> <span class='ocrx_word' id='word_1_662' title='bbox 3666 4648 3909 4713; x_wconf 72' lang='grc' dir='ltr'>συναντᾷ</span> <span class='ocrx_word' id='word_1_663' title='bbox 3944 4667 4035 4713; x_wconf 54' lang='lat' dir='ltr'><strong>pc:</strong></span> 
     </span>
    </p>
   </div>
   <div class='ocr_carea' id='block_1_93' title="bbox 765 4728 2340 4804">
    <p class='ocr_par' dir='ltr' id='par_1_93' title="bbox 765 4728 2340 4804">
     <span class='ocr_line' id='line_1_93' title="bbox 765 4728 2340 4804; baseline -0.008 -15"><span class='ocrx_word' id='word_1_664' title='bbox 765 4751 817 4790; x_wconf 86' lang='lat' dir='ltr'><strong>et</strong></span> <span class='ocrx_word' id='word_1_665' title='bbox 853 4739 917 4790; x_wconf 86' lang='lat' dir='ltr'><strong>ad</strong></span> <span class='ocrx_word' id='word_1_666' title='bbox 968 4751 1116 4790; x_wconf 88' lang='lat' dir='ltr'><strong>meos</strong></span> <span class='ocrx_word' id='word_1_667' title='bbox 1157 4736 1319 4804; x_wconf 86' lang='lat' dir='ltr'><strong>pedes</strong></span> <span class='ocrx_word' id='word_1_668' title='bbox 1364 4731 1630 4800; x_wconf 85' lang='lat' dir='ltr'><strong>procidit,</strong></span> <span class='ocrx_word' id='word_1_669' title='bbox 1669 4744 1865 4800; x_wconf 82' lang='lat' dir='ltr'><strong>rogans</strong></span> <span class='ocrx_word' id='word_1_670' title='bbox 1896 4739 1953 4779; x_wconf 92' lang='lat' dir='ltr'><strong>ut</strong></span> <span class='ocrx_word' id='word_1_671' title='bbox 1994 4743 2202 4781; x_wconf 90' lang='lat' dir='ltr'><strong>mecum</strong></span> <span class='ocrx_word' id='word_1_672' title='bbox 2241 4728 2340 4778; x_wconf 80' lang='lat' dir='ltr'><strong>iter</strong></span> 
     </span>
    </p>
   </div>
   <div class='ocr_carea' id='block_1_94' title="bbox 767 4819 2343 4897">
    <p class='ocr_par' dir='ltr' id='par_1_94' title="bbox 767 4819 2343 4897">
     <span class='ocr_line' id='line_1_94' title="bbox 767 4819 2343 4897; baseline -0.01 -15"><span class='ocrx_word' id='word_1_673' title='bbox 767 4829 1171 4897; x_wconf 48' lang='lat' dir='ltr'><strong>ingredereturJ</strong></span> <span class='ocrx_word' id='word_1_674' title='bbox 1216 4842 1280 4878; x_wconf 88' lang='lat' dir='ltr'><strong>co</strong></span> <span class='ocrx_word' id='word_1_675' title='bbox 1321 4826 1462 4892; x_wconf 82' lang='lat' dir='ltr'><strong>quod</strong></span> <span class='ocrx_word' id='word_1_676' title='bbox 1497 4821 1657 4875; x_wconf 87' lang='lat' dir='ltr'><strong>vellet</strong></span> <span class='ocrx_word' id='word_1_677' title='bbox 1697 4835 1817 4874; x_wconf 82' lang='lat' dir='ltr'><strong>esse</strong></span> <span class='ocrx_word' id='word_1_678' title='bbox 1846 4819 2185 4881; x_wconf 73' lang='lat' dir='ltr'><strong>Christiana,</strong></span> <span class='ocrx_word' id='word_1_679' title='bbox 2226 4828 2343 4868; x_wconf 71' lang='lat' dir='ltr'><strong>erat</strong></span> 
     </span>
    </p>
   </div>
   <div class='ocr_carea' id='block_1_95' title="bbox 770 4907 2341 4984">
    <p class='ocr_par' dir='ltr' id='par_1_95' title="bbox 770 4907 2341 4984">
     <span class='ocr_line' id='line_1_95' title="bbox 770 4907 2341 4984; baseline -0.011 -10"><span class='ocrx_word' id='word_1_680' title='bbox 770 4924 912 4975; x_wconf 85' lang='lat' dir='ltr'><strong>enim</strong></span> <span class='ocrx_word' id='word_1_681' title='bbox 945 4918 1193 4972; x_wconf 72' lang='lat' dir='ltr'><strong>Hebraea.</strong></span> <span class='ocrx_word' id='word_1_682' title='bbox 1227 4916 1337 4984; x_wconf 72' lang='lat' dir='ltr'><strong>Ego</strong></span> <span class='ocrx_word' id='word_1_683' title='bbox 1368 4923 1545 4968; x_wconf 82' lang='lat' dir='ltr'><strong>autem</strong></span> <span class='ocrx_word' id='word_1_684' title='bbox 1587 4912 1678 4966; x_wconf 88' lang='lat' dir='ltr'><strong>Dei</strong></span> <span class='ocrx_word' id='word_1_685' title='bbox 1705 4914 1905 4963; x_wconf 83' lang='lat' dir='ltr'><strong>veritus</strong></span> <span class='ocrx_word' id='word_1_686' title='bbox 1935 4909 2219 4978; x_wconf 88' lang='lat' dir='ltr'><strong>judicium,</strong></span> <span class='ocrx_word' id='word_1_687' title='bbox 2253 4907 2341 4974; x_wconf 64' lang='lat' dir='ltr'><strong>qui</strong></span> 
     </span>
    </p>
   </div>
   <div class='ocr_carea' id='block_1_96' title="bbox 768 5002 2344 5082">
    <p class='ocr_par' dir='ltr' id='par_1_96' title="bbox 768 5002 2344 5082">
     <span class='ocr_line' id='line_1_96' title="bbox 768 5002 2344 5082; baseline -0.011 -12"><span class='ocrx_word' id='word_1_688' title='bbox 768 5016 928 5079; x_wconf 78' lang='lat' dir='ltr'><strong>dixit,</strong></span> <span class='ocrx_word' id='word_1_689' title='bbox 957 5030 1022 5068; x_wconf 90' lang='lat' dir='ltr'><strong>ne</strong></span> <span class='ocrx_word' id='word_1_690' title='bbox 1049 5028 1111 5067; x_wconf 74' lang='lat' dir='ltr'><strong>ex</strong></span> <span class='ocrx_word' id='word_1_691' title='bbox 1137 5010 1344 5082; x_wconf 89' lang='lat' dir='ltr'><strong>pusillis</strong></span> <span class='ocrx_word' id='word_1_692' title='bbox 1372 5010 1601 5077; x_wconf 84' lang='lat' dir='ltr'><strong>aliquem</strong></span> <span class='ocrx_word' id='word_1_693' title='bbox 1633 5007 2057 5074; x_wconf 87' lang='lat' dir='ltr'><strong>despiceremus,</strong></span> <span class='ocrx_word' id='word_1_694' title='bbox 2090 5002 2344 5056; x_wconf 84' lang='lat' dir='ltr'><strong>obedieus</strong></span> 
     </span>
    </p>
   </div>
   <div class='ocr_carea' id='block_1_97' title="bbox 771 5094 2345 5163">
    <p class='ocr_par' dir='ltr' id='par_1_97' title="bbox 771 5094 2345 5163">
     <span class='ocr_line' id='line_1_97' title="bbox 771 5094 2345 5163; baseline -0.011 -3"><span class='ocrx_word' id='word_1_695' title='bbox 771 5106 967 5161; x_wconf 87' lang='lat' dir='ltr'><strong>admisi</strong></span> <span class='ocrx_word' id='word_1_696' title='bbox 1001 5120 1121 5158; x_wconf 84' lang='lat' dir='ltr'><strong>eam</strong></span> <span class='ocrx_word' id='word_1_697' title='bbox 1153 5105 1254 5155; x_wconf 71' lang='lat' dir='ltr'><strong>vite</strong></span> <span class='ocrx_word' id='word_1_698' title='bbox 1282 5102 1568 5163; x_wconf 83' lang='lat' dir='ltr'><strong>comitem,</strong></span> <span class='ocrx_word' id='word_1_699' title='bbox 1606 5098 1841 5151; x_wconf 78' lang='lat' dir='ltr'><strong>maxime</strong></span> <span class='ocrx_word' id='word_1_700' title='bbox 1872 5094 2170 5156; x_wconf 85' lang='lat' dir='ltr'><strong>conﬁdens,</strong></span> <span class='ocrx_word' id='word_1_701' title='bbox 2204 5096 2345 5162; x_wconf 72' lang='lat' dir='ltr'><strong>quoi</strong></span> 
     </span>
    </p>
   </div>
   <div class='ocr_carea' id='block_1_98' title="bbox 774 5185 2346 5253">
    <p class='ocr_par' dir='ltr' id='par_1_98' title="bbox 774 5185 2346 5253">
     <span class='ocr_line' id='line_1_98' title="bbox 774 5185 2346 5253; baseline -0.011 0"><span class='ocrx_word' id='word_1_702' title='bbox 774 5216 894 5253; x_wconf 83' lang='lat' dir='ltr'><strong>cum</strong></span> <span class='ocrx_word' id='word_1_703' title='bbox 925 5206 1110 5252; x_wconf 89' lang='lat' dir='ltr'><strong>essent</strong></span> <span class='ocrx_word' id='word_1_704' title='bbox 1141 5194 1273 5248; x_wconf 88' lang='lat' dir='ltr'><strong>mihi</strong></span> <span class='ocrx_word' id='word_1_705' title='bbox 1320 5194 1557 5245; x_wconf 74' lang='lat' dir='ltr'><strong>memln-a</strong></span> <span class='ocrx_word' id='word_1_706' title='bbox 1594 5193 1667 5244; x_wconf 88' lang='lat' dir='ltr'><strong>ita</strong></span> <span class='ocrx_word' id='word_1_707' title='bbox 1700 5188 1927 5252; x_wconf 70' lang='lat' dir='ltr'><strong>affecta,</strong></span> <span class='ocrx_word' id='word_1_708' title='bbox 1960 5201 2063 5240; x_wconf 88' lang='lat' dir='ltr'><strong>non</strong></span> <span class='ocrx_word' id='word_1_709' title='bbox 2095 5195 2241 5239; x_wconf 91' lang='lat' dir='ltr'><strong>esset</strong></span> <span class='ocrx_word' id='word_1_710' title='bbox 2266 5185 2346 5236; x_wconf 68' lang='grc' dir='ltr'><strong>[υ-</strong></span> 
     </span>
    </p>
   </div>
   <div class='ocr_carea' id='block_1_99' title="bbox 774 5276 2349 5345">
    <p class='ocr_par' dir='ltr' id='par_1_99' title="bbox 774 5276 2349 5345">
     <span class='ocr_line' id='line_1_99' title="bbox 774 5276 2349 5345; baseline -0.01 0"><span class='ocrx_word' id='word_1_711' title='bbox 774 5293 875 5345; x_wconf 88' lang='lat' dir='ltr'><strong>cile</strong></span> <span class='ocrx_word' id='word_1_712' title='bbox 914 5289 1133 5343; x_wconf 82' lang='lat' dir='ltr'><strong>inimico</strong></span> <span class='ocrx_word' id='word_1_713' title='bbox 1176 5299 1391 5341; x_wconf 87' lang='lat' dir='ltr'><strong>struere</strong></span> <span class='ocrx_word' id='word_1_714' title='bbox 1433 5285 1487 5338; x_wconf 84' lang='lat' dir='ltr'><strong>in</strong></span> <span class='ocrx_word' id='word_1_715' title='bbox 1531 5299 1614 5336; x_wconf 88' lang='lat' dir='ltr'><strong>me</strong></span> <span class='ocrx_word' id='word_1_716' title='bbox 1649 5279 2019 5336; x_wconf 86' lang='lat' dir='ltr'><strong>teutationem.</strong></span> <span class='ocrx_word' id='word_1_717' title='bbox 2054 5278 2187 5331; x_wconf 89' lang='lat' dir='ltr'><strong>Cum</strong></span> <span class='ocrx_word' id='word_1_718' title='bbox 2226 5276 2349 5331; x_wconf 82' lang='lat' dir='ltr'><strong>illuc</strong></span> 
     </span>
    </p>
   </div>
   <div class='ocr_carea' id='block_1_100' title="bbox 774 5371 2347 5451">
    <p class='ocr_par' dir='ltr' id='par_1_100' title="bbox 774 5371 2347 5451">
     <span class='ocr_line' id='line_1_100' title="bbox 774 5371 2347 5451; baseline -0.011 -12"><span class='ocrx_word' id='word_1_719' title='bbox 774 5396 953 5439; x_wconf 82' lang='lat' dir='ltr'><strong>autem</strong></span> <span class='ocrx_word' id='word_1_720' title='bbox 1004 5382 1302 5444; x_wconf 86' lang='lat' dir='ltr'><strong>venissem,</strong></span> <span class='ocrx_word' id='word_1_721' title='bbox 1356 5390 1413 5435; x_wconf 90' lang='lat' dir='ltr'><strong>et</strong></span> <span class='ocrx_word' id='word_1_722' title='bbox 1458 5385 1581 5432; x_wconf 86' lang='lat' dir='ltr'><strong>vota</strong></span> <span class='ocrx_word' id='word_1_723' title='bbox 1633 5375 2018 5451; x_wconf 84' lang='lat' dir='ltr'><strong>reddidissem,</strong></span> <span class='ocrx_word' id='word_1_724' title='bbox 2077 5371 2179 5426; x_wconf 81' lang='lat' dir='ltr'><strong>feci</strong></span> <span class='ocrx_word' id='word_1_725' title='bbox 2231 5386 2347 5426; x_wconf 84' lang='lat' dir='ltr'><strong>eam</strong></span> 
     </span>
    </p>
   </div>
   <div class='ocr_carea' id='block_1_101' title="bbox 773 5468 2349 5540">
    <p class='ocr_par' dir='ltr' id='par_1_101' title="bbox 773 5468 2349 5540">
     <span class='ocr_line' id='line_1_101' title="bbox 773 5468 2349 5540; baseline -0.009 -11"><span class='ocrx_word' id='word_1_726' title='bbox 773 5476 1106 5530; x_wconf 72' lang='lat' dir='ltr'><strong>«:atechismo</strong></span> <span class='ocrx_word' id='word_1_727' title='bbox 1139 5473 1331 5528; x_wconf 88' lang='lat' dir='ltr'><strong>instrui</strong></span> <span class='ocrx_word' id='word_1_728' title='bbox 1390 5480 1445 5526; x_wconf 91' lang='lat' dir='ltr'><strong>et</strong></span> <span class='ocrx_word' id='word_1_729' title='bbox 1480 5470 1776 5540; x_wconf 83' lang='lat' dir='ltr'><strong>baptizari,</strong></span> <span class='ocrx_word' id='word_1_730' title='bbox 1815 5477 1869 5523; x_wconf 89' lang='lat' dir='ltr'><strong>et</strong></span> <span class='ocrx_word' id='word_1_731' title='bbox 1898 5468 1964 5520; x_wconf 88' lang='lat' dir='ltr'><strong>de</strong></span> <span class='ocrx_word' id='word_1_732' title='bbox 2008 5474 2205 5519; x_wconf 73' lang='lat' dir='ltr'><strong>cretero</strong></span> <span class='ocrx_word' id='word_1_733' title='bbox 2234 5479 2349 5518; x_wconf 86' lang='lat' dir='ltr'><strong>eam</strong></span> 
     </span>
    </p>
   </div>
   <div class='ocr_carea' id='block_1_102' title="bbox 774 5556 2352 5633">
    <p class='ocr_par' dir='ltr' id='par_1_102' title="bbox 774 5556 2352 5633">
     <span class='ocr_line' id='line_1_102' title="bbox 774 5556 2352 5633; baseline -0.007 -15"><span class='ocrx_word' id='word_1_734' title='bbox 774 5568 1127 5622; x_wconf 61' lang='lat' dir='ltr'><strong>circumduco</strong></span> <span class='ocrx_word' id='word_1_735' title='bbox 1153 5568 1205 5619; x_wconf 91' lang='lat' dir='ltr'><strong>in</strong></span> <span class='ocrx_word' id='word_1_736' title='bbox 1223 5563 1568 5633; x_wconf 85' lang='lat' dir='ltr'><strong>simplicitate</strong></span> <span class='ocrx_word' id='word_1_737' title='bbox 1594 5560 1794 5624; x_wconf 91' lang='lat' dir='ltr'><strong>cordis,</strong></span> <span class='ocrx_word' id='word_1_738' title='bbox 1820 5569 1873 5612; x_wconf 91' lang='lat' dir='ltr'><strong>et</strong></span> <span class='ocrx_word' id='word_1_739' title='bbox 1895 5556 2208 5611; x_wconf 86' lang='lat' dir='ltr'><strong>mendicans</strong></span> <span class='ocrx_word' id='word_1_740' title='bbox 2235 5570 2352 5610; x_wconf 86' lang='lat' dir='ltr'><strong>eam</strong></span> 
     </span>
    </p>
   </div>
   <div class='ocr_carea' id='block_1_103' title="bbox 778 5650 2357 5734">
    <p class='ocr_par' dir='ltr' id='par_1_103' title="bbox 778 5650 2357 5734">
     <span class='ocr_line' id='line_1_103' title="bbox 778 5650 2357 5734; baseline -0.008 -20"><span class='ocrx_word' id='word_1_741' title='bbox 778 5662 886 5719; x_wconf 86' lang='lat' dir='ltr'><strong>alo.</strong></span> <span class='ocrx_word' id='word_1_742' title='bbox 920 5660 1147 5713; x_wconf 88' lang='lat' dir='ltr'><strong>studens</strong></span> <span class='ocrx_word' id='word_1_743' title='bbox 1174 5658 1218 5712; x_wconf 89' lang='lat' dir='ltr'><strong>si</strong></span> <span class='ocrx_word' id='word_1_744' title='bbox 1255 5656 1457 5725; x_wconf 81' lang='lat' dir='ltr'><strong>pOSsim</strong></span> <span class='ocrx_word' id='word_1_745' title='bbox 1492 5670 1612 5709; x_wconf 87' lang='lat' dir='ltr'><strong>eam</strong></span> <span class='ocrx_word' id='word_1_746' title='bbox 1643 5653 1911 5734; x_wconf 81' lang='lat' dir='ltr'><strong>collocare</strong></span> <span class='ocrx_word' id='word_1_747' title='bbox 1941 5652 1994 5703; x_wconf 87' lang='lat' dir='ltr'><strong>iu</strong></span> <span class='ocrx_word' id='word_1_748' title='bbox 2028 5650 2209 5719; x_wconf 85' lang='lat' dir='ltr'><strong>aliquo</strong></span> <span class='ocrx_word' id='word_1_749' title='bbox 2244 5663 2357 5702; x_wconf 86' lang='lat' dir='ltr'><strong>mo-</strong></span> 
     </span>
    </p>
   </div>
   <div class='ocr_carea' id='block_1_104' title="bbox 783 5743 2352 5818">
    <p class='ocr_par' dir='ltr' id='par_1_104' title="bbox 783 5743 2352 5818">
     <span class='ocr_line' id='line_1_104' title="bbox 783 5743 2352 5818; baseline -0.007 -14"><span class='ocrx_word' id='word_1_750' title='bbox 783 5750 1020 5805; x_wconf 83' lang='lat' dir='ltr'><strong>uasterio</strong></span> <span class='ocrx_word' id='word_1_751' title='bbox 1070 5750 1363 5818; x_wconf 77' lang='lat' dir='ltr'><strong>virginum.</strong></span> <span class='ocrx_word' id='word_1_752' title='bbox 1414 5746 1539 5801; x_wconf 62' lang='lat' dir='ltr'><strong>Haec</strong></span> <span class='ocrx_word' id='word_1_753' title='bbox 1572 5762 1690 5800; x_wconf 83' lang='lat' dir='ltr'><strong>cum</strong></span> <span class='ocrx_word' id='word_1_754' title='bbox 1735 5745 1975 5799; x_wconf 82' lang='lat' dir='ltr'><strong>audisset</strong></span> <span class='ocrx_word' id='word_1_755' title='bbox 2019 5744 2105 5797; x_wconf 91' lang='lat' dir='ltr'><strong>ille</strong></span> <span class='ocrx_word' id='word_1_756' title='bbox 2142 5743 2352 5805; x_wconf 79' lang='lat' dir='ltr'><strong>Beatus,</strong></span> 
     </span>
    </p>
   </div>
   <div class='ocr_carea' id='block_1_105' title="bbox 784 5837 2355 5913">
    <p class='ocr_par' dir='ltr' id='par_1_105' title="bbox 784 5837 2355 5913">
     <span class='ocr_line' id='line_1_105' title="bbox 784 5837 2355 5913; baseline -0.006 -18"><span class='ocrx_word' id='word_1_757' title='bbox 784 5844 969 5913; x_wconf 75' lang='lat' dir='ltr'><strong>Papze,</strong></span> <span class='ocrx_word' id='word_1_758' title='bbox 1016 5845 1224 5911; x_wconf 84' lang='lat' dir='ltr'><strong>inquit,</strong></span> <span class='ocrx_word' id='word_1_759' title='bbox 1273 5857 1432 5909; x_wconf 83' lang='lat' dir='ltr'><strong>quam</strong></span> <span class='ocrx_word' id='word_1_760' title='bbox 1470 5840 1618 5893; x_wconf 75' lang='lat' dir='ltr'><strong>inuiti</strong></span> <span class='ocrx_word' id='word_1_761' title='bbox 1663 5849 1787 5893; x_wconf 90' lang='lat' dir='ltr'><strong>sunt</strong></span> <span class='ocrx_word' id='word_1_762' title='bbox 1825 5838 2017 5891; x_wconf 72' lang='grc' dir='ltr'>θαι-ιῑΙΙῘ</span> <span class='ocrx_word' id='word_1_763' title='bbox 2062 5837 2202 5890; x_wconf 71' lang='lat' dir='ltr'><strong>scrxi</strong></span> <span class='ocrx_word' id='word_1_764' title='bbox 2244 5838 2355 5897; x_wconf 74' lang='lat' dir='ltr'><strong>liei,</strong></span> 
     </span>
    </p>
   </div>
   <div class='ocr_carea' id='block_1_106' title="bbox 780 5930 2355 6002">
    <p class='ocr_par' dir='ltr' id='par_1_106' title="bbox 780 5930 2355 6002">
     <span class='ocr_line' id='line_1_106' title="bbox 780 5930 2355 6002; baseline -0.003 -17"><span class='ocrx_word' id='word_1_765' title='bbox 780 5936 993 5990; x_wconf 73' lang='lat' dir='ltr'><strong>etiamsi</strong></span> <span class='ocrx_word' id='word_1_766' title='bbox 1033 5938 1141 5990; x_wconf 83' lang='lat' dir='ltr'><strong>siut</strong></span> <span class='ocrx_word' id='word_1_767' title='bbox 1180 5935 1336 5989; x_wconf 88' lang='lat' dir='ltr'><strong>nobis</strong></span> <span class='ocrx_word' id='word_1_768' title='bbox 1383 5934 1582 6002; x_wconf 75' lang='lat' dir='ltr'><strong>iguod!</strong></span> <span class='ocrx_word' id='word_1_769' title='bbox 1627 5931 1762 5987; x_wconf 84' lang='lat' dir='ltr'><strong>Cum</strong></span> <span class='ocrx_word' id='word_1_770' title='bbox 1811 5940 1986 5986; x_wconf 84' lang='lat' dir='ltr'><strong>autem</strong></span> <span class='ocrx_word' id='word_1_771' title='bbox 2029 5930 2355 5985; x_wconf 86' lang='lat' dir='ltr'><strong>monachum</strong></span> 
     </span>
    </p>
   </div>
   <div class='ocr_carea' id='block_1_107' title="bbox 2447 4727 4037 4809">
    <p class='ocr_par' dir='ltr' id='par_1_107' title="bbox 2447 4727 4037 4809">
     <span class='ocr_line' id='line_1_107' title="bbox 2447 4727 4037 4809; baseline 0.01 -34"><span class='ocrx_word' id='word_1_772' title='bbox 2447 4729 2582 4794; x_wconf 73' lang='grc' dir='ltr'>πρδς</span> <span class='ocrx_word' id='word_1_773' title='bbox 2608 4727 2847 4794; x_wconf 73' lang='grc' dir='ltr'>ἑσπέραν</span> <span class='ocrx_word' id='word_1_774' title='bbox 2882 4728 2914 4794; x_wconf 88' lang='grc' dir='ltr'><strong>ἠ</strong></span> <span class='ocrx_word' id='word_1_775' title='bbox 2943 4728 3079 4799; x_wconf 88' lang='grc' dir='ltr'>κόρη</span> <span class='ocrx_word' id='word_1_776' title='bbox 3112 4727 3273 4798; x_wconf 77' lang='grc' dir='ltr'>αὕτη,</span> <span class='ocrx_word' id='word_1_777' title='bbox 3307 4732 3535 4794; x_wconf 76' lang='grc' dir='ltr'>καὶτοῖς</span> <span class='ocrx_word' id='word_1_778' title='bbox 3582 4735 3711 4785; x_wconf 73' lang='grc' dir='ltr'>ποσὶ</span> <span class='ocrx_word' id='word_1_779' title='bbox 3732 4740 3845 4799; x_wconf 84' lang='grc' dir='ltr'>τοῖς</span> <span class='ocrx_word' id='word_1_780' title='bbox 3878 4742 4037 4809; x_wconf 65' lang='grc' dir='ltr'>ἐμοῖς</span> 
     </span>
    </p>
   </div>
   <div class='ocr_carea' id='block_1_108' title="bbox 2449 4819 4038 4899">
    <p class='ocr_par' dir='ltr' id='par_1_108' title="bbox 2449 4819 4038 4899">
     <span class='ocr_line' id='line_1_108' title="bbox 2449 4819 4038 4899; baseline 0.012 -31"><span class='ocrx_word' id='word_1_781' title='bbox 2449 4819 2782 4891; x_wconf 81' lang='grc' dir='ltr'>προσπίπτει</span> <span class='ocrx_word' id='word_1_782' title='bbox 2840 4820 3154 4874; x_wconf 81' lang='grc' dir='ltr'>συνοδεῦσαί</span> <span class='ocrx_word' id='word_1_783' title='bbox 3210 4840 3299 4891; x_wconf 83' lang='grc' dir='ltr'><strong>μοι</strong></span> <span class='ocrx_word' id='word_1_784' title='bbox 3338 4823 3565 4895; x_wconf 83' lang='grc' dir='ltr'>δεομένη</span> <span class='ocrx_word' id='word_1_785' title='bbox 3616 4828 3694 4897; x_wconf 79' lang='grc' dir='ltr'>τῷ</span> <span class='ocrx_word' id='word_1_786' title='bbox 3738 4830 4038 4899; x_wconf 50' lang='grc' dir='ltr'>βούὴσθαι</span> 
     </span>
    </p>
   </div>
   <div class='ocr_carea' id='block_1_109' title="bbox 2449 4910 4038 4993">
    <p class='ocr_par' dir='ltr' id='par_1_109' title="bbox 2449 4910 4038 4993">
     <span class='ocr_line' id='line_1_109' title="bbox 2449 4910 4038 4993; baseline 0.011 -31"><span class='ocrx_word' id='word_1_787' title='bbox 2449 4912 2700 4980; x_wconf 85' lang='grc' dir='ltr'>γενέσθαι</span> <span class='ocrx_word' id='word_1_788' title='bbox 2738 4910 3104 4984; x_wconf 72' lang='grc' dir='ltr'>Χριστιανήνο</span> <span class='ocrx_word' id='word_1_789' title='bbox 3153 4915 3376 4987; x_wconf 74' lang='grc' dir='ltr'>Ἐεραία</span> <span class='ocrx_word' id='word_1_790' title='bbox 3428 4919 3536 4989; x_wconf 78' lang='grc' dir='ltr'>γὰρ</span> <span class='ocrx_word' id='word_1_791' title='bbox 3565 4917 3653 4992; x_wconf 75' lang='grc' dir='ltr'><strong>ἦν.</strong></span> <span class='ocrx_word' id='word_1_792' title='bbox 3689 4923 3909 4993; x_wconf 83' lang='grc' dir='ltr'>Ἔγωγε</span> <span class='ocrx_word' id='word_1_793' title='bbox 3940 4929 4038 4982; x_wconf 78' lang='grc' dir='ltr'>οὖν</span> 
     </span>
    </p>
   </div>
   <div class='ocr_carea' id='block_1_110' title="bbox 2450 5004 4040 5088">
    <p class='ocr_par' dir='ltr' id='par_1_110' title="bbox 2450 5004 4040 5088">
     <span class='ocr_line' id='line_1_110' title="bbox 2450 5004 4040 5088; baseline 0.012 -33"><span class='ocrx_word' id='word_1_794' title='bbox 2450 5004 2510 5056; x_wconf 72' lang='grc' dir='ltr'>τὸ</span> <span class='ocrx_word' id='word_1_795' title='bbox 2533 5006 2640 5056; x_wconf 82' lang='grc' dir='ltr'><strong>ἀπὸ</strong></span> <span class='ocrx_word' id='word_1_796' title='bbox 2697 5004 2831 5057; x_wconf 78' lang='grc' dir='ltr'>Θεοῦ</span> <span class='ocrx_word' id='word_1_797' title='bbox 2861 5006 3047 5070; x_wconf 85' lang='grc' dir='ltr'>δείσας</span> <span class='ocrx_word' id='word_1_798' title='bbox 3099 5010 3419 5080; x_wconf 83' lang='grc' dir='ltr'>κατάκριμα</span> <span class='ocrx_word' id='word_1_799' title='bbox 3444 5014 3726 5083; x_wconf 81' lang='grc' dir='ltr'>εἰρηκότος</span> <span class='ocrx_word' id='word_1_800' title='bbox 3768 5022 3845 5088; x_wconf 84' lang='grc' dir='ltr'>μή</span> <span class='ocrx_word' id='word_1_801' title='bbox 3891 5036 4040 5084; x_wconf 69' lang='grc' dir='ltr'>τινος</span> 
     </span>
    </p>
   </div>
   <div class='ocr_carea' id='block_1_111' title="bbox 2453 5099 4041 5186">
    <p class='ocr_par' dir='ltr' id='par_1_111' title="bbox 2453 5099 4041 5186">
     <span class='ocr_line' id='line_1_111' title="bbox 2453 5099 4041 5186; baseline 0.013 -39"><span class='ocrx_word' id='word_1_802' title='bbox 2453 5101 2814 5166; x_wconf 80' lang='grc' dir='ltr'>καταφρονεῖν</span> <span class='ocrx_word' id='word_1_803' title='bbox 2868 5099 2975 5151; x_wconf 87' lang='grc' dir='ltr'><strong>τῶν</strong></span> <span class='ocrx_word' id='word_1_804' title='bbox 3027 5103 3258 5172; x_wconf 81' lang='grc' dir='ltr'>μικρῶν,</span> <span class='ocrx_word' id='word_1_805' title='bbox 3295 5104 3608 5169; x_wconf 77' lang='grc' dir='ltr'>ὑπακούσας</span> <span class='ocrx_word' id='word_1_806' title='bbox 3645 5111 4041 5186; x_wconf 79' lang='grc' dir='ltr'>παρεδεξάμην</span> 
     </span>
    </p>
   </div>
   <div class='ocr_carea' id='block_1_112' title="bbox 2453 5190 4043 5275">
    <p class='ocr_par' dir='ltr' id='par_1_112' title="bbox 2453 5190 4043 5275">
     <span class='ocr_line' id='line_1_112' title="bbox 2453 5190 4043 5275; baseline 0.015 -36"><span class='ocrx_word' id='word_1_807' title='bbox 2453 5190 2550 5259; x_wconf 73' lang='grc' dir='ltr'>τὴν</span> <span class='ocrx_word' id='word_1_808' title='bbox 2579 5192 2849 5255; x_wconf 83' lang='grc' dir='ltr'>συνοδίαν,</span> <span class='ocrx_word' id='word_1_809' title='bbox 2873 5192 3047 5255; x_wconf 81' lang='grc' dir='ltr'>ἄλλως</span> <span class='ocrx_word' id='word_1_810' title='bbox 3082 5211 3134 5246; x_wconf 86' lang='grc' dir='ltr'><strong>τε</strong></span> <span class='ocrx_word' id='word_1_811' title='bbox 3168 5197 3263 5249; x_wconf 72' lang='grc' dir='ltr'>καὶ</span> <span class='ocrx_word' id='word_1_812' title='bbox 3290 5197 3574 5270; x_wconf 67' lang='grc' dir='ltr'>θαρρήσας</span> <span class='ocrx_word' id='word_1_813' title='bbox 3600 5202 3684 5255; x_wconf 86' lang='grc' dir='ltr'>ὅτι</span> <span class='ocrx_word' id='word_1_814' title='bbox 3721 5222 3817 5273; x_wconf 85' lang='grc' dir='ltr'><strong>μοι</strong></span> <span class='ocrx_word' id='word_1_815' title='bbox 3848 5210 4043 5275; x_wconf 80' lang='grc' dir='ltr'>μελῶν</span> 
     </span>
    </p>
   </div>
   <div class='ocr_carea' id='block_1_113' title="bbox 2455 5282 4047 5374">
    <p class='ocr_par' dir='ltr' id='par_1_113' title="bbox 2455 5282 4047 5374">
     <span class='ocr_line' id='line_1_113' title="bbox 2455 5282 4047 5374; baseline 0.013 -41"><span class='ocrx_word' id='word_1_816' title='bbox 2455 5282 2626 5345; x_wconf 67' lang='grc' dir='ltr'>οὕτως</span> <span class='ocrx_word' id='word_1_817' title='bbox 2682 5286 2877 5353; x_wconf 72' lang='grc' dir='ltr'>ἔχοντι,</span> <span class='ocrx_word' id='word_1_818' title='bbox 2931 5288 3029 5338; x_wconf 72' lang='grc' dir='ltr'>οὐκ</span> <span class='ocrx_word' id='word_1_819' title='bbox 3086 5288 3154 5341; x_wconf 81' lang='grc' dir='ltr'>ἂν</span> <span class='ocrx_word' id='word_1_820' title='bbox 3199 5289 3286 5360; x_wconf 76' lang='grc' dir='ltr'>εἴη</span> <span class='ocrx_word' id='word_1_821' title='bbox 3316 5291 3393 5361; x_wconf 81' lang='grc' dir='ltr'>τῷ</span> <span class='ocrx_word' id='word_1_822' title='bbox 3424 5294 3605 5364; x_wconf 80' lang='grc' dir='ltr'>ἐχθρῷ</span> <span class='ocrx_word' id='word_1_823' title='bbox 3633 5297 3819 5367; x_wconf 73' lang='grc' dir='ltr'>ῥᾴδιον</span> <span class='ocrx_word' id='word_1_824' title='bbox 3842 5318 4047 5374; x_wconf 62' lang='lat' dir='ltr'><strong>amp:-</strong></span> 
     </span>
    </p>
   </div>
   <div class='ocr_carea' id='block_1_114' title="bbox 2459 5374 4048 5463">
    <p class='ocr_par' dir='ltr' id='par_1_114' title="bbox 2459 5374 4048 5463">
     <span class='ocr_line' id='line_1_114' title="bbox 2459 5374 4048 5463; baseline 0.016 -40"><span class='ocrx_word' id='word_1_825' title='bbox 2459 5374 2592 5441; x_wconf 86' lang='grc' dir='ltr'>σμόν</span> <span class='ocrx_word' id='word_1_826' title='bbox 2630 5392 2719 5441; x_wconf 85' lang='grc' dir='ltr'><strong>μοι</strong></span> <span class='ocrx_word' id='word_1_827' title='bbox 2782 5377 3163 5431; x_wconf 79' lang='grc' dir='ltr'>ἐπισκευάσαι.</span> <span class='ocrx_word' id='word_1_828' title='bbox 3229 5380 3439 5439; x_wconf 80' lang='grc' dir='ltr'>Ἐκείσε</span> <span class='ocrx_word' id='word_1_829' title='bbox 3503 5386 3689 5453; x_wconf 76' lang='grc' dir='ltr'>μέντοι</span> <span class='ocrx_word' id='word_1_830' title='bbox 3741 5400 4048 5463; x_wconf 73' lang='grc' dir='ltr'>γενόμενος</span> 
     </span>
    </p>
   </div>
   <div class='ocr_carea' id='block_1_115' title="bbox 2458 5466 4049 5554">
    <p class='ocr_par' dir='ltr' id='par_1_115' title="bbox 2458 5466 4049 5554">
     <span class='ocr_line' id='line_1_115' title="bbox 2458 5466 4049 5554; baseline 0.014 -38"><span class='ocrx_word' id='word_1_831' title='bbox 2458 5466 2673 5529; x_wconf 77' lang='grc' dir='ltr'>καὶτὰς</span> <span class='ocrx_word' id='word_1_832' title='bbox 2704 5468 2866 5536; x_wconf 76' lang='grc' dir='ltr'>εὐχὰς</span> <span class='ocrx_word' id='word_1_833' title='bbox 2898 5470 3154 5534; x_wconf 81' lang='grc' dir='ltr'>ἀποδοὺς,</span> <span class='ocrx_word' id='word_1_834' title='bbox 3209 5475 3590 5547; x_wconf 73' lang='grc' dir='ltr'>κατηχηθῆναί</span> <span class='ocrx_word' id='word_1_835' title='bbox 3628 5497 3687 5532; x_wconf 88' lang='grc' dir='ltr'><strong>τε</strong></span> <span class='ocrx_word' id='word_1_836' title='bbox 3720 5483 3901 5554; x_wconf 74' lang='grc' dir='ltr'>αὐτὴν</span> <span class='ocrx_word' id='word_1_837' title='bbox 3952 5491 4049 5541; x_wconf 76' lang='grc' dir='ltr'>καὶ</span> 
     </span>
    </p>
   </div>
   <div class='ocr_carea' id='block_1_116' title="bbox 2461 5557 4051 5648">
    <p class='ocr_par' dir='ltr' id='par_1_116' title="bbox 2461 5557 4051 5648">
     <span class='ocr_line' id='line_1_116' title="bbox 2461 5557 4051 5648; baseline 0.016 -40"><span class='ocrx_word' id='word_1_838' title='bbox 2461 5557 2825 5628; x_wconf 75' lang='grc' dir='ltr'>βαπτισθῆναι</span> <span class='ocrx_word' id='word_1_839' title='bbox 2851 5563 3164 5632; x_wconf 74' lang='grc' dir='ltr'>πεποίηκα’</span> <span class='ocrx_word' id='word_1_840' title='bbox 3208 5568 3301 5618; x_wconf 63' lang='grc' dir='ltr'><strong>καὶ⁵</strong></span> <span class='ocrx_word' id='word_1_841' title='bbox 3337 5570 3397 5620; x_wconf 77' lang='grc' dir='ltr'>τὸ</span> <span class='ocrx_word' id='word_1_842' title='bbox 3445 5570 3555 5622; x_wconf 81' lang='grc' dir='ltr'><strong>ἀπὸ</strong></span> <span class='ocrx_word' id='word_1_843' title='bbox 3604 5573 3760 5626; x_wconf 78' lang='grc' dir='ltr'>τοῦδε</span> <span class='ocrx_word' id='word_1_844' title='bbox 3805 5580 4051 5648; x_wconf 72' lang='grc' dir='ltr'>καρδίας</span> 
     </span>
    </p>
   </div>
   <div class='ocr_carea' id='block_1_117' title="bbox 2462 5650 4047 5730">
    <p class='ocr_par' dir='ltr' id='par_1_117' title="bbox 2462 5650 4047 5730">
     <span class='ocr_line' id='line_1_117' title="bbox 2462 5650 4047 5730; baseline 0.011 -29"><span class='ocrx_word' id='word_1_845' title='bbox 2462 5650 2724 5717; x_wconf 81' lang='grc' dir='ltr'>ἁπλότητι</span> <span class='ocrx_word' id='word_1_846' title='bbox 2774 5652 3025 5720; x_wconf 86' lang='grc' dir='ltr'>περιάγω</span> <span class='ocrx_word' id='word_1_847' title='bbox 3052 5653 3148 5705; x_wconf 73' lang='grc' dir='ltr'>καὶ</span> <span class='ocrx_word' id='word_1_848' title='bbox 3176 5656 3489 5725; x_wconf 81' lang='grc' dir='ltr'>προσαιτῶν</span> <span class='ocrx_word' id='word_1_849' title='bbox 3523 5660 3731 5729; x_wconf 68' lang='grc' dir='ltr'>τρέφω,</span> <span class='ocrx_word' id='word_1_850' title='bbox 3765 5666 4047 5730; x_wconf 73' lang='grc' dir='ltr'>σπεύδων,</span> 
     </span>
    </p>
   </div>
   <div class='ocr_carea' id='block_1_118' title="bbox 2462 5741 4053 5823">
    <p class='ocr_par' dir='ltr' id='par_1_118' title="bbox 2462 5741 4053 5823">
     <span class='ocr_line' id='line_1_118' title="bbox 2462 5741 4053 5823; baseline 0.011 -31"><span class='ocrx_word' id='word_1_851' title='bbox 2462 5742 2508 5793; x_wconf 86' lang='grc' dir='ltr'>εἰ</span> <span class='ocrx_word' id='word_1_852' title='bbox 2532 5741 2756 5804; x_wconf 79' lang='grc' dir='ltr'>δυνατὸς</span> <span class='ocrx_word' id='word_1_853' title='bbox 2792 5744 3077 5812; x_wconf 75' lang='grc' dir='ltr'>γενοῖμην,</span> <span class='ocrx_word' id='word_1_854' title='bbox 3115 5748 3208 5799; x_wconf 80' lang='grc' dir='ltr'>καὶ</span> <span class='ocrx_word' id='word_1_855' title='bbox 3252 5748 3560 5818; x_wconf 84' lang='grc' dir='ltr'>παρθενῶνι</span> <span class='ocrx_word' id='word_1_856' title='bbox 3591 5753 3763 5823; x_wconf 79' lang='grc' dir='ltr'>αὐτὴν</span> <span class='ocrx_word' id='word_1_857' title='bbox 3803 5749 4053 5823; x_wconf 67' lang='grc' dir='ltr'>ἐγκατα-</span> 
     </span>
    </p>
   </div>
   <div class='ocr_carea' id='block_1_119' title="bbox 2464 5836 4056 5917">
    <p class='ocr_par' dir='ltr' id='par_1_119' title="bbox 2464 5836 4056 5917">
     <span class='ocr_line' id='line_1_119' title="bbox 2464 5836 4056 5917; baseline 0.004 -29"><span class='ocrx_word' id='word_1_858' title='bbox 2464 5836 2642 5901; x_wconf 72' lang='grc' dir='ltr'>τάξαι.</span> <span class='ocrx_word' id='word_1_859' title='bbox 2678 5837 2720 5887; x_wconf 88' lang='grc' dir='ltr'><strong>Τ</strong></span> <span class='ocrx_word' id='word_1_860' title='bbox 2724 5838 2864 5890; x_wconf 83' lang='grc' dir='ltr'>αὕτα</span> <span class='ocrx_word' id='word_1_861' title='bbox 2916 5840 3227 5895; x_wconf 77' lang='grc' dir='ltr'>ακούσαντα</span> <span class='ocrx_word' id='word_1_862' title='bbox 3255 5844 3347 5897; x_wconf 82' lang='grc' dir='ltr'>τὸν</span> <span class='ocrx_word' id='word_1_863' title='bbox 3374 5848 3667 5917; x_wconf 84' lang='grc' dir='ltr'>μακάριον,</span> <span class='ocrx_word' id='word_1_864' title='bbox 3710 5849 3918 5915; x_wconf 66' lang='grc' dir='ltr'>Βασαι,</span> <span class='ocrx_word' id='word_1_865' title='bbox 3956 5852 4056 5905; x_wconf 72' lang='grc' dir='ltr'><strong>πό.</strong></span> 
     </span>
    </p>
   </div>
   <div class='ocr_carea' id='block_1_120' title="bbox 2467 5932 4050 6011">
    <p class='ocr_par' dir='ltr' id='par_1_120' title="bbox 2467 5932 4050 6011">
     <span class='ocr_line' id='line_1_120' title="bbox 2467 5932 4050 6011; baseline 0.008 -30"><span class='ocrx_word' id='word_1_866' title='bbox 2467 5947 2573 5995; x_wconf 71' lang='grc' dir='ltr'>οοι,</span> <span class='ocrx_word' id='word_1_867' title='bbox 2604 5932 2791 5999; x_wconf 73' lang='grc' dir='ltr'>φάναι,</span> <span class='ocrx_word' id='word_1_868' title='bbox 2822 5932 3045 6001; x_wconf 61' lang='grc' dir='ltr'>κρύφιοι</span> <span class='ocrx_word' id='word_1_869' title='bbox 3078 5933 3173 5987; x_wconf 82' lang='grc' dir='ltr'>τοῦ</span> <span class='ocrx_word' id='word_1_870' title='bbox 3201 5935 3336 5990; x_wconf 85' lang='grc' dir='ltr'>Θεοῦ</span> <span class='ocrx_word' id='word_1_871' title='bbox 3363 5937 3561 6005; x_wconf 79' lang='grc' dir='ltr'>δοῦλοι,</span> <span class='ocrx_word' id='word_1_872' title='bbox 3605 5940 3709 5994; x_wconf 80' lang='grc' dir='ltr'>κᾶν</span> <span class='ocrx_word' id='word_1_873' title='bbox 3741 5943 3876 6011; x_wconf 76' lang='grc' dir='ltr'>ἡμῖν</span> <span class='ocrx_word' id='word_1_874' title='bbox 3902 5938 4050 5998; x_wconf 70' lang='grc' dir='ltr'>οὗτοι</span> 
     </span>
    </p>
   </div>
  </div>
