4148 6486
141 429 252 495 937

1111 434 1284 493 VITA
1326 435 1385 498 S.
1428 437 1752 498 JOANNIS
1795 440 2434 513 ELEEMOSYNARII.

3293 476 3398 538 938

138 543 486 610 τυγχάνωσιν
524 544 815 610 ἄγνωστοι.
840 542 942 596 Τὸν
979 544 1161 612 μέντοι
1194 550 1428 618 μοναχὸν
1459 551 1693 619 νομίσμα

1784 569 1798 610 ι
1831 554 2054 611 donaret
2089 570 2303 615 centum
2336 569 2601 636 nummis,
2637 571 2723 626 ille
2760 590 2864 630 non
2897 581 3138 648 accepit.
3172 585 3359 640 dicens
3388 607 3400 639 :

138 650 229 686 σιν
282 637 480 688 ἑκατὸν
507 636 877 708 δωρουμένου,
927 640 1136 702 ἐκεῖνος
1167 642 1229 693 οὐ
1270 643 1622 711 παρεδέξατο,
1668 647 1724 698 Ὀ

136 727 399 795 μοναχδς,
435 728 626 792 εἰπὼν,
658 730 705 779 εί
736 728 847 796 ἔχοι
879 730 1082 792 πίστιν,
1117 730 1178 783 οὐ
1201 729 1369 783 δεῖται
1403 734 1718 803 χρημάτων·

134 818 184 865 εξ
220 815 278 867 δὲ
314 818 616 886 χρημάτων
672 817 811 879 ὅλως
869 820 990 888 ἐρᾷ,
1028 819 1266 883 πίστεως
1321 824 1537 886 πάντως
1577 826 1722 877 ἐστὶν

132 908 573 976 ἕρημος.Ταῦτα
603 909 770 963 εἰπὼν
801 910 894 962 καὶ
931 911 1300 983 προσκύνησιν
1331 915 1717 984 ποιησάμενος,

133 998 316 1048 ἀπιὼν
347 998 540 1068 ᾤχετο.

197 1091 346 1142 MH'.
378 1092 572 1154 Ὅπως
607 1091 664 1144 δὲ
695 1092 1156 1158 ἁξιοσπούδαστον
1179 1090 1246 1166 ἦν
1295 1097 1329 1166 ἡ
1359 1097 1452 1148 τοῦ
1489 1098 1715 1151 θανάτου

129 1182 325 1251 μνήμη
355 1183 433 1251 τῷ
492 1185 770 1253 μακαρίῳ,
825 1186 918 1237 καὶ
945 1185 1019 1248 ὡς
1049 1185 1194 1254 ἔχειν
1239 1188 1410 1255 αὐτὴν
1441 1190 1716 1254 ἀνεξάλει-

128 1291 266 1326 πτον
297 1276 427 1342 περὶ
481 1277 679 1338 παντὸς
728 1279 985 1339 ἐποιεῖτο,
1022 1279 1238 1347 εἴρηται
1265 1281 1364 1348 μὲν
1395 1283 1486 1333 καὶ
1523 1284 1712 1351 πρότε-

128 1384 247 1432 ρον,
295 1368 576 1435 εἰρήσεται
628 1370 685 1420 δὲ
737 1371 831 1421 καὶ
859 1370 972 1423 νῦν.
1009 1372 1398 1441 Θανατηφὸρου
1446 1376 1552 1444 γάρ
1585 1393 1712 1427 ποτε

125 1460 284 1509 νόσου
315 1460 416 1527 τὴν
441 1460 593 1511 πόλιν
620 1461 1059 1529 καταλαῦούσης,
1081 1465 1240 1532 ἔργον
1267 1460 1334 1534 ἦν
1362 1467 1551 1536 ἐκείνῳ
1579 1468 1714 1519 πάν-

123 1567 229 1601 των
263 1551 716 1618 ἐπιμελέστατον,
747 1553 807 1605 τὸ
836 1555 986 1623 θαμὰ
1040 1558 1317 1625 παριέναι,
1356 1560 1492 1626 πρός
1515 1578 1568 1610 τε
1602 1561 1710 1612 τῶν

123 1642 425 1693 νοσούντων
457 1644 747 1709 ἐπίσκεψιν
809 1647 904 1696 καὶ
936 1649 1033 1713 τὴν
1069 1646 1178 1698 τῶν
1211 1648 1584 1701 τελευτώντων
1614 1667 1709 1702 τα-

125 1732 231 1798 φήν
255 1747 268 1758 ·
301 1733 560 1794 πολλάκις
590 1735 646 1786 δὲ
668 1738 758 1787 καὶ
786 1736 1196 1805 ψυχορῤαγοῦσι
1220 1741 1598 1808 παρεκάθητο.
1615 1745 1706 1793 καὶ

123 1824 248 1881 τοὺς
283 1824 599 1892 ὀφθαλμοὺς
621 1827 798 1877 αὐτῶν
827 1828 1058 1890 οἰκείαις
1083 1833 1271 1898 χερσὶν
1305 1832 1702 1885 ἐπεκάλυπτεν·

124 1915 400 1981 ἐπέτρεπε

118 2004 266 2065 diu;
295 2006 593 2069 ἐπιτελεῖν,
631 2009 1040 2079 ίσχυριζόμενὸς
1064 2029 1123 2062 τε
1149 2014 1240 2063 καὶ
1269 2013 1614 2078 διαϐεὸτιῶν,
1634 2019 1700 2068 τά

121 2097 333 2159 μεγαλα
389 2101 504 2159 τοῖς
568 2102 982 2169 κατοιχομένοις
1040 2102 1342 2157 λυσιτελεῖν
1405 2106 1505 2169 τὰς
1563 2107 1700 2178 ὑπὲρ

119 2185 295 2235 αζτῶν
329 2187 550 2254 μνήμας
577 2191 668 2240 καὶ
701 2190 1062 2256 λειτουργίας.

182 2276 321 2326 118'.
354 2277 445 2337 Εἰς
476 2282 655 2329 πίστιν
679 2280 733 2330 δὲ
766 2281 871 2331 τῶν
908 2283 1218 2350 λεγομένων
1245 2286 1338 2337 καί
1367 2304 1418 2339 τι
1457 2288 1696 2342 τοιοῦτον

116 2365 168 2414 ο)
202 2369 309 2435 πρὸ
345 2368 543 2420 πολλοῦ
571 2371 866 2439 γενόμενον
907 2377 1172 2443 ἐξηγεῖτο.
1239 2379 1431 2447 Ἔλεγε
1485 2383 1591 2452 γὰρ
1621 2385 1692 2446 ὠς

118 2456 213 2506 ὑπὸ
247 2460 478 2524 Περσῶν
510 2479 592 2523 τις
628 2465 708 2526 είς
765 2467 998 2533 Περσίδα
1026 2471 1370 2538 αἰχμάλωτος
1403 2475 1688 2544 ἀπαχθεὶς,

116 2549 166 2596 ὲν
195 2551 261 2617 τῇ
293 2550 510 2621 φυλακῇ
541 2555 573 2622 ἥ
602 2553 743 2608 οὕτω
767 2559 1012 2611 καλεῖται
1043 2562 1218 2631 Λήθη,
1252 2564 1468 2632 δέσμιος
1495 2571 1690 2637 ἐφρου-

116 2641 251 2701 ρεῖτο
270 2656 284 2668 ’
309 2644 474 2709 νόμος
503 2644 558 2697 δὲ
591 2651 739 2716 παρά
766 2651 1000 2718 Πέρσαις
1024 2655 1243 2720 ἐκράτει
1271 2658 1535 2724 τοιοῦτος,
1563 2663 1686 2726 τοὺς

113 2730 164 2779 ἐν
191 2734 251 2800 τῇ
300 2735 520 2804 φυλακῇ
554 2740 674 2806 τῇδε
709 2742 1131 2809 καθειρχθέντας
1163 2749 1552 2805 ἀνακαλεῖσθαι
1581 2772 1685 2824 μη-

115 2820 294 2874 δέποτε
325 2839 340 2853 ·
372 2827 548 2897 ταύτῃ
583 2845 664 2880 τοι
711 2831 802 2882 καὶ
833 2833 984 2901 Λήθη
1035 2838 1172 2906 αὐτῇ
1230 2839 1289 2890 τὸ
1324 2841 1492 2909 ὖνομα
1547 2848 1686 2900 κατὰ

114 2910 261 2978 λογον
294 2916 481 2984 ἐτέθη.
533 2920 766 2974 Ἐκεῖθεν
797 2922 889 2974 οὖν
915 2925 1223 2995 ἀποδρᾶσαί
1276 2948 1419 2994 τινες
1468 2934 1683 2990 δυνατοὶ

116 3005 389 3074 γεινὸμενοι
427 3009 520 3061 καὶ
543 3011 641 3080 τὴν
670 3012 896 3083 Κύ-ττρον
927 3020 1278 3087 καωλαὸεῖν,
1306 3029 1415 3088 τοῖς
1443 3028 1534 3079 τοῦ
1564 3047 1684 3084 νεα-

114 3094 290 3147 νίσκου
324 3102 622 3168 πατράσιν,
683 3105 757 3166 ὡς
810 3108 895 3176 εἴη
922 3111 1198 3180 τεθνηκὼς
1247 3119 1304 3165 ἐν
1357 3121 1421 3188 τῇ
1467 3121 1680 3192 φυλακῇ

1831 643 2122 704 Monachus
2152 651 2196 706 si
2232 654 2390 710 habet
2411 659 2591 724 Iidem,
2626 679 2729 718 non
2765 667 2964 734 indiget
2996 675 3238 742 pecuniis
3271 695 3284 729 :
3323 681 3404 733 sin

1827 749 2006 794 autem
2035 747 2256 802 omnino
2287 762 2453 816 amat,
2487 765 2567 807 est
2597 760 2818 814 omnino
2847 762 2948 818 (ide
2978 765 3237 824 defectus.
3279 771 3401 829 Ilrec

1825 843 1949 884 cum
1974 833 2195 891 dixisset
2226 849 2277 894 et
2300 843 2597 912 adorasset,
2633 853 2880 907 recessit.

1891 1092 2118 1155 XLVIII.
2161 1103 2332 1167 Quam
2377 1122 2626 1178 magnum
2671 1125 2848 1171 autem
2887 1122 3120 1176 studium
3171 1141 3395 1195 poneret

1825 1186 2034 1255 beatus,
2065 1203 2122 1245 ut
2151 1198 2339 1250 mortis
2372 1204 2726 1266 meminisset.
2753 1218 2804 1261 et
2830 1215 2970 1278 quod
3004 1216 3215 1281 plurimi
3251 1221 3394 1277 face-

1820 1290 1900 1334 ret
1934 1283 2143 1338 ellicere
2167 1302 2231 1340 ne
2257 1289 2375 1356 ejus
2405 1297 2706 1352 recordatio
2732 1300 3020 1366 deleretur,
3047 1308 3246 1364 dictum
3271 1316 3391 1380 qni-

1818 1373 1935 1426 dem
1983 1386 2066 1428 est
2106 1379 2277 1443 prius,
2322 1384 2529 1438 dicetur
2573 1400 2754 1444 autem
2800 1410 2938 1450 nunc
2972 1414 3206 1468 quoque.
3256 1405 3386 1461 Nam

1815 1480 1932 1518 cum
1962 1470 2171 1524 ietlialis
2199 1475 2416 1528 morbus
2444 1477 2734 1546 aliquando
2765 1485 3052 1546 invasisset
3084 1495 3384 1564 civitatem,

1815 1558 2059 1611 maxima:
2092 1560 2165 1613 illi
2196 1574 2314 1616 erat
2345 1581 2488 1620 curre
2513 1573 2774 1628 accedere
2805 1579 2870 1630 ad
2900 1595 3222 1649 aegrotorum
3261 1592 3386 1644 visi-

1812 1648 2104 1714 tationem,
2161 1663 2214 1704 et
2268 1671 2455 1708 eorum
2514 1663 2603 1726 qui
2653 1665 2982 1723 decedebant
3029 1681 3381 1743 sepulturam.

1811 1738 1963 1805 Saepe
1994 1754 2170 1795 autem
2205 1745 2368 1800 etiam
2398 1752 2670 1807 assidebat
2705 1756 2769 1810 iis
2804 1760 2892 1828 qui
2922 1738 3237 1822 emittebant
3269 1777 3384 1824 :tni-

1810 1845 1974 1891 mani,
2001 1843 2048 1884 et
2076 1849 2259 1887 eorum
2287 1841 2470 1894 oculos
2496 1845 2608 1898 suis
2634 1848 2844 1915 tegebat
2865 1856 3133 1912 manibus.
3151 1860 3381 1916 anebat

451 1915 505 1965 δὲ
544 1919 636 1966 καὶ
665 1921 757 1977 τὰς
793 1918 933 1987 ὑπὲρ
972 1920 1078 1970 τῶν
1111 1923 1535 1990 κεκοιμημένων
1573 1941 1693 1976 συν-

1806 1934 2037 1988 synaxes
2073 1939 2287 1993 quoque
2332 1929 2591 1984 celebrari
2631 1951 2726 2002 pro
2785 1939 2847 1992 iis
2894 1945 2980 2010 qui
3022 1946 3376 2015 dormieran',

1806 2024 2055 2066 asserens
2103 2026 2157 2067 et
2197 2018 2470 2074 allirmans
2513 2024 2782 2082 defunctis
2834 2036 3060 2090 multum
3123 2046 3376 2108 ptodcsse

1803 2118 1921 2169 qua:
1965 2119 2062 2169 pro
2100 2106 2180 2162 eis
2223 2108 2355 2164 (lunt
2403 2123 2944 2180 commemorationes
2985 2141 3036 2182 et
3077 2147 3232 2188 sacra
3274 2140 3375 2192 mi-

1801 2195 2044 2248 nisteria.

1873 2286 2060 2340 XLIX.
2103 2291 2182 2343 Ad
2215 2293 2368 2347 fidem
2417 2307 2594 2353 autem
2641 2302 2940 2361 faciendam
3012 2327 3194 2367 eorum
3253 2335 3373 2386 qua:

1797 2376 2135 2442 dicebantur,
2175 2385 2278 2436 tale
2309 2387 2435 2452 quid
2473 2392 2631 2443 etiam
2671 2401 2958 2466 narrabat,
2995 2407 3138 2474 quod
3169 2405 3370 2465 factum

1799 2468 1967 2522 fuerat
2016 2487 2117 2525 non
2159 2475 2229 2526 ita
2273 2478 2438 2533 multo
2480 2489 2628 2540 ante.
2671 2484 2892 2546 Dicebat
2930 2468 3112 2564 enim,
3152 2500 3297 2566 quod
3336 2516 3369 2557 ι

1792 2558 1974 2616 Persis
2001 2564 2220 2632 quidam
2252 2567 2513 2627 abductus
2548 2577 2820 2644 captivus,
2856 2581 2908 2637 in
2946 2558 3210 2655 custodia,
3248 2605 3368 2664 qna:

1791 2654 2087 2720 appellatur
2129 2656 2294 2712 Lctlie
2319 2699 2333 2722 ,
2374 2669 2753 2722 asservabatur
2786 2672 3013 2730 vinctus.
3041 2674 3147 2732 Lex
3183 2696 3363 2738 autem

1790 2754 1908 2797 erat
1938 2747 2078 2812 apud
2114 2746 2337 2813 Persas,
2375 2763 2430 2806 ut
2460 2757 2548 2820 qui
2585 2761 2812 2824 cenjeCti
2845 2781 3000 2821 erant
3034 2771 3083 2823 in
3116 2787 3232 2825 eam
3269 2793 3364 2828 cn-

1788 2837 2059 2900 stodiam,
2106 2855 2380 2910 numquam
2431 2863 2865 2910 revocarentur:
2912 2871 2965 2913 et
3031 2878 3090 2918 ea
3150 2875 3358 2927 ratione

1789 2939 2203 2984 conseruancnm
2248 2945 2330 2988 est
2369 2952 2485 2991 eam
2543 2945 2705 2998 fuisse
2750 2963 2990 3006 vocatam
3035 2957 3269 3026 Lethen,
3306 2965 3359 3019 id

1787 3025 1887 3076 est.
1917 3022 2261 3080 oblivionem.
2290 3030 2438 3082 Illinc
2466 3047 2642 3087 autem
2676 3054 2795 3091 cum
2821 3044 3036 3107 quidam
3062 3055 3360 3114 potuissent

1791 3111 2061 3178 aufugcre,
2091 3129 2141 3166 et
2167 3118 2217 3169 in
2243 3120 2474 3187 Cyprum
2515 3130 2715 3190 \‘cttil‘c,
2751 3131 3084 3192 aflirmarunt
3122 3149 3358 3209 parenti-

113 3184 578 3246 ὃι;6ε6αιώσαντο.
662 3197 884 3251 Ἐκεῖνοι
944 3205 1233 3272 τοιγαροῦν
1278 3209 1371 3261 τοῦ
1429 3213 1672 3266 ἐνιαυτοῦ

2289 3184 2300 3187 _
2705 3184 2714 3190 ,
2893 3184 3084 3192 πα...

1788 3202 1883 3254 bus
1940 3207 2332 3271 adolescentis,
2375 3229 2496 3266 eum
2529 3231 2649 3270 esse
2695 3237 2964 3279 mortuum
3004 3231 3056 3282 in
3084 3241 3352 3294 custodia.

111 3279 243 3341 τρεῖς
276 3280 530 3344 συνάξεις
559 3284 630 3346 ὡς
659 3287 751 3338 ἐπὶ
773 3289 950 3358 νεκρῷ
970 3293 1140 3362 τούτῳ
1169 3297 1403 3352 ἐποίουν.
1431 3302 1678 3355 Καὶτέσ-

115 3382 265 3435 cupa;
321 3372 468 3425 οὕτω
520 3379 798 3444 παρῆλθον
853 3384 1111 3437 ἐνιαυτοί·
1167 3386 1266 3440 εἷθ’
1297 3391 1469 3454 οὕτως
1514 3397 1609 3447 καὶ
1649 3399 1677 3448 ὁ

112 3463 221 3520 παῖς
249 3464 465 3516 ἐκεῖθεν
495 3468 754 3537 ἐκφυγεῖν
776 3471 1044 3538 δυνηθεὶς,
1075 3479 1154 3538 εἰς
1183 3479 1278 3547 τὴν
1303 3482 1483 3534 οἰκίαν
1505 3487 1674 3537 ἐπάν-

111 3565 250 3614 εισιν,
293 3554 354 3604 ὃν
386 3557 436 3606 οἱ
468 3560 645 3622 γονεῖς
679 3561 774 3630 οὐχ
810 3562 998 3634 ὥσπερ
1031 3567 1094 3618 ἐκ
1129 3570 1376 3639 φυλακῆς
1410 3576 1669 3639 φυγόντα,

1784 3293 1864 3346 Illi
1898 3309 2022 3348 vero
2063 3310 2170 3350 tres
2199 3307 2491 3367 qu0tannis
2529 3324 2759 3375 synaxes
2806 3319 3180 3391 Celebrabant,
3234 3341 3354 3383 tan-

1777 3398 1941 3450 qnam
1975 3401 2039 3438 eo
2079 3400 2312 3445 mortuo.
2354 3396 2596 3457 Quatuor
2623 3404 2751 3457 anni
2791 3412 3191 3479 przeterierant,
3227 3435 3349 3475 cum

1779 3476 1918 3528 filius
1956 3478 2098 3530 illinc
2123 3483 2426 3548 aufugiens,
2463 3491 2601 3542 redit
2627 3495 2868 3549 domum.
2905 3500 3070 3565 Quem
3104 3521 3222 3558 cum
3257 3526 3350 3575 pa-

1777 3575 1958 3618 rentes
2007 3582 2110 3620 non
2165 3578 2415 3637 tanquam
2460 3580 2548 3642 qui
2594 3579 2821 3649 fugisset
2861 3601 2890 3640 e
2923 3596 3204 3658 custodia,
3252 3603 3346 3655 sed

109 3640 208 3690 ἅλ’
236 3643 311 3705 ὡς
341 3646 409 3697 ὲκ
441 3649 649 3717 νεκρῶν
679 3650 986 3707 ἀναστάντα
1029 3658 1229 3725 μᾶλλον
1279 3663 1375 3714 σὺν
1401 3666 1564 3734 πολλῇ
1601 3672 1666 3738 τῇ

111 3733 352 3798 ἐκπλήξει
386 3737 712 3807 θεασάμενοι
737 3747 829 3795 καὶ
856 3748 1183 3816 ἀπορρήτως
1209 3733 1668 3827 πλησθέντεςντῆξ

110 3822 302 3892 ἡδονῆς,
337 3829 510 3882 τᾶλλα
543 3849 599 3883 τε
638 3835 818 3902 ἔλεγον
855 3840 948 3890 καὶ
1005 3842 1243 3905 ἐποίουν,
1276 3845 1377 3897 ὅσα
1427 3847 1492 3899 ἂν
1521 3850 1666 3920 ψυχὴ

110 3916 331 3967 τοιοῦτον
359 3920 547 3974 ἰδοῦσα
574 3925 735 3977 πάθοι
789 3928 881 3980 καὶ
928 3931 1094 3995 εἴποι,
1133 3935 1222 3986 καὶ
1262 3936 1410 3999 ὅπως
1443 3939 1516 4002 ὼς
1540 3943 1666 3992 ἀπο-

108 4002 461 4079 θανόντιήδη,
501 4015 566 4066 τὰ
616 4017 709 4067 ἐπὶ
742 4018 961 4072 θανοῦσι
1011 4029 1376 4094 νενομισμένα
1425 4032 1662 4097 ἐποίουν,

110 4097 188 4145 καὶ
205 4099 297 4160 τὰς
328 4103 544 4170 ἡμέρας
563 4107 982 4172 ἁναδιδάξαντες
1012 4115 1178 4184 αἴπερ
1213 4113 1373 4187 ἦσαν,
1399 4120 1430 4187 ἦ
1461 4138 1520 4172 τε
1557 4123 1665 4177 τῶν

109 4185 257 4248 ἁγίων
279 4189 596 4258 Θεοφανίων
627 4197 828 4266 ἡμέρα,
861 4200 956 4253 καὶ
983 4203 1015 4269 ἡ
1045 4203 1138 4255 τοῦ
1177 4185 1443 4276 σωτηρίου
1474 4213 1662 4282 Πάσχα

108 4276 186 4324 καὶ
220 4279 314 4345 τῆς
371 4282 535 4346 ἁγίας
570 4285 968 4356 Πεντηκοστῆς.
1005 4291 1221 4346 Τούτων
1261 4301 1465 4362 ἐκεῖνος
1497 4276 1660 4356 ἀκου-

109 4377 209 4425 σας,
239 4368 329 4419 καὶ
367 4374 447 4430 είς.
481 4375 701 4441 μνήμην
735 4377 924 4440 ἐλθὼν,
955 4381 1100 4454 ὅρκῳ
1129 4387 1255 4447 τοὺς
1308 4393 1562 4453 τεκόντας
1586 4394 1662 4445 δι-

109 4453 334 4508 εδεῡαίου
355 4460 437 4520 ὡς
463 4464 579 4512 κατ’
603 4465 770 4528 αὑτὰς
800 4470 960 4521 τάσδε
990 4474 1087 4534 τὰς
1112 4475 1340 4545 ἡμέρας,
1371 4481 1466 4533 καὶ
1498 4484 1656 4547 αὐτὸς

107 4543 196 4593 τῶν
227 4546 446 4616 δεσμῶν
475 4552 677 4614 ἀνεῖτο,
706 4557 1002 4635 ἐπιστασία
1028 4543 1659 4636 λαμπροφοροῦντὸς-τιλ

109 4647 198 4692 πτας,
233 4640 323 4688 καὶ
358 4639 546 4702 ἀδείας
576 4645 815 4698 ἀπέλαυε
849 4652 1048 4719 πάσης,
1081 4656 1180 4716 τὰς
1231 4662 1427 4729 ἐφεξῆς
1459 4667 1515 4714 ὲν
1547 4671 1658 4731 τοῖς

110 4719 303 4789 δεσμοῖς
353 4729 520 4785 πάλιν
547 4732 738 4804 ὡσπερ
793 4740 883 4790 καὶ
937 4745 1138 4811 προτοῦ
1175 4753 1657 4830 καταλαμσανόμε-

109 4827 196 4873 νος.

1773 3676 2030 3734 tanquam
2090 3672 2179 3738 qni
2227 3676 2564 3732 surrexisset
2615 3696 2646 3734 e
2693 3687 2953 3750 mortuis,
2995 3704 3114 3744 cum
3156 3709 3348 3763 magno

1774 3770 1992 3826 stupore
2036 3766 2393 3829 aspexissent,
2447 3779 2500 3822 et
2544 3773 2768 3826 fuissent
2799 3777 3050 3833 ineffabili
3081 3786 3347 3848 voluptate

1769 3853 1980 3916 repleti.
2035 3864 2090 3905 et
2129 3857 2232 3909 alia
2277 3857 2544 3914 faciebant
2575 3874 2628 3915 et
2673 3866 2943 3935 dicebant,
2984 3890 3102 3942 qua:
3141 3883 3343 3940 anima,

1771 3961 1888 4012 qua:
1924 3946 2079 4000 talem
2112 3949 2357 4015 vidisset,
2393 3952 2594 4009 faceret
2624 3969 2678 4011 et
2705 3962 2910 4016 diceret
2939 3983 2952 4021 :
2989 3977 3042 4020 et
3074 3974 3338 4034 quemad-

1769 4037 1982 4088 modum
2016 4038 2063 4089 ei
2095 4048 2350 4105 tanquam
2371 4044 2479 4107 jam
2505 4058 2716 4102 mortuo
2755 4051 2997 4107 fecerant
3023 4057 3186 4123 insta,
3219 4079 3338 4128 qum

1767 4127 1900 4179 Ilnnt
1945 4131 2191 4194 mortuis,
2228 4142 2280 4185 et
2325 4149 2446 4186 cum
2507 4152 2628 4190 eum
2710 4142 3069 4210 docuissent,
3118 4155 3339 4216 quinam

1765 4227 1944 4270 essent
1980 4220 2013 4271 ii
2045 4220 2194 4284 dies,
2232 4237 2420 4291 nempe
2459 4228 2570 4280 dies
2601 4244 2914 4289 sanctorum
2956 4237 3341 4310 Tbeopbaniov

1767 4323 1908 4371 rum,
1935 4319 1986 4362 et
2014 4311 2125 4363 dies
2151 4303 2405 4369 salutaris
2433 4316 2676 4385 Pascha},
2702 4332 2755 4378 et
2783 4325 2896 4382 dies
2919 4343 3116 4387 sancta:
3149 4335 3341 4392 Pentev

1763 4411 1961 4453 costes.
2007 4400 2130 4454 Ilzec
2179 4421 2300 4458 cum
2347 4407 2431 4462 ille
2473 4414 2796 4481 audiviSset,
2834 4431 2888 4472 et
2930 4422 2978 4474 in
3025 4430 3337 4480 memoriam

1764 4503 2100 4555 revocasset,
2147 4499 2462 4561 parentibus
2512 4503 2842 4573 afﬁrmabat,
2890 4515 3030 4579 quod
3080 4519 3162 4569 his
3205 4520 3336 4586 ipsis

1695 4567 1738 4624 Ῑ)
1769 4584 1954 4639 diebus
2002 4587 2343 4643 relaxabatur
2382 4607 2410 4644 a
2451 4597 2711 4663 vinculis,
2764 4604 2992 4659 adventu
3035 4609 3333 4676 cujusdam,

1768 4676 1858 4744 qni
1901 4682 2148 4743 gestabat
2183 4682 2519 4749 lampadem;
2553 4697 2607 4740 et
2645 4688 2920 4745 fruebatur
2956 4700 3100 4750 omni
3132 4704 3337 4756 secnri~

1770 4777 1879 4822 tate
1911 4789 1922 4820 :
1953 4774 2139 4825 diebus
2169 4784 2344 4828 autem
2377 4782 2731 4846 sequentibus
2764 4788 3042 4844 tenebatur
3083 4792 3334 4862 vinculis,

1765 4863 1901 4915 sicut
1932 4864 2096 4930 prius.

1549 5023 1776 5081 CAPUT
1817 5027 1904 5081 IX.

1249 5153 1708 5231 Elremosynorum
1741 5171 1809 5222 vis
1839 5170 1978 5236 apud
2014 5169 2195 5224 Deum.

166 5275 237 5327 Ν.
289 5280 568 5346 Τοιούτοις
623 5283 820 5354 ἔργοιςι
866 5293 960 5345 καὶ
1014 5293 1318 5367 διηγήμασι
1373 5307 1650 5376 χρώμενος

112 5369 290 5433 πολλοῖς
323 5374 563 5443 κατέστη
598 5380 870 5449 σωτηρίας
906 5383 1182 5450 ὑπόθεσις.
1228 5393 1324 5445 Διά
1361 5397 1530 5451 ταῦτα
1560 5403 1653 5453 καὶ

114 5459 322 5515 risit-not
345 5468 534 5519 ἐκεῖνα
558 5469 628 5520 τὰ
664 5470 772 5524 τῶν
795 5473 1108 5531 ἀποστόλων
1139 5480 1450 5550 ζηλοῦντες,
1477 5493 1655 5546 καὶτὰ

113 5549 214 5603 ὅντα
244 5555 758 5626 διαπιπράσκοντες,
788 5567 887 5628 τὰς
917 5571 1084 5635 τιμὰς
1111 5573 1370 5641 φέροντες
1398 5585 1515 5644 ταῖς
1555 5587 1655 5636 αὖ-

111 5644 183 5692 τοῦ
211 5652 355 5715 χερσὶ
386 5651 734 5717 κατετίθουν,
781 5657 1054 5724 ἀξιοῦντες
1089 5664 1178 5715 ὑπ’
1220 5669 1383 5722 αὑτοῦ
1415 5678 1523 5736 τοῖς
1563 5677 1658 5728 πέ-

113 5734 635 5808 νησιδιανεμηθῆναι.
680 5743 909 5800 Μεθ’ὧν
942 5744 1022 5812 εἷς
1042 5770 1123 5815 τις
1156 5760 1487 5824 προσελθὼν,
1516 5767 1654 5819 ἑπτα

112 5819 250 5888 ἣμισυ
299 5829 483 5898 λίτρας
545 5832 640 5885 τοῦ
679 5838 900 5904 χρυσίου
945 5819 1262 5915 προσῆγεν,
1323 5851 1652 5912 ἐπιϐεϐαιῶν

353 5923 625 5985 Ριιηιυι..
671 5929 787 5989 GR.
832 5931 1036 5997 CXIV.

1831 5313 1889 5367 L.
1923 5317 2143 5373 Talibus
2176 5329 2328 5374 utens
2355 5321 2510 5377 faelis
2539 5336 2592 5379 et
2619 5333 3040 5401 narrationibus,
3072 5338 3167 5394 fuit
3192 5345 3300 5396 mul

1763 5407 1830 5458 tis
1862 5409 2074 5460 occasio
2119 5410 2326 5464 salutis.
2375 5412 2664 5484 Propterea
2709 5421 2921 5487 plurimi
2964 5443 3178 5497 quoque
3210 5437 3324 5488 inn-

1766 5506 1938 5550 tantes
1981 5497 2100 5562 illa,
2148 5515 2266 5569 quae
2307 5503 2509 5559 fiebant
2548 5521 2786 5577 tempore
2826 5520 3224 5589 apostolorum,
3270 5539 3322 5578 et

1758 5587 2044 5642 vendentes
2069 5603 2128 5641 ca
2150 5606 2264 5658 qua:
2297 5595 2585 5658 habebant,
2616 5615 2801 5655 eorum
2836 5609 3059 5671 pretium
3091 5613 3322 5668 ati'eren-

1761 5689 1838 5734 tes
1868 5684 2202 5749 deponcbant
2234 5686 2286 5738 in
2317 5689 2433 5755 ejus
2462 5694 2728 5760 manibus,
2763 5701 3003 5756 volentes
3033 5705 3083 5757 id
3113 5709 3181 5762 ab
3211 5712 3324 5777 ipso

1756 5770 1998 5825 tlislribni
2047 5778 2390 5841 pauperibus.
2445 5782 2578 5835 Cum
2628 5788 2821 5850 quibus
2875 5808 3010 5846 unus
3051 5800 3318 5867 quispiam

1757 5865 2051 5930 accedens,
2087 5869 2200 5924 auri
2233 5882 2435 5939 septem
2483 5873 2645 5932 libras
2688 5893 2805 5933 cum
2846 5881 3062 5938 dimidia
3099 5891 3311 5957 obtulit,

2928 5976 3006 6039 30
