  <div class='ocr_page' id='page_1' title='image "/cluster/home/n/w/nwhite01/storage/ocr_20150623/114/nnc1.0046980210/483.png"; bbox 0 0 4148 6486; ppageno 0'>
   <div class='ocr_carea' id='block_1_1' title="bbox 810 409 917 482">
    <p class='ocr_par' dir='ltr' id='par_1_1' title="bbox 810 409 917 482">
     <span class='ocr_line' id='line_1_1' title="bbox 810 409 917 482; baseline 0.056 -6"><span class='ocrx_word' id='word_1_1' title='bbox 810 409 917 482; x_wconf 76' lang='lat'><strong>939</strong></span> 
     </span>
    </p>
   </div>
   <div class='ocr_carea' id='block_1_2' title="bbox 2045 404 2828 466">
    <p class='ocr_par' dir='ltr' id='par_1_2' title="bbox 2045 404 2828 466">
     <span class='ocr_line' id='line_1_2' title="bbox 2045 404 2828 466; baseline -0.001 -1"><span class='ocrx_word' id='word_1_2' title='bbox 2045 405 2327 465; x_wconf 70' lang='lat' dir='ltr'><strong>MENSIS</strong></span> <span class='ocrx_word' id='word_1_3' title='bbox 2365 404 2828 466; x_wconf 64' lang='lat' dir='ltr'><strong>JANUARIUS.</strong></span> 
     </span>
    </p>
   </div>
   <div class='ocr_carea' id='block_1_3' title="bbox 3978 401 4075 466">
    <p class='ocr_par' dir='ltr' id='par_1_3' title="bbox 3978 401 4075 466">
     <span class='ocr_line' id='line_1_3' title="bbox 3978 401 4075 466; baseline -0.01 0"><span class='ocrx_word' id='word_1_4' title='bbox 3978 401 4075 466; x_wconf 72' lang='grc'><strong>940</strong></span> 
     </span>
    </p>
   </div>
   <div class='ocr_carea' id='block_1_4' title="bbox 812 515 2384 589">
    <p class='ocr_par' dir='ltr' id='par_1_4' title="bbox 812 518 2382 589">
     <span class='ocr_line' id='line_1_4' title="bbox 812 518 2382 589; baseline -0.005 -7"><span class='ocrx_word' id='word_1_5' title='bbox 812 529 1087 583; x_wconf 77' lang='lat' dir='ltr'><strong>allirmans</strong></span> <span class='ocrx_word' id='word_1_6' title='bbox 1137 521 1269 576; x_wconf 79' lang='lat' dir='ltr'><strong>nihil</strong></span> <span class='ocrx_word' id='word_1_7' title='bbox 1310 519 1540 589; x_wconf 84' lang='lat' dir='ltr'><strong>amplius</strong></span> <span class='ocrx_word' id='word_1_8' title='bbox 1592 518 1707 572; x_wconf 89' lang='lat' dir='ltr'><strong>auri</strong></span> <span class='ocrx_word' id='word_1_9' title='bbox 1752 520 1888 588; x_wconf 85' lang='lat' dir='ltr'><strong>apud</strong></span> <span class='ocrx_word' id='word_1_10' title='bbox 1936 532 1992 573; x_wconf 91' lang='lat' dir='ltr'><strong>se</strong></span> <span class='ocrx_word' id='word_1_11' title='bbox 2035 520 2382 574; x_wconf 72' lang='lat' dir='ltr'><strong>remansisse.</strong></span> 
     </span>
    </p>
   </div>
   <div class='ocr_carea' id='block_1_5' title="bbox 2488 515 4077 589">
    <p class='ocr_par' dir='ltr' id='par_1_5' title="bbox 2488 515 4077 589">
     <span class='ocr_line' id='line_1_5' title="bbox 2488 515 4077 589; baseline 0 -16"><span class='ocrx_word' id='word_1_12' title='bbox 2488 520 2639 573; x_wconf 78' lang='grc' dir='ltr'>οὐδὲν</span> <span class='ocrx_word' id='word_1_13' title='bbox 2676 518 2824 589; x_wconf 75' lang='grc' dir='ltr'><strong>αὖτῷ</strong></span> <span class='ocrx_word' id='word_1_14' title='bbox 2867 519 2947 580; x_wconf 87' lang='grc' dir='ltr'><strong>είς</strong></span> <span class='ocrx_word' id='word_1_15' title='bbox 3000 515 3201 587; x_wconf 73' lang='grc' dir='ltr'>χρυσὸν</span> <span class='ocrx_word' id='word_1_16' title='bbox 3236 516 3397 571; x_wconf 81' lang='grc' dir='ltr'>πλέον</span> <span class='ocrx_word' id='word_1_17' title='bbox 3429 517 3834 587; x_wconf 71' lang='grc' dir='ltr'>ὑπολελεῖςρθαι.</span> <span class='ocrx_word' id='word_1_18' title='bbox 3868 522 3984 574; x_wconf 69' lang='grc' dir='ltr'>Δύο</span> <span class='ocrx_word' id='word_1_19' title='bbox 4028 524 4077 573; x_wconf 65' lang='grc' dir='ltr'><strong>ἑὲ</strong></span> 
     </span>
    </p>
   </div>
   <div class='ocr_carea' id='block_1_6' title="bbox 808 614 2379 683">
    <p class='ocr_par' dir='ltr' id='par_1_6' title="bbox 808 614 2379 683">
     <span class='ocr_line' id='line_1_6' title="bbox 808 614 2379 683; baseline -0.004 -9"><span class='ocrx_word' id='word_1_20' title='bbox 808 621 1033 674; x_wconf 74' lang='lat' dir='ltr'><strong>l’etebat</strong></span> <span class='ocrx_word' id='word_1_21' title='bbox 1079 627 1257 670; x_wconf 88' lang='lat' dir='ltr'><strong>autem</strong></span> <span class='ocrx_word' id='word_1_22' title='bbox 1301 615 1368 667; x_wconf 90' lang='lat' dir='ltr'><strong>ab</strong></span> <span class='ocrx_word' id='word_1_23' title='bbox 1406 630 1507 678; x_wconf 89' lang='lat' dir='ltr'><strong>co,</strong></span> <span class='ocrx_word' id='word_1_24' title='bbox 1552 624 1608 668; x_wconf 90' lang='lat' dir='ltr'><strong>ut</strong></span> <span class='ocrx_word' id='word_1_25' title='bbox 1650 614 1781 667; x_wconf 83' lang='lat' dir='ltr'><strong>duas</strong></span> <span class='ocrx_word' id='word_1_26' title='bbox 1823 614 2026 683; x_wconf 80' lang='lat' dir='ltr'><strong>gratias</strong></span> <span class='ocrx_word' id='word_1_27' title='bbox 2071 614 2379 681; x_wconf 85' lang='lat' dir='ltr'><strong>acciperet:</strong></span> 
     </span>
    </p>
   </div>
   <div class='ocr_carea' id='block_1_7' title="bbox 813 704 2385 780">
    <p class='ocr_par' dir='ltr' id='par_1_7' title="bbox 813 704 2385 780">
     <span class='ocr_line' id='line_1_7' title="bbox 813 704 2385 780; baseline -0.004 -15"><span class='ocrx_word' id='word_1_28' title='bbox 813 725 1005 780; x_wconf 64' lang='lat' dir='ltr'><strong>nempe</strong></span> <span class='ocrx_word' id='word_1_29' title='bbox 1033 719 1089 763; x_wconf 92' lang='lat' dir='ltr'><strong>nt</strong></span> <span class='ocrx_word' id='word_1_30' title='bbox 1112 718 1165 763; x_wconf 89' lang='lat' dir='ltr'><strong>et</strong></span> <span class='ocrx_word' id='word_1_31' title='bbox 1192 717 1501 762; x_wconf 73' lang='lat' dir='ltr'><strong>servaretur</strong></span> <span class='ocrx_word' id='word_1_32' title='bbox 1527 704 1744 773; x_wconf 86' lang='lat' dir='ltr'><strong>quidem</strong></span> <span class='ocrx_word' id='word_1_33' title='bbox 1773 705 1891 772; x_wconf 85' lang='lat' dir='ltr'><strong>ejus</strong></span> <span class='ocrx_word' id='word_1_34' title='bbox 1918 705 2060 759; x_wconf 84' lang='lat' dir='ltr'><strong>filius</strong></span> <span class='ocrx_word' id='word_1_35' title='bbox 2092 705 2235 759; x_wconf 91' lang='lat' dir='ltr'><strong>illius</strong></span> <span class='ocrx_word' id='word_1_36' title='bbox 2264 719 2385 774; x_wconf 91' lang='lat' dir='ltr'><strong>pre-</strong></span> 
     </span>
    </p>
   </div>
   <div class='ocr_carea' id='block_1_8' title="bbox 811 796 2379 867">
    <p class='ocr_par' dir='ltr' id='par_1_8' title="bbox 811 796 2379 867">
     <span class='ocr_line' id='line_1_8' title="bbox 811 796 2379 867; baseline -0.006 -9"><span class='ocrx_word' id='word_1_37' title='bbox 811 806 1002 867; x_wconf 78' lang='lat' dir='ltr'><strong>cibus;</strong></span> <span class='ocrx_word' id='word_1_38' title='bbox 1049 800 1346 855; x_wconf 85' lang='lat' dir='ltr'><strong>referretur</strong></span> <span class='ocrx_word' id='word_1_39' title='bbox 1379 813 1505 852; x_wconf 89' lang='lat' dir='ltr'><strong>vero</strong></span> <span class='ocrx_word' id='word_1_40' title='bbox 1530 800 1683 853; x_wconf 87' lang='lat' dir='ltr'><strong>navis</strong></span> <span class='ocrx_word' id='word_1_41' title='bbox 1724 800 1927 866; x_wconf 84' lang='lat' dir='ltr'><strong>absque</strong></span> <span class='ocrx_word' id='word_1_42' title='bbox 1968 798 2074 851; x_wconf 92' lang='lat' dir='ltr'><strong>ullo</strong></span> <span class='ocrx_word' id='word_1_43' title='bbox 2117 796 2379 865; x_wconf 85' lang='lat' dir='ltr'><strong>periculo,</strong></span> 
     </span>
    </p>
   </div>
   <div class='ocr_carea' id='block_1_9' title="bbox 811 891 2380 968">
    <p class='ocr_par' dir='ltr' id='par_1_9' title="bbox 811 891 2380 968">
     <span class='ocr_line' id='line_1_9' title="bbox 811 891 2380 968; baseline -0.004 -19"><span class='ocrx_word' id='word_1_44' title='bbox 811 914 929 968; x_wconf 74' lang='lat' dir='ltr'><strong>qua:</strong></span> <span class='ocrx_word' id='word_1_45' title='bbox 959 897 1173 966; x_wconf 90' lang='lat' dir='ltr'><strong>quidem</strong></span> <span class='ocrx_word' id='word_1_46' title='bbox 1206 896 1402 950; x_wconf 89' lang='lat' dir='ltr'><strong>emissa</strong></span> <span class='ocrx_word' id='word_1_47' title='bbox 1436 895 1611 948; x_wconf 84' lang='lat' dir='ltr'><strong>fuerat</strong></span> <span class='ocrx_word' id='word_1_48' title='bbox 1643 895 1695 946; x_wconf 91' lang='lat' dir='ltr'><strong>in</strong></span> <span class='ocrx_word' id='word_1_49' title='bbox 1736 892 1997 945; x_wconf 83' lang='lat' dir='ltr'><strong>Africani.</strong></span> <span class='ocrx_word' id='word_1_50' title='bbox 2030 891 2163 945; x_wconf 71' lang='lat' dir='ltr'><strong>(lum</strong></span> <span class='ocrx_word' id='word_1_51' title='bbox 2203 898 2380 944; x_wconf 90' lang='lat' dir='ltr'><strong>autem</strong></span> 
     </span>
    </p>
   </div>
   <div class='ocr_carea' id='block_1_10' title="bbox 811 982 2383 1059">
    <p class='ocr_par' dir='ltr' id='par_1_10' title="bbox 811 982 2383 1059">
     <span class='ocr_line' id='line_1_10' title="bbox 811 982 2383 1059; baseline -0.004 -17"><span class='ocrx_word' id='word_1_52' title='bbox 811 1000 927 1059; x_wconf 78' lang='lat' dir='ltr'><strong>post</strong></span> <span class='ocrx_word' id='word_1_53' title='bbox 959 1004 1147 1058; x_wconf 82' lang='lat' dir='ltr'><strong>preces</strong></span> <span class='ocrx_word' id='word_1_54' title='bbox 1176 988 1395 1057; x_wconf 84' lang='lat' dir='ltr'><strong>triginta</strong></span> <span class='ocrx_word' id='word_1_55' title='bbox 1426 988 1538 1041; x_wconf 85' lang='lat' dir='ltr'><strong>dies</strong></span> <span class='ocrx_word' id='word_1_56' title='bbox 1566 985 1973 1056; x_wconf 65' lang='lat' dir='ltr'><strong>prmteriissent,</strong></span> <span class='ocrx_word' id='word_1_57' title='bbox 2008 984 2235 1038; x_wconf 90' lang='lat' dir='ltr'><strong>moritur</strong></span> <span class='ocrx_word' id='word_1_58' title='bbox 2258 982 2383 1053; x_wconf 88' lang='lat' dir='ltr'><strong>qni-</strong></span> 
     </span>
    </p>
   </div>
   <div class='ocr_carea' id='block_1_11' title="bbox 811 1076 2383 1145">
    <p class='ocr_par' dir='ltr' id='par_1_11' title="bbox 811 1076 2383 1145">
     <span class='ocr_line' id='line_1_11' title="bbox 811 1076 2383 1145; baseline 0.001 -15"><span class='ocrx_word' id='word_1_59' title='bbox 811 1079 933 1133; x_wconf 85' lang='lat' dir='ltr'><strong>dcm</strong></span> <span class='ocrx_word' id='word_1_60' title='bbox 969 1078 1107 1131; x_wconf 85' lang='lat' dir='ltr'><strong>filius</strong></span> <span class='ocrx_word' id='word_1_61' title='bbox 1136 1092 1149 1129; x_wconf 91' lang='lat'><strong>:</strong></span> <span class='ocrx_word' id='word_1_62' title='bbox 1183 1078 1343 1131; x_wconf 91' lang='lat' dir='ltr'><strong>tertio</strong></span> <span class='ocrx_word' id='word_1_63' title='bbox 1377 1092 1503 1132; x_wconf 90' lang='lat' dir='ltr'><strong>vero</strong></span> <span class='ocrx_word' id='word_1_64' title='bbox 1530 1078 1614 1132; x_wconf 89' lang='lat' dir='ltr'><strong>die</strong></span> <span class='ocrx_word' id='word_1_65' title='bbox 1650 1086 1767 1145; x_wconf 91' lang='lat' dir='ltr'><strong>post</strong></span> <span class='ocrx_word' id='word_1_66' title='bbox 1795 1076 1911 1143; x_wconf 83' lang='lat' dir='ltr'><strong>ejus</strong></span> <span class='ocrx_word' id='word_1_67' title='bbox 1946 1086 2199 1141; x_wconf 89' lang='lat' dir='ltr'><strong>mortem,</strong></span> <span class='ocrx_word' id='word_1_68' title='bbox 2232 1076 2383 1131; x_wconf 89' lang='lat' dir='ltr'><strong>navis</strong></span> 
     </span>
    </p>
   </div>
   <div class='ocr_carea' id='block_1_12' title="bbox 808 1165 2381 1235">
    <p class='ocr_par' dir='ltr' id='par_1_12' title="bbox 808 1165 2381 1235">
     <span class='ocr_line' id='line_1_12' title="bbox 808 1165 2381 1235; baseline 0 -15"><span class='ocrx_word' id='word_1_69' title='bbox 808 1181 933 1235; x_wconf 70' lang='lat' dir='ltr'><strong>qua:</strong></span> <span class='ocrx_word' id='word_1_70' title='bbox 953 1166 1157 1220; x_wconf 82' lang='lat' dir='ltr'><strong>redibat</strong></span> <span class='ocrx_word' id='word_1_71' title='bbox 1180 1181 1244 1220; x_wconf 84' lang='lat' dir='ltr'><strong>ex</strong></span> <span class='ocrx_word' id='word_1_72' title='bbox 1270 1166 1471 1231; x_wconf 82' lang='lat' dir='ltr'><strong>Africa,</strong></span> <span class='ocrx_word' id='word_1_73' title='bbox 1496 1183 1615 1220; x_wconf 90' lang='lat' dir='ltr'><strong>cum</strong></span> <span class='ocrx_word' id='word_1_74' title='bbox 1644 1166 1831 1221; x_wconf 90' lang='lat' dir='ltr'><strong>fuisset</strong></span> <span class='ocrx_word' id='word_1_75' title='bbox 1855 1181 1919 1221; x_wconf 79' lang='lat' dir='ltr'><strong>ex</strong></span> <span class='ocrx_word' id='word_1_76' title='bbox 1946 1165 2174 1221; x_wconf 83' lang='lat' dir='ltr'><strong>adverso</strong></span> <span class='ocrx_word' id='word_1_77' title='bbox 2198 1166 2381 1231; x_wconf 87' lang='lat' dir='ltr'><strong>Phari,</strong></span> 
     </span>
    </p>
   </div>
   <div class='ocr_carea' id='block_1_13' title="bbox 813 1259 2382 1329">
    <p class='ocr_par' dir='ltr' id='par_1_13' title="bbox 813 1259 2382 1329">
     <span class='ocr_line' id='line_1_13' title="bbox 813 1259 2382 1329; baseline 0 -17"><span class='ocrx_word' id='word_1_78' title='bbox 813 1261 865 1313; x_wconf 89' lang='lat' dir='ltr'><strong>in</strong></span> <span class='ocrx_word' id='word_1_79' title='bbox 892 1274 1057 1329; x_wconf 77' lang='lat' dir='ltr'><strong>grave</strong></span> <span class='ocrx_word' id='word_1_80' title='bbox 1084 1259 1273 1313; x_wconf 92' lang='lat' dir='ltr'><strong>incidit</strong></span> <span class='ocrx_word' id='word_1_81' title='bbox 1299 1259 1660 1329; x_wconf 71' lang='lat' dir='ltr'><strong>naufragium,</strong></span> <span class='ocrx_word' id='word_1_82' title='bbox 1687 1260 1821 1313; x_wconf 91' lang='lat' dir='ltr'><strong>adeo</strong></span> <span class='ocrx_word' id='word_1_83' title='bbox 1848 1269 1904 1313; x_wconf 93' lang='lat' dir='ltr'><strong>ut</strong></span> <span class='ocrx_word' id='word_1_84' title='bbox 1931 1261 2238 1313; x_wconf 84' lang='lat' dir='ltr'><strong>universum</strong></span> <span class='ocrx_word' id='word_1_85' title='bbox 2265 1261 2382 1328; x_wconf 82' lang='lat' dir='ltr'><strong>qui-</strong></span> 
     </span>
    </p>
   </div>
   <div class='ocr_carea' id='block_1_14' title="bbox 811 1352 2383 1422">
    <p class='ocr_par' dir='ltr' id='par_1_14' title="bbox 811 1352 2383 1422">
     <span class='ocr_line' id='line_1_14' title="bbox 811 1352 2383 1422; baseline -0.001 -16"><span class='ocrx_word' id='word_1_86' title='bbox 811 1352 934 1406; x_wconf 86' lang='lat' dir='ltr'><strong>dem</strong></span> <span class='ocrx_word' id='word_1_87' title='bbox 981 1367 1117 1407; x_wconf 90' lang='lat' dir='ltr'><strong>onus</strong></span> <span class='ocrx_word' id='word_1_88' title='bbox 1168 1352 1425 1421; x_wconf 89' lang='lat' dir='ltr'><strong>perierit,</strong></span> <span class='ocrx_word' id='word_1_89' title='bbox 1477 1352 1587 1406; x_wconf 84' lang='lat' dir='ltr'><strong>sola</strong></span> <span class='ocrx_word' id='word_1_90' title='bbox 1637 1353 1748 1422; x_wconf 79' lang='grc' dir='ltr'><strong>(Ιὸ)</strong></span> <span class='ocrx_word' id='word_1_91' title='bbox 1798 1364 1976 1408; x_wconf 89' lang='lat' dir='ltr'><strong>autem</strong></span> <span class='ocrx_word' id='word_1_92' title='bbox 2029 1355 2178 1406; x_wconf 89' lang='lat' dir='ltr'><strong>navis</strong></span> <span class='ocrx_word' id='word_1_93' title='bbox 2225 1353 2383 1407; x_wconf 87' lang='lat' dir='ltr'><strong>fuerit</strong></span> 
     </span>
    </p>
   </div>
   <div class='ocr_carea' id='block_1_15' title="bbox 810 1442 2384 1511">
    <p class='ocr_par' dir='ltr' id='par_1_15' title="bbox 810 1442 2384 1511">
     <span class='ocr_line' id='line_1_15' title="bbox 810 1442 2384 1511; baseline -0.001 -15"><span class='ocrx_word' id='word_1_94' title='bbox 810 1445 955 1497; x_wconf 85' lang='lat' dir='ltr'><strong>salva</strong></span> <span class='ocrx_word' id='word_1_95' title='bbox 986 1458 1105 1496; x_wconf 91' lang='lat' dir='ltr'><strong>cum</strong></span> <span class='ocrx_word' id='word_1_96' title='bbox 1135 1444 1469 1498; x_wconf 78' lang='lat' dir='ltr'><strong>vectoribus.</strong></span> <span class='ocrx_word' id='word_1_97' title='bbox 1495 1442 1627 1497; x_wconf 86' lang='lat' dir='ltr'><strong>Cum</strong></span> <span class='ocrx_word' id='word_1_98' title='bbox 1657 1453 1831 1495; x_wconf 83' lang='lat' dir='ltr'><strong>autem</strong></span> <span class='ocrx_word' id='word_1_99' title='bbox 1860 1444 2007 1511; x_wconf 85' lang='lat' dir='ltr'><strong>prius</strong></span> <span class='ocrx_word' id='word_1_100' title='bbox 2039 1443 2219 1495; x_wconf 85' lang='lat' dir='ltr'><strong>auditu</strong></span> <span class='ocrx_word' id='word_1_101' title='bbox 2248 1458 2384 1496; x_wconf 90' lang='lat' dir='ltr'><strong>nun-</strong></span> 
     </span>
    </p>
   </div>
   <div class='ocr_carea' id='block_1_16' title="bbox 813 1534 2383 1604">
    <p class='ocr_par' dir='ltr' id='par_1_16' title="bbox 813 1534 2383 1604">
     <span class='ocr_line' id='line_1_16' title="bbox 813 1534 2383 1604; baseline -0.004 -11"><span class='ocrx_word' id='word_1_102' title='bbox 813 1540 887 1593; x_wconf 88' lang='lat' dir='ltr'><strong>tio</strong></span> <span class='ocrx_word' id='word_1_103' title='bbox 914 1542 981 1593; x_wconf 85' lang='lat' dir='ltr'><strong>de</strong></span> <span class='ocrx_word' id='word_1_104' title='bbox 1010 1539 1140 1603; x_wconf 87' lang='lat' dir='ltr'><strong>lilio,</strong></span> <span class='ocrx_word' id='word_1_105' title='bbox 1173 1539 1349 1591; x_wconf 84' lang='lat' dir='ltr'><strong>adhuc</strong></span> <span class='ocrx_word' id='word_1_106' title='bbox 1382 1535 1592 1604; x_wconf 77' lang='lat' dir='ltr'><strong>vigente</strong></span> <span class='ocrx_word' id='word_1_107' title='bbox 1624 1534 1787 1587; x_wconf 87' lang='lat' dir='ltr'><strong>animi</strong></span> <span class='ocrx_word' id='word_1_108' title='bbox 1824 1534 2258 1601; x_wconf 85' lang='lat' dir='ltr'><strong>perturbatione,</strong></span> <span class='ocrx_word' id='word_1_109' title='bbox 2294 1549 2383 1588; x_wconf 86' lang='lat' dir='ltr'><strong>ac-</strong></span> 
     </span>
    </p>
   </div>
   <div class='ocr_carea' id='block_1_17' title="bbox 812 1627 2167 1696">
    <p class='ocr_par' dir='ltr' id='par_1_17' title="bbox 812 1627 2167 1696">
     <span class='ocr_line' id='line_1_17' title="bbox 812 1627 2167 1696; baseline -0.004 -11"><span class='ocrx_word' id='word_1_110' title='bbox 812 1632 975 1685; x_wconf 86' lang='lat' dir='ltr'><strong>cessit</strong></span> <span class='ocrx_word' id='word_1_111' title='bbox 1006 1631 1073 1684; x_wconf 89' lang='lat' dir='ltr'><strong>de</strong></span> <span class='ocrx_word' id='word_1_112' title='bbox 1110 1643 1246 1683; x_wconf 89' lang='lat' dir='ltr'><strong>nave</strong></span> <span class='ocrx_word' id='word_1_113' title='bbox 1277 1628 1517 1693; x_wconf 84' lang='lat' dir='ltr'><strong>tristitia,</strong></span> <span class='ocrx_word' id='word_1_114' title='bbox 1548 1628 1597 1680; x_wconf 92' lang='lat' dir='ltr'><strong>id</strong></span> <span class='ocrx_word' id='word_1_115' title='bbox 1632 1642 1755 1682; x_wconf 89' lang='lat' dir='ltr'><strong>eum</strong></span> <span class='ocrx_word' id='word_1_116' title='bbox 1784 1627 1941 1696; x_wconf 89' lang='lat' dir='ltr'><strong>plane</strong></span> <span class='ocrx_word' id='word_1_117' title='bbox 1967 1627 2167 1681; x_wconf 83' lang='lat' dir='ltr'><strong>obruit.</strong></span> 
     </span>
    </p>
   </div>
   <div class='ocr_carea' id='block_1_18' title="bbox 884 1805 2381 1876">
    <p class='ocr_par' dir='ltr' id='par_1_18' title="bbox 884 1805 2381 1876">
     <span class='ocr_line' id='line_1_18' title="bbox 884 1805 2381 1876; baseline -0.001 -15"><span class='ocrx_word' id='word_1_118' title='bbox 884 1805 967 1861; x_wconf 67' lang='grc' dir='ltr'>ιλ.</span> <span class='ocrx_word' id='word_1_119' title='bbox 1008 1805 1162 1871; x_wconf 86' lang='lat' dir='ltr'><strong>Quod</strong></span> <span class='ocrx_word' id='word_1_120' title='bbox 1205 1805 1419 1875; x_wconf 79' lang='lat' dir='ltr'><strong>quidem</strong></span> <span class='ocrx_word' id='word_1_121' title='bbox 1452 1815 1735 1875; x_wconf 74' lang='lat' dir='ltr'><strong>postquam</strong></span> <span class='ocrx_word' id='word_1_122' title='bbox 1771 1805 2114 1872; x_wconf 80' lang='lat' dir='ltr'><strong>cognovisset</strong></span> <span class='ocrx_word' id='word_1_123' title='bbox 2149 1808 2381 1876; x_wconf 88' lang='lat' dir='ltr'><strong>patriar-</strong></span> 
     </span>
    </p>
   </div>
   <div class='ocr_carea' id='block_1_19' title="bbox 2490 608 4083 682">
    <p class='ocr_par' dir='ltr' id='par_1_19' title="bbox 2490 608 4083 682">
     <span class='ocr_line' id='line_1_19' title="bbox 2490 608 4083 682; baseline 0.001 -18"><span class='ocrx_word' id='word_1_124' title='bbox 2490 611 2618 679; x_wconf 81' lang='grc' dir='ltr'>παρ’</span> <span class='ocrx_word' id='word_1_125' title='bbox 2652 609 2819 664; x_wconf 83' lang='grc' dir='ltr'>αὑτοῦ</span> <span class='ocrx_word' id='word_1_126' title='bbox 2848 612 3077 680; x_wconf 78' lang='grc' dir='ltr'>χάριτας</span> <span class='ocrx_word' id='word_1_127' title='bbox 3100 610 3283 679; x_wconf 71' lang='grc' dir='ltr'>ᾐτεῖτο</span> <span class='ocrx_word' id='word_1_128' title='bbox 3312 608 3496 662; x_wconf 79' lang='grc' dir='ltr'>λαϐεῖν</span> <span class='ocrx_word' id='word_1_129' title='bbox 3517 626 3531 640; x_wconf 86' lang='grc'><strong>·</strong></span> <span class='ocrx_word' id='word_1_130' title='bbox 3571 611 3810 681; x_wconf 81' lang='grc' dir='ltr'>σωθῆναι</span> <span class='ocrx_word' id='word_1_131' title='bbox 3852 613 3965 682; x_wconf 75' lang='grc' dir='ltr'>μὲν</span> <span class='ocrx_word' id='word_1_132' title='bbox 3996 614 4083 666; x_wconf 68' lang='grc' dir='ltr'><strong>τὸν</strong></span> 
     </span>
    </p>
   </div>
   <div class='ocr_carea' id='block_1_20' title="bbox 2486 699 4079 772">
    <p class='ocr_par' dir='ltr' id='par_1_20' title="bbox 2486 699 4079 772">
     <span class='ocr_line' id='line_1_20' title="bbox 2486 699 4079 772; baseline 0 -17"><span class='ocrx_word' id='word_1_133' title='bbox 2486 701 2653 755; x_wconf 74' lang='grc' dir='ltr'>αὐτοῦ</span> <span class='ocrx_word' id='word_1_134' title='bbox 2695 702 2860 755; x_wconf 83' lang='grc' dir='ltr'>παῖδα</span> <span class='ocrx_word' id='word_1_135' title='bbox 2897 702 3016 764; x_wconf 87' lang='grc' dir='ltr'>ταῖς</span> <span class='ocrx_word' id='word_1_136' title='bbox 3048 699 3212 753; x_wconf 69' lang='grc' dir='ltr'>αὑτοῦ</span> <span class='ocrx_word' id='word_1_137' title='bbox 3257 700 3465 769; x_wconf 80' lang='grc' dir='ltr'><strong>εὐχαῖς,</strong></span> <span class='ocrx_word' id='word_1_138' title='bbox 3515 702 3973 772; x_wconf 73' lang='grc' dir='ltr'><strong>ἀνακομισθῆναι</strong></span> <span class='ocrx_word' id='word_1_139' title='bbox 4028 704 4079 756; x_wconf 73' lang='grc' dir='ltr'><strong>δὲ</strong></span> 
     </span>
    </p>
   </div>
   <div class='ocr_carea' id='block_1_21' title="bbox 2486 790 4081 861">
    <p class='ocr_par' dir='ltr' id='par_1_21' title="bbox 2486 790 4081 861">
     <span class='ocr_line' id='line_1_21' title="bbox 2486 790 4081 861; baseline -0.003 -15"><span class='ocrx_word' id='word_1_140' title='bbox 2486 794 2581 846; x_wconf 72' lang='grc' dir='ltr'>καὶ</span> <span class='ocrx_word' id='word_1_141' title='bbox 2608 792 2669 845; x_wconf 83' lang='grc' dir='ltr'><strong>τὸ</strong></span> <span class='ocrx_word' id='word_1_142' title='bbox 2693 792 2876 845; x_wconf 86' lang='grc' dir='ltr'>πλοῖον</span> <span class='ocrx_word' id='word_1_143' title='bbox 2925 790 3229 853; x_wconf 82' lang='grc' dir='ltr'>ἀκίνδυνον,</span> <span class='ocrx_word' id='word_1_144' title='bbox 3262 790 3398 860; x_wconf 84' lang='grc' dir='ltr'>ὅπερ</span> <span class='ocrx_word' id='word_1_145' title='bbox 3450 790 3639 860; x_wconf 78' lang='grc' dir='ltr'>ἔτυχεν</span> <span class='ocrx_word' id='word_1_146' title='bbox 3670 793 3749 855; x_wconf 85' lang='grc' dir='ltr'><strong>είς</strong></span> <span class='ocrx_word' id='word_1_147' title='bbox 3794 791 4081 861; x_wconf 68' lang='grc' dir='ltr'>Ἀφρικὴν</span> 
     </span>
    </p>
   </div>
   <div class='ocr_carea' id='block_1_22' title="bbox 2486 878 4078 955">
    <p class='ocr_par' dir='ltr' id='par_1_22' title="bbox 2486 878 4078 955">
     <span class='ocr_line' id='line_1_22' title="bbox 2486 878 4078 955; baseline -0.002 -15"><span class='ocrx_word' id='word_1_148' title='bbox 2486 884 2823 955; x_wconf 79' lang='grc' dir='ltr'>ὲκπεμφθὲν.</span> <span class='ocrx_word' id='word_1_149' title='bbox 2887 884 3037 938; x_wconf 83' lang='grc' dir='ltr'>Ἐπεὶ</span> <span class='ocrx_word' id='word_1_150' title='bbox 3094 878 3187 936; x_wconf 78' lang='grc' dir='ltr'><strong>οὖν</strong></span> <span class='ocrx_word' id='word_1_151' title='bbox 3245 881 3383 951; x_wconf 81' lang='grc' dir='ltr'><strong>μετὰ</strong></span> <span class='ocrx_word' id='word_1_152' title='bbox 3417 882 3516 951; x_wconf 85' lang='grc' dir='ltr'>τὴν</span> <span class='ocrx_word' id='word_1_153' title='bbox 3547 882 3713 952; x_wconf 75' lang='grc' dir='ltr'>εὐχὴν</span> <span class='ocrx_word' id='word_1_154' title='bbox 3765 884 4078 947; x_wconf 74' lang='grc' dir='ltr'>τριάκοντα</span> 
     </span>
    </p>
   </div>
   <div class='ocr_carea' id='block_1_23' title="bbox 2485 972 4079 1049">
    <p class='ocr_par' dir='ltr' id='par_1_23' title="bbox 2485 972 4079 1049">
     <span class='ocr_line' id='line_1_23' title="bbox 2485 972 4079 1049; baseline -0.004 -17"><span class='ocrx_word' id='word_1_155' title='bbox 2485 978 2763 1049; x_wconf 80' lang='grc' dir='ltr'>παρῆλθον</span> <span class='ocrx_word' id='word_1_156' title='bbox 2790 979 3016 1045; x_wconf 75' lang='grc' dir='ltr'>ἡμέραι,</span> <span class='ocrx_word' id='word_1_157' title='bbox 3045 974 3268 1045; x_wconf 84' lang='grc' dir='ltr'><strong>θνήσκει</strong></span> <span class='ocrx_word' id='word_1_158' title='bbox 3302 974 3399 1041; x_wconf 81' lang='grc' dir='ltr'>μὲν</span> <span class='ocrx_word' id='word_1_159' title='bbox 3420 972 3447 1024; x_wconf 82' lang='grc' dir='ltr'>ὀ</span> <span class='ocrx_word' id='word_1_160' title='bbox 3473 972 3606 1036; x_wconf 74' lang='grc' dir='ltr'>υίὸς,</span> <span class='ocrx_word' id='word_1_161' title='bbox 3624 974 3817 1043; x_wconf 86' lang='grc' dir='ltr'>τρίτην</span> <span class='ocrx_word' id='word_1_162' title='bbox 3842 974 3906 1027; x_wconf 78' lang='grc' dir='ltr'><strong>δὲ</strong></span> <span class='ocrx_word' id='word_1_163' title='bbox 3938 973 4079 1042; x_wconf 77' lang='grc' dir='ltr'>ἡμέ-</span> 
     </span>
    </p>
   </div>
   <div class='ocr_carea' id='block_1_24' title="bbox 2489 1064 4078 1142">
    <p class='ocr_par' dir='ltr' id='par_1_24' title="bbox 2489 1064 4078 1142">
     <span class='ocr_line' id='line_1_24' title="bbox 2489 1064 4078 1142; baseline -0.004 -19"><span class='ocrx_word' id='word_1_164' title='bbox 2489 1087 2586 1142; x_wconf 85' lang='grc' dir='ltr'><strong>ραν</strong></span> <span class='ocrx_word' id='word_1_165' title='bbox 2624 1068 2761 1140; x_wconf 79' lang='grc' dir='ltr'>μετὰ</span> <span class='ocrx_word' id='word_1_166' title='bbox 2788 1068 2877 1121; x_wconf 83' lang='grc' dir='ltr'><strong>τὸν</strong></span> <span class='ocrx_word' id='word_1_167' title='bbox 2907 1067 3137 1120; x_wconf 80' lang='grc' dir='ltr'>θάνατον</span> <span class='ocrx_word' id='word_1_168' title='bbox 3166 1065 3228 1119; x_wconf 82' lang='grc' dir='ltr'>τὸ</span> <span class='ocrx_word' id='word_1_169' title='bbox 3257 1064 3441 1118; x_wconf 85' lang='grc' dir='ltr'>πλοῖον</span> <span class='ocrx_word' id='word_1_170' title='bbox 3470 1065 3529 1130; x_wconf 75' lang='grc' dir='ltr'><strong>ἐξ</strong></span> <span class='ocrx_word' id='word_1_171' title='bbox 3561 1067 3831 1135; x_wconf 74' lang='grc' dir='ltr'>Ἀφρικῆς</span> <span class='ocrx_word' id='word_1_172' title='bbox 3864 1066 4078 1130; x_wconf 57' lang='grc' dir='ltr'><strong>ἀνα-[ό-</strong></span> 
     </span>
    </p>
   </div>
   <div class='ocr_carea' id='block_1_25' title="bbox 2488 1156 4079 1233">
    <p class='ocr_par' dir='ltr' id='par_1_25' title="bbox 2488 1156 4079 1233">
     <span class='ocr_line' id='line_1_25' title="bbox 2488 1156 4079 1233; baseline -0.005 -18"><span class='ocrx_word' id='word_1_173' title='bbox 2488 1181 2667 1233; x_wconf 89' lang='grc' dir='ltr'>μενον,</span> <span class='ocrx_word' id='word_1_174' title='bbox 2709 1156 2826 1215; x_wconf 84' lang='grc' dir='ltr'>εἶτα</span> <span class='ocrx_word' id='word_1_175' title='bbox 2856 1160 2931 1230; x_wconf 81' lang='grc' dir='ltr'>τῷ</span> <span class='ocrx_word' id='word_1_176' title='bbox 2954 1162 3114 1229; x_wconf 83' lang='grc' dir='ltr'><strong>Φάρῳ</strong></span> <span class='ocrx_word' id='word_1_177' title='bbox 3142 1158 3468 1221; x_wconf 79' lang='grc' dir='ltr'>ἀπεναντίας</span> <span class='ocrx_word' id='word_1_178' title='bbox 3502 1160 3793 1231; x_wconf 86' lang='grc' dir='ltr'>γενόμενον</span> <span class='ocrx_word' id='word_1_179' title='bbox 3823 1158 4079 1226; x_wconf 78' lang='grc' dir='ltr'>ναυαγίῳ</span> 
     </span>
    </p>
   </div>
   <div class='ocr_carea' id='block_1_26' title="bbox 2484 1252 4079 1326">
    <p class='ocr_par' dir='ltr' id='par_1_26' title="bbox 2484 1252 4079 1326">
     <span class='ocr_line' id='line_1_26' title="bbox 2484 1252 4079 1326; baseline -0.005 -17"><span class='ocrx_word' id='word_1_180' title='bbox 2484 1256 2641 1326; x_wconf 87' lang='grc' dir='ltr'>δεινῴ</span> <span class='ocrx_word' id='word_1_181' title='bbox 2667 1256 3011 1323; x_wconf 78' lang='grc' dir='ltr'><strong>περιπίπτει,</strong></span> <span class='ocrx_word' id='word_1_182' title='bbox 3040 1253 3115 1314; x_wconf 81' lang='grc' dir='ltr'>ὡς</span> <span class='ocrx_word' id='word_1_183' title='bbox 3146 1253 3327 1305; x_wconf 83' lang='grc' dir='ltr'>πάντα</span> <span class='ocrx_word' id='word_1_184' title='bbox 3370 1253 3469 1321; x_wconf 78' lang='grc' dir='ltr'>μὲν</span> <span class='ocrx_word' id='word_1_185' title='bbox 3496 1252 3587 1304; x_wconf 73' lang='grc' dir='ltr'><strong>τὸν</strong></span> <span class='ocrx_word' id='word_1_186' title='bbox 3619 1253 3819 1321; x_wconf 80' lang='grc' dir='ltr'>φόρτον</span> <span class='ocrx_word' id='word_1_187' title='bbox 3879 1252 4079 1305; x_wconf 60' lang='grc' dir='ltr'>ἀπολὲ</span> 
     </span>
    </p>
   </div>
   <div class='ocr_carea' id='block_1_27' title="bbox 2488 1343 4071 1415">
    <p class='ocr_par' dir='ltr' id='par_1_27' title="bbox 2488 1343 4071 1415">
     <span class='ocr_line' id='line_1_27' title="bbox 2488 1343 4071 1415; baseline -0.003 -16"><span class='ocrx_word' id='word_1_188' title='bbox 2488 1347 2635 1409; x_wconf 87' lang='grc' dir='ltr'>σθαι,</span> <span class='ocrx_word' id='word_1_189' title='bbox 2667 1347 2825 1415; x_wconf 79' lang='grc' dir='ltr'>μόνον</span> <span class='ocrx_word' id='word_1_190' title='bbox 2854 1346 2911 1398; x_wconf 81' lang='grc' dir='ltr'><strong>δὲ</strong></span> <span class='ocrx_word' id='word_1_191' title='bbox 2935 1346 3032 1399; x_wconf 80' lang='grc' dir='ltr'><strong>σὺν</strong></span> <span class='ocrx_word' id='word_1_192' title='bbox 3062 1344 3349 1407; x_wconf 81' lang='grc' dir='ltr'>ὲπιόάταις</span> <span class='ocrx_word' id='word_1_193' title='bbox 3380 1343 3440 1395; x_wconf 85' lang='grc' dir='ltr'><strong>τὸ</strong></span> <span class='ocrx_word' id='word_1_194' title='bbox 3493 1344 3675 1396; x_wconf 84' lang='grc' dir='ltr'>πλοῖον</span> <span class='ocrx_word' id='word_1_195' title='bbox 3702 1344 4071 1411; x_wconf 76' lang='grc' dir='ltr'>διασωθῆναι.</span> 
     </span>
    </p>
   </div>
   <div class='ocr_carea' id='block_1_28' title="bbox 2495 1434 4075 1508">
    <p class='ocr_par' dir='ltr' id='par_1_28' title="bbox 2495 1434 4075 1508">
     <span class='ocr_line' id='line_1_28' title="bbox 2495 1434 4075 1508; baseline -0.004 -17"><span class='ocrx_word' id='word_1_196' title='bbox 2495 1439 2585 1501; x_wconf 86' lang='grc' dir='ltr'>Ὠς</span> <span class='ocrx_word' id='word_1_197' title='bbox 2637 1434 2752 1502; x_wconf 78' lang='grc' dir='ltr'>οὖν,</span> <span class='ocrx_word' id='word_1_198' title='bbox 2809 1438 2907 1508; x_wconf 81' lang='grc' dir='ltr'>τῆς</span> <span class='ocrx_word' id='word_1_199' title='bbox 2948 1437 3077 1508; x_wconf 70' lang='grc' dir='ltr'>περὶ</span> <span class='ocrx_word' id='word_1_200' title='bbox 3124 1437 3218 1489; x_wconf 80' lang='grc' dir='ltr'><strong>τοῦ</strong></span> <span class='ocrx_word' id='word_1_201' title='bbox 3268 1435 3459 1498; x_wconf 75' lang='grc' dir='ltr'>παιδὸς</span> <span class='ocrx_word' id='word_1_202' title='bbox 3490 1436 3749 1503; x_wconf 79' lang='grc' dir='ltr'><strong>ἀγγελίας</strong></span> <span class='ocrx_word' id='word_1_203' title='bbox 3798 1437 4075 1505; x_wconf 74' lang='grc' dir='ltr'>πρότερον</span> 
     </span>
    </p>
   </div>
   <div class='ocr_carea' id='block_1_29' title="bbox 2485 1528 4075 1601">
    <p class='ocr_par' dir='ltr' id='par_1_29' title="bbox 2485 1528 4075 1601">
     <span class='ocr_line' id='line_1_29' title="bbox 2485 1528 4075 1601; baseline -0.005 -15"><span class='ocrx_word' id='word_1_204' title='bbox 2485 1533 2871 1601; x_wconf 79' lang='grc' dir='ltr'><strong>ἀκουσθείσης,</strong></span> <span class='ocrx_word' id='word_1_205' title='bbox 2902 1532 2997 1584; x_wconf 74' lang='grc' dir='ltr'><strong>καὶ</strong></span> <span class='ocrx_word' id='word_1_206' title='bbox 3019 1529 3113 1584; x_wconf 76' lang='grc' dir='ltr'>τοῦ</span> <span class='ocrx_word' id='word_1_207' title='bbox 3133 1530 3339 1593; x_wconf 74' lang='grc' dir='ltr'>πάθους</span> <span class='ocrx_word' id='word_1_208' title='bbox 3361 1529 3439 1582; x_wconf 82' lang='grc' dir='ltr'><strong>ἔτι</strong></span> <span class='ocrx_word' id='word_1_209' title='bbox 3463 1528 3817 1599; x_wconf 79' lang='grc' dir='ltr'><strong>κρατοῦντος,</strong></span> <span class='ocrx_word' id='word_1_210' title='bbox 3851 1531 3914 1583; x_wconf 80' lang='grc' dir='ltr'><strong>τὸ</strong></span> <span class='ocrx_word' id='word_1_211' title='bbox 3947 1530 4075 1596; x_wconf 76' lang='grc' dir='ltr'>περὶ</span> 
     </span>
    </p>
   </div>
   <div class='ocr_carea' id='block_1_30' title="bbox 2485 1621 4073 1695">
    <p class='ocr_par' dir='ltr' id='par_1_30' title="bbox 2485 1621 4073 1695">
     <span class='ocr_line' id='line_1_30' title="bbox 2485 1621 4073 1695; baseline -0.003 -18"><span class='ocrx_word' id='word_1_212' title='bbox 2485 1625 2578 1678; x_wconf 76' lang='grc' dir='ltr'>τοῦ</span> <span class='ocrx_word' id='word_1_213' title='bbox 2610 1625 2797 1678; x_wconf 79' lang='grc' dir='ltr'>πλοίου</span> <span class='ocrx_word' id='word_1_214' title='bbox 2834 1622 3154 1695; x_wconf 78' lang='grc' dir='ltr'>σκυθρωπὸν</span> <span class='ocrx_word' id='word_1_215' title='bbox 3179 1622 3403 1690; x_wconf 74' lang='grc' dir='ltr'>ἐπῆλθε,</span> <span class='ocrx_word' id='word_1_216' title='bbox 3437 1621 3619 1673; x_wconf 84' lang='grc' dir='ltr'>τέλεον</span> <span class='ocrx_word' id='word_1_217' title='bbox 3641 1621 3804 1675; x_wconf 70' lang='grc' dir='ltr'>αὑτὸν</span> <span class='ocrx_word' id='word_1_218' title='bbox 3835 1622 4073 1674; x_wconf 71' lang='grc' dir='ltr'>κατεεά-</span> 
     </span>
    </p>
   </div>
   <div class='ocr_carea' id='block_1_31' title="bbox 2486 1734 2697 1770">
    <p class='ocr_par' dir='ltr' id='par_1_31' title="bbox 2486 1734 2697 1770">
     <span class='ocr_line' id='line_1_31' title="bbox 2486 1734 2697 1770; baseline 0.005 -1"><span class='ocrx_word' id='word_1_219' title='bbox 2486 1734 2697 1770; x_wconf 89' lang='grc' dir='ltr'>πτισεν.</span> 
     </span>
    </p>
   </div>
   <div class='ocr_carea' id='block_1_32' title="bbox 2554 1807 4074 1879">
    <p class='ocr_par' dir='ltr' id='par_1_32' title="bbox 2554 1807 4074 1879">
     <span class='ocr_line' id='line_1_32' title="bbox 2554 1807 4074 1879; baseline -0.003 -18"><span class='ocrx_word' id='word_1_220' title='bbox 2554 1808 2683 1862; x_wconf 83' lang='grc' dir='ltr'><strong>ΝΑ’.</strong></span> <span class='ocrx_word' id='word_1_221' title='bbox 2718 1809 2898 1879; x_wconf 85' lang='grc' dir='ltr'>Ὅπερ</span> <span class='ocrx_word' id='word_1_222' title='bbox 2926 1809 3123 1877; x_wconf 80' lang='grc' dir='ltr'><strong>γνόντα</strong></span> <span class='ocrx_word' id='word_1_223' title='bbox 3153 1808 3244 1861; x_wconf 80' lang='grc' dir='ltr'><strong>τὸν</strong></span> <span class='ocrx_word' id='word_1_224' title='bbox 3272 1809 3637 1879; x_wconf 76' lang='grc' dir='ltr'>πατριάρχην,</span> <span class='ocrx_word' id='word_1_225' title='bbox 3662 1808 3816 1861; x_wconf 74' lang='grc' dir='ltr'>οὐδὲν</span> <span class='ocrx_word' id='word_1_226' title='bbox 3849 1807 4074 1860; x_wconf 81' lang='grc' dir='ltr'>ἔλαττον</span> 
     </span>
    </p>
   </div>
   <div class='ocr_carea' id='block_1_33' title="bbox 810 1892 2384 1971">
    <p class='ocr_par' dir='ltr' id='par_1_33' title="bbox 810 1898 2376 1971">
     <span class='ocr_line' id='line_1_33' title="bbox 810 1898 2376 1971; baseline -0.001 -17"><span class='ocrx_word' id='word_1_227' title='bbox 810 1901 932 1963; x_wconf 85' lang='lat' dir='ltr'><strong>clia,</strong></span> <span class='ocrx_word' id='word_1_228' title='bbox 966 1901 1015 1952; x_wconf 92' lang='lat' dir='ltr'><strong>id</strong></span> <span class='ocrx_word' id='word_1_229' title='bbox 1036 1899 1205 1952; x_wconf 86' lang='lat' dir='ltr'><strong>nihilo</strong></span> <span class='ocrx_word' id='word_1_230' title='bbox 1225 1899 1490 1953; x_wconf 86' lang='lat' dir='ltr'><strong>minorem</strong></span> <span class='ocrx_word' id='word_1_231' title='bbox 1515 1900 1563 1953; x_wconf 90' lang='lat' dir='ltr'><strong>ei</strong></span> <span class='ocrx_word' id='word_1_232' title='bbox 1590 1898 1768 1952; x_wconf 85' lang='lat' dir='ltr'><strong>attulit</strong></span> <span class='ocrx_word' id='word_1_233' title='bbox 1788 1900 1951 1953; x_wconf 88' lang='lat' dir='ltr'><strong>animi</strong></span> <span class='ocrx_word' id='word_1_234' title='bbox 1977 1900 2376 1971; x_wconf 65' lang='lat' dir='ltr'><strong>aegritudinem.</strong></span> 
     </span>
    </p>
   </div>
   <div class='ocr_carea' id='block_1_34' title="bbox 2488 1892 4071 1971">
    <p class='ocr_par' dir='ltr' id='par_1_34' title="bbox 2488 1900 4071 1970">
     <span class='ocr_line' id='line_1_34' title="bbox 2488 1900 4071 1970; baseline -0.002 -16"><span class='ocrx_word' id='word_1_235' title='bbox 2488 1901 2690 1955; x_wconf 67' lang='grc' dir='ltr'>ἐκείνου</span> <span class='ocrx_word' id='word_1_236' title='bbox 2727 1901 2957 1969; x_wconf 80' lang='grc' dir='ltr'><strong>ἀθυμεῖν</strong></span> <span class='ocrx_word' id='word_1_237' title='bbox 2989 1901 3191 1954; x_wconf 77' lang='grc' dir='ltr'>ἐποίειο</span> <span class='ocrx_word' id='word_1_238' title='bbox 3216 1901 3423 1954; x_wconf 85' lang='grc' dir='ltr'>δεῖσθαί</span> <span class='ocrx_word' id='word_1_239' title='bbox 3450 1919 3507 1954; x_wconf 88' lang='grc' dir='ltr'><strong>τε</strong></span> <span class='ocrx_word' id='word_1_240' title='bbox 3534 1900 3629 1954; x_wconf 84' lang='grc' dir='ltr'>τοῦ</span> <span class='ocrx_word' id='word_1_241' title='bbox 3653 1900 3786 1953; x_wconf 83' lang='grc' dir='ltr'>Θεοῦ</span> <span class='ocrx_word' id='word_1_242' title='bbox 3817 1902 4071 1970; x_wconf 71' lang='grc' dir='ltr'>ἀοράτως</span> 
     </span>
    </p>
   </div>
   <div class='ocr_carea' id='block_1_35' title="bbox 814 1989 2378 2062">
    <p class='ocr_par' dir='ltr' id='par_1_35' title="bbox 814 1989 2378 2062">
     <span class='ocr_line' id='line_1_35' title="bbox 814 1989 2378 2062; baseline -0.001 -17"><span class='ocrx_word' id='word_1_243' title='bbox 814 1993 978 2046; x_wconf 85' lang='lat' dir='ltr'><strong>Deum</strong></span> <span class='ocrx_word' id='word_1_244' title='bbox 1017 1993 1199 2060; x_wconf 83' lang='lat' dir='ltr'><strong>itaque</strong></span> <span class='ocrx_word' id='word_1_245' title='bbox 1239 1992 1472 2062; x_wconf 79' lang='lat' dir='ltr'><strong>rogavit,</strong></span> <span class='ocrx_word' id='word_1_246' title='bbox 1506 2000 1563 2044; x_wconf 86' lang='lat' dir='ltr'><strong>ut</strong></span> <span class='ocrx_word' id='word_1_247' title='bbox 1604 1989 1947 2045; x_wconf 77' lang='lat' dir='ltr'><strong>invisibiliter</strong></span> <span class='ocrx_word' id='word_1_248' title='bbox 1986 1991 2103 2061; x_wconf 88' lang='lat' dir='ltr'><strong>ejus</strong></span> <span class='ocrx_word' id='word_1_249' title='bbox 2142 1992 2378 2044; x_wconf 85' lang='lat' dir='ltr'><strong>animam</strong></span> 
     </span>
    </p>
   </div>
   <div class='ocr_carea' id='block_1_36' title="bbox 811 2084 2381 2152">
    <p class='ocr_par' dir='ltr' id='par_1_36' title="bbox 811 2084 2381 2152">
     <span class='ocr_line' id='line_1_36' title="bbox 811 2084 2381 2152; baseline -0.001 -13"><span class='ocrx_word' id='word_1_250' title='bbox 811 2085 1118 2151; x_wconf 77' lang='lat' dir='ltr'><strong>attingeret,</strong></span> <span class='ocrx_word' id='word_1_251' title='bbox 1145 2095 1198 2139; x_wconf 92' lang='lat' dir='ltr'><strong>et</strong></span> <span class='ocrx_word' id='word_1_252' title='bbox 1228 2084 1533 2152; x_wconf 86' lang='lat' dir='ltr'><strong>increparet</strong></span> <span class='ocrx_word' id='word_1_253' title='bbox 1562 2091 1933 2151; x_wconf 77' lang='lat' dir='ltr'><strong>tempestatem</strong></span> <span class='ocrx_word' id='word_1_254' title='bbox 1969 2084 2133 2137; x_wconf 90' lang='lat' dir='ltr'><strong>animi</strong></span> <span class='ocrx_word' id='word_1_255' title='bbox 2161 2084 2381 2152; x_wconf 68' lang='lat' dir='ltr'><strong>aegritu-</strong></span> 
     </span>
    </p>
   </div>
   <div class='ocr_carea' id='block_1_37' title="bbox 813 2172 2383 2241">
    <p class='ocr_par' dir='ltr' id='par_1_37' title="bbox 813 2172 2383 2241">
     <span class='ocr_line' id='line_1_37' title="bbox 813 2172 2383 2241; baseline 0 -14"><span class='ocrx_word' id='word_1_256' title='bbox 813 2176 954 2227; x_wconf 88' lang='lat' dir='ltr'><strong>dinis</strong></span> <span class='ocrx_word' id='word_1_257' title='bbox 988 2183 1041 2227; x_wconf 84' lang='lat' dir='ltr'><strong>et</strong></span> <span class='ocrx_word' id='word_1_258' title='bbox 1072 2183 1461 2227; x_wconf 81' lang='lat' dir='ltr'><strong>transmutaiet</strong></span> <span class='ocrx_word' id='word_1_259' title='bbox 1491 2173 1542 2225; x_wconf 92' lang='lat' dir='ltr'><strong>in</strong></span> <span class='ocrx_word' id='word_1_260' title='bbox 1579 2172 2049 2241; x_wconf 88' lang='lat' dir='ltr'><strong>tranquillitatem.</strong></span> <span class='ocrx_word' id='word_1_261' title='bbox 2091 2173 2145 2225; x_wconf 92' lang='lat' dir='ltr'><strong>In</strong></span> <span class='ocrx_word' id='word_1_262' title='bbox 2175 2172 2383 2227; x_wconf 87' lang='lat' dir='ltr'><strong>somnis</strong></span> 
     </span>
    </p>
   </div>
   <div class='ocr_carea' id='block_1_38' title="bbox 815 2263 2380 2334">
    <p class='ocr_par' dir='ltr' id='par_1_38' title="bbox 815 2263 2380 2334">
     <span class='ocr_line' id='line_1_38' title="bbox 815 2263 2380 2334; baseline -0.002 -14"><span class='ocrx_word' id='word_1_263' title='bbox 815 2267 995 2334; x_wconf 85' lang='lat' dir='ltr'><strong>itaque</strong></span> <span class='ocrx_word' id='word_1_264' title='bbox 1040 2274 1196 2318; x_wconf 89' lang='lat' dir='ltr'><strong>nocte</strong></span> <span class='ocrx_word' id='word_1_265' title='bbox 1234 2265 1477 2331; x_wconf 86' lang='lat' dir='ltr'><strong>sequenti</strong></span> <span class='ocrx_word' id='word_1_266' title='bbox 1516 2264 1587 2317; x_wconf 93' lang='lat' dir='ltr'><strong>illi</strong></span> <span class='ocrx_word' id='word_1_267' title='bbox 1620 2275 1846 2333; x_wconf 84' lang='lat' dir='ltr'><strong>apparet</strong></span> <span class='ocrx_word' id='word_1_268' title='bbox 1889 2264 1993 2329; x_wconf 92' lang='lat' dir='ltr'><strong>vir,</strong></span> <span class='ocrx_word' id='word_1_269' title='bbox 2029 2263 2196 2334; x_wconf 82' lang='lat' dir='ltr'><strong>figura</strong></span> <span class='ocrx_word' id='word_1_270' title='bbox 2229 2272 2284 2316; x_wconf 89' lang='lat' dir='ltr'><strong>et</strong></span> <span class='ocrx_word' id='word_1_271' title='bbox 2316 2264 2380 2317; x_wconf 90' lang='lat' dir='ltr'><strong>li-</strong></span> 
     </span>
    </p>
   </div>
   <div class='ocr_carea' id='block_1_39' title="bbox 814 2356 2381 2425">
    <p class='ocr_par' dir='ltr' id='par_1_39' title="bbox 814 2356 2381 2425">
     <span class='ocr_line' id='line_1_39' title="bbox 814 2356 2381 2425; baseline -0.001 -13"><span class='ocrx_word' id='word_1_272' title='bbox 814 2358 1113 2412; x_wconf 81' lang='lat' dir='ltr'><strong>ncmneutis</strong></span> <span class='ocrx_word' id='word_1_273' title='bbox 1156 2357 1351 2411; x_wconf 86' lang='lat' dir='ltr'><strong>similis</strong></span> <span class='ocrx_word' id='word_1_274' title='bbox 1396 2357 1757 2425; x_wconf 69' lang='lat' dir='ltr'><strong>patriarchre,</strong></span> <span class='ocrx_word' id='word_1_275' title='bbox 1798 2357 1845 2411; x_wconf 93' lang='lat' dir='ltr'><strong>ei</strong></span> <span class='ocrx_word' id='word_1_276' title='bbox 1887 2356 2113 2414; x_wconf 84' lang='lat' dir='ltr'><strong>dicens:</strong></span> <span class='ocrx_word' id='word_1_277' title='bbox 2154 2357 2263 2411; x_wconf 81' lang='lat' dir='ltr'><strong>Cur</strong></span> <span class='ocrx_word' id='word_1_278' title='bbox 2308 2357 2381 2411; x_wconf 91' lang='lat' dir='ltr'><strong>ita</strong></span> 
     </span>
    </p>
   </div>
   <div class='ocr_carea' id='block_1_40' title="bbox 812 2450 2384 2520">
    <p class='ocr_par' dir='ltr' id='par_1_40' title="bbox 812 2450 2384 2520">
     <span class='ocr_line' id='line_1_40' title="bbox 812 2450 2384 2520; baseline 0.001 -14"><span class='ocrx_word' id='word_1_279' title='bbox 812 2454 985 2507; x_wconf 76' lang='lat' dir='ltr'><strong>victus</strong></span> <span class='ocrx_word' id='word_1_280' title='bbox 1004 2466 1062 2507; x_wconf 89' lang='lat' dir='ltr'><strong>es</strong></span> <span class='ocrx_word' id='word_1_281' title='bbox 1082 2468 1109 2504; x_wconf 88' lang='lat' dir='ltr'><strong>a</strong></span> <span class='ocrx_word' id='word_1_282' title='bbox 1136 2451 1351 2504; x_wconf 86' lang='lat' dir='ltr'><strong>tristitia</strong></span> <span class='ocrx_word' id='word_1_283' title='bbox 1372 2460 1671 2520; x_wconf 74' lang='lat' dir='ltr'><strong>propterea</strong></span> <span class='ocrx_word' id='word_1_284' title='bbox 1692 2466 1808 2518; x_wconf 67' lang='lat' dir='ltr'><strong>qua:</strong></span> <span class='ocrx_word' id='word_1_285' title='bbox 1828 2452 2173 2506; x_wconf 85' lang='lat' dir='ltr'><strong>acciderunt?</strong></span> <span class='ocrx_word' id='word_1_286' title='bbox 2197 2450 2384 2507; x_wconf 85' lang='lat' dir='ltr'><strong>Nonne</strong></span> 
     </span>
    </p>
   </div>
   <div class='ocr_carea' id='block_1_41' title="bbox 816 2541 2381 2612">
    <p class='ocr_par' dir='ltr' id='par_1_41' title="bbox 816 2541 2381 2612">
     <span class='ocr_line' id='line_1_41' title="bbox 816 2541 2381 2612; baseline -0.002 -13"><span class='ocrx_word' id='word_1_287' title='bbox 816 2555 869 2599; x_wconf 92' lang='lat' dir='ltr'><strong>tu</strong></span> <span class='ocrx_word' id='word_1_288' title='bbox 915 2560 999 2599; x_wconf 91' lang='lat' dir='ltr'><strong>me</strong></span> <span class='ocrx_word' id='word_1_289' title='bbox 1031 2543 1250 2612; x_wconf 76' lang='lat' dir='ltr'><strong>rogasti,</strong></span> <span class='ocrx_word' id='word_1_290' title='bbox 1283 2552 1341 2595; x_wconf 93' lang='lat' dir='ltr'><strong>ut</strong></span> <span class='ocrx_word' id='word_1_291' title='bbox 1381 2543 1495 2597; x_wconf 68' lang='lat' dir='ltr'><strong>haec</strong></span> <span class='ocrx_word' id='word_1_292' title='bbox 1527 2542 1779 2606; x_wconf 87' lang='lat' dir='ltr'><strong>precibus</strong></span> <span class='ocrx_word' id='word_1_293' title='bbox 1817 2557 1843 2595; x_wconf 91' lang='lat' dir='ltr'><strong>a</strong></span> <span class='ocrx_word' id='word_1_294' title='bbox 1879 2541 1988 2597; x_wconf 89' lang='lat' dir='ltr'><strong>Deo</strong></span> <span class='ocrx_word' id='word_1_295' title='bbox 2028 2546 2381 2611; x_wconf 85' lang='lat' dir='ltr'><strong>postularem,</strong></span> 
     </span>
    </p>
   </div>
   <div class='ocr_carea' id='block_1_42' title="bbox 814 2634 2384 2705">
    <p class='ocr_par' dir='ltr' id='par_1_42' title="bbox 814 2634 2384 2705">
     <span class='ocr_line' id='line_1_42' title="bbox 814 2634 2384 2705; baseline 0.003 -15"><span class='ocrx_word' id='word_1_296' title='bbox 814 2652 1007 2703; x_wconf 84' lang='lat' dir='ltr'><strong>mmpe</strong></span> <span class='ocrx_word' id='word_1_297' title='bbox 1049 2647 1106 2689; x_wconf 91' lang='lat' dir='ltr'><strong>ut</strong></span> <span class='ocrx_word' id='word_1_298' title='bbox 1143 2643 1198 2689; x_wconf 87' lang='lat' dir='ltr'><strong>et</strong></span> <span class='ocrx_word' id='word_1_299' title='bbox 1224 2645 1347 2687; x_wconf 89' lang='lat' dir='ltr'><strong>tuus</strong></span> <span class='ocrx_word' id='word_1_300' title='bbox 1384 2635 1561 2687; x_wconf 84' lang='lat' dir='ltr'><strong>salvus</strong></span> <span class='ocrx_word' id='word_1_301' title='bbox 1599 2644 1742 2689; x_wconf 69' lang='lat' dir='ltr'><strong>esset</strong></span> <span class='ocrx_word' id='word_1_302' title='bbox 1786 2634 1956 2689; x_wconf 86' lang='lat' dir='ltr'><strong>filius?</strong></span> <span class='ocrx_word' id='word_1_303' title='bbox 2000 2634 2061 2690; x_wconf 82' lang='lat' dir='ltr'><strong>Et</strong></span> <span class='ocrx_word' id='word_1_304' title='bbox 2104 2652 2228 2690; x_wconf 76' lang='lat' dir='ltr'><strong>ecce</strong></span> <span class='ocrx_word' id='word_1_305' title='bbox 2269 2638 2384 2705; x_wconf 88' lang='lat' dir='ltr'><strong>ejus</strong></span> 
     </span>
    </p>
   </div>
   <div class='ocr_carea' id='block_1_43' title="bbox 816 2726 2383 2799">
    <p class='ocr_par' dir='ltr' id='par_1_43' title="bbox 816 2726 2383 2799">
     <span class='ocr_line' id='line_1_43' title="bbox 816 2726 2383 2799; baseline 0 -18"><span class='ocrx_word' id='word_1_306' title='bbox 816 2732 987 2799; x_wconf 70' lang='lat' dir='ltr'><strong>gratia</strong></span> <span class='ocrx_word' id='word_1_307' title='bbox 1030 2738 1113 2783; x_wconf 87' lang='lat' dir='ltr'><strong>est</strong></span> <span class='ocrx_word' id='word_1_308' title='bbox 1144 2729 1351 2791; x_wconf 85' lang='lat' dir='ltr'><strong>salvus,</strong></span> <span class='ocrx_word' id='word_1_309' title='bbox 1383 2738 1439 2780; x_wconf 92' lang='lat' dir='ltr'><strong>ut</strong></span> <span class='ocrx_word' id='word_1_310' title='bbox 1477 2728 1566 2796; x_wconf 86' lang='lat' dir='ltr'><strong>qui</strong></span> <span class='ocrx_word' id='word_1_311' title='bbox 1611 2741 1639 2779; x_wconf 92' lang='lat' dir='ltr'><strong>a</strong></span> <span class='ocrx_word' id='word_1_312' title='bbox 1670 2728 1792 2780; x_wconf 78' lang='lat' dir='ltr'><strong>vita:</strong></span> <span class='ocrx_word' id='word_1_313' title='bbox 1833 2726 1988 2781; x_wconf 87' lang='lat' dir='ltr'><strong>tnalis</strong></span> <span class='ocrx_word' id='word_1_314' title='bbox 2029 2728 2282 2782; x_wconf 86' lang='lat' dir='ltr'><strong>dimissus</strong></span> <span class='ocrx_word' id='word_1_315' title='bbox 2312 2730 2383 2783; x_wconf 89' lang='lat' dir='ltr'><strong>sit</strong></span> 
     </span>
    </p>
   </div>
   <div class='ocr_carea' id='block_1_44' title="bbox 816 2819 2383 2889">
    <p class='ocr_par' dir='ltr' id='par_1_44' title="bbox 816 2819 2383 2889">
     <span class='ocr_line' id='line_1_44' title="bbox 816 2819 2383 2889; baseline 0 -14"><span class='ocrx_word' id='word_1_316' title='bbox 816 2822 1034 2876; x_wconf 67' lang='lat' dir='ltr'><strong>illaesus.</strong></span> <span class='ocrx_word' id='word_1_317' title='bbox 1084 2820 1140 2875; x_wconf 89' lang='lat' dir='ltr'><strong>Si</strong></span> <span class='ocrx_word' id='word_1_318' title='bbox 1184 2821 1325 2874; x_wconf 89' lang='lat' dir='ltr'><strong>enim</strong></span> <span class='ocrx_word' id='word_1_319' title='bbox 1376 2821 1597 2874; x_wconf 81' lang='lat' dir='ltr'><strong>vixisset</strong></span> <span class='ocrx_word' id='word_1_320' title='bbox 1636 2819 1870 2889; x_wconf 79' lang='lat' dir='ltr'><strong>longius,</strong></span> <span class='ocrx_word' id='word_1_321' title='bbox 1914 2834 2020 2874; x_wconf 91' lang='lat' dir='ltr'><strong>non</strong></span> <span class='ocrx_word' id='word_1_322' title='bbox 2052 2821 2256 2884; x_wconf 92' lang='lat' dir='ltr'><strong>bonus,</strong></span> <span class='ocrx_word' id='word_1_323' title='bbox 2292 2822 2383 2875; x_wconf 81' lang='lat' dir='ltr'><strong>sed</strong></span> 
     </span>
    </p>
   </div>
   <div class='ocr_carea' id='block_1_45' title="bbox 816 2913 2383 2984">
    <p class='ocr_par' dir='ltr' id='par_1_45' title="bbox 816 2913 2383 2984">
     <span class='ocr_line' id='line_1_45' title="bbox 816 2913 2383 2984; baseline -0.001 -16"><span class='ocrx_word' id='word_1_324' title='bbox 816 2914 1091 2984; x_wconf 87' lang='lat' dir='ltr'><strong>improbus</strong></span> <span class='ocrx_word' id='word_1_325' title='bbox 1125 2922 1241 2967; x_wconf 89' lang='lat' dir='ltr'><strong>erat</strong></span> <span class='ocrx_word' id='word_1_326' title='bbox 1273 2928 1550 2978; x_wconf 80' lang='lat' dir='ltr'><strong>evasurus,</strong></span> <span class='ocrx_word' id='word_1_327' title='bbox 1585 2923 1637 2968; x_wconf 90' lang='lat' dir='ltr'><strong>et</strong></span> <span class='ocrx_word' id='word_1_328' title='bbox 1662 2913 1910 2981; x_wconf 81' lang='lat' dir='ltr'><strong>indignus</strong></span> <span class='ocrx_word' id='word_1_329' title='bbox 1942 2927 2005 2966; x_wconf 91' lang='lat' dir='ltr'><strong>eo</strong></span> <span class='ocrx_word' id='word_1_330' title='bbox 2039 2914 2127 2980; x_wconf 92' lang='lat' dir='ltr'><strong>qui</strong></span> <span class='ocrx_word' id='word_1_331' title='bbox 2161 2928 2383 2967; x_wconf 84' lang='lat' dir='ltr'><strong>creave-</strong></span> 
     </span>
    </p>
   </div>
   <div class='ocr_carea' id='block_1_46' title="bbox 815 3005 2383 3074">
    <p class='ocr_par' dir='ltr' id='par_1_46' title="bbox 815 3005 2383 3074">
     <span class='ocr_line' id='line_1_46' title="bbox 815 3005 2383 3074; baseline -0.002 -12"><span class='ocrx_word' id='word_1_332' title='bbox 815 3018 919 3063; x_wconf 89' lang='lat' dir='ltr'><strong>rat.</strong></span> <span class='ocrx_word' id='word_1_333' title='bbox 969 3008 1119 3074; x_wconf 83' lang='lat' dir='ltr'><strong>Quod</strong></span> <span class='ocrx_word' id='word_1_334' title='bbox 1152 3008 1217 3060; x_wconf 90' lang='lat' dir='ltr'><strong>ad</strong></span> <span class='ocrx_word' id='word_1_335' title='bbox 1262 3021 1449 3059; x_wconf 89' lang='lat' dir='ltr'><strong>navem</strong></span> <span class='ocrx_word' id='word_1_336' title='bbox 1482 3014 1660 3059; x_wconf 88' lang='lat' dir='ltr'><strong>autem</strong></span> <span class='ocrx_word' id='word_1_337' title='bbox 1712 3005 1934 3068; x_wconf 78' lang='lat' dir='ltr'><strong>attinet,</strong></span> <span class='ocrx_word' id='word_1_338' title='bbox 1968 3005 2104 3058; x_wconf 83' lang='lat' dir='ltr'><strong>nihil</strong></span> <span class='ocrx_word' id='word_1_339' title='bbox 2150 3005 2383 3070; x_wconf 86' lang='lat' dir='ltr'><strong>dubites,</strong></span> 
     </span>
    </p>
   </div>
   <div class='ocr_carea' id='block_1_47' title="bbox 817 3097 2382 3168">
    <p class='ocr_par' dir='ltr' id='par_1_47' title="bbox 817 3097 2382 3168">
     <span class='ocr_line' id='line_1_47' title="bbox 817 3097 2382 3168; baseline 0 -17"><span class='ocrx_word' id='word_1_340' title='bbox 817 3101 957 3168; x_wconf 90' lang='lat' dir='ltr'><strong>quod</strong></span> <span class='ocrx_word' id='word_1_341' title='bbox 990 3099 1089 3153; x_wconf 88' lang='lat' dir='ltr'><strong>nisi</strong></span> <span class='ocrx_word' id='word_1_342' title='bbox 1133 3099 1270 3153; x_wconf 85' lang='lat' dir='ltr'><strong>Deus</strong></span> <span class='ocrx_word' id='word_1_343' title='bbox 1305 3097 1490 3151; x_wconf 80' lang='lat' dir='ltr'><strong>fuisset</strong></span> <span class='ocrx_word' id='word_1_344' title='bbox 1525 3107 1778 3150; x_wconf 80' lang='lat' dir='ltr'><strong>exoratus</strong></span> <span class='ocrx_word' id='word_1_345' title='bbox 1812 3110 1841 3149; x_wconf 88' lang='lat' dir='ltr'><strong>a</strong></span> <span class='ocrx_word' id='word_1_346' title='bbox 1884 3106 2063 3148; x_wconf 90' lang='lat' dir='ltr'><strong>nostra</strong></span> <span class='ocrx_word' id='word_1_347' title='bbox 2095 3098 2382 3151; x_wconf 85' lang='lat' dir='ltr'><strong>mediocri-</strong></span> 
     </span>
    </p>
   </div>
   <div class='ocr_carea' id='block_1_48' title="bbox 820 3186 2385 3258">
    <p class='ocr_par' dir='ltr' id='par_1_48' title="bbox 820 3186 2385 3258">
     <span class='ocr_line' id='line_1_48' title="bbox 820 3186 2385 3258; baseline -0.001 -13"><span class='ocrx_word' id='word_1_348' title='bbox 820 3202 961 3258; x_wconf 86' lang='lat' dir='ltr'><strong>tate,</strong></span> <span class='ocrx_word' id='word_1_349' title='bbox 995 3201 1115 3246; x_wconf 90' lang='lat' dir='ltr'><strong>erat</strong></span> <span class='ocrx_word' id='word_1_350' title='bbox 1151 3204 1271 3244; x_wconf 92' lang='lat' dir='ltr'><strong>cum</strong></span> <span class='ocrx_word' id='word_1_351' title='bbox 1306 3189 1435 3258; x_wconf 89' lang='lat' dir='ltr'><strong>ipsis</strong></span> <span class='ocrx_word' id='word_1_352' title='bbox 1476 3188 1608 3242; x_wconf 84' lang='lat' dir='ltr'><strong>viris</strong></span> <span class='ocrx_word' id='word_1_353' title='bbox 1652 3188 1702 3241; x_wconf 93' lang='lat' dir='ltr'><strong>in</strong></span> <span class='ocrx_word' id='word_1_354' title='bbox 1748 3186 2070 3257; x_wconf 86' lang='lat' dir='ltr'><strong>prolundum</strong></span> <span class='ocrx_word' id='word_1_355' title='bbox 2108 3190 2385 3244; x_wconf 87' lang='lat' dir='ltr'><strong>transmit-</strong></span> 
     </span>
    </p>
   </div>
   <div class='ocr_carea' id='block_1_49' title="bbox 2484 1989 4074 2062">
    <p class='ocr_par' dir='ltr' id='par_1_49' title="bbox 2484 1989 4074 2062">
     <span class='ocr_line' id='line_1_49' title="bbox 2484 1989 4074 2062; baseline -0.012 -6"><span class='ocrx_word' id='word_1_356' title='bbox 2484 1992 2795 2061; x_wconf 58' lang='grc' dir='ltr'><strong>ὲ(ίῐθάξῖκτισθτιι</strong></span> <span class='ocrx_word' id='word_1_357' title='bbox 2822 1991 2922 2062; x_wconf 84' lang='grc' dir='ltr'><strong>τῆς</strong></span> <span class='ocrx_word' id='word_1_358' title='bbox 2948 1991 3114 2044; x_wconf 82' lang='grc' dir='ltr'>αὐτοῦ</span> <span class='ocrx_word' id='word_1_359' title='bbox 3144 1990 3343 2061; x_wconf 77' lang='grc' dir='ltr'>ψυχῆς,</span> <span class='ocrx_word' id='word_1_360' title='bbox 3380 1990 3785 2059; x_wconf 67' lang='grc' dir='ltr'>δπιτιμῆσαίτε</span> <span class='ocrx_word' id='word_1_361' title='bbox 3830 1993 3897 2059; x_wconf 74' lang='grc' dir='ltr'>τῇ</span> <span class='ocrx_word' id='word_1_362' title='bbox 3934 1989 4074 2057; x_wconf 60' lang='grc' dir='ltr'><strong>ζάλῃ</strong></span> 
     </span>
    </p>
   </div>
   <div class='ocr_carea' id='block_1_50' title="bbox 2484 2082 4074 2154">
    <p class='ocr_par' dir='ltr' id='par_1_50' title="bbox 2484 2082 4074 2154">
     <span class='ocr_line' id='line_1_50' title="bbox 2484 2082 4074 2154; baseline -0.004 -17"><span class='ocrx_word' id='word_1_363' title='bbox 2484 2085 2581 2154; x_wconf 85' lang='grc' dir='ltr'>τῆς</span> <span class='ocrx_word' id='word_1_364' title='bbox 2608 2084 2847 2154; x_wconf 81' lang='grc' dir='ltr'>ἀθυμίας</span> <span class='ocrx_word' id='word_1_365' title='bbox 2879 2084 2972 2137; x_wconf 79' lang='grc' dir='ltr'>καὶ</span> <span class='ocrx_word' id='word_1_366' title='bbox 2999 2084 3081 2146; x_wconf 82' lang='grc' dir='ltr'><strong>είς</strong></span> <span class='ocrx_word' id='word_1_367' title='bbox 3106 2083 3348 2153; x_wconf 82' lang='grc' dir='ltr'><strong>γαλήνην</strong></span> <span class='ocrx_word' id='word_1_368' title='bbox 3374 2082 3722 2152; x_wconf 78' lang='grc' dir='ltr'>μεταϐαλεῖν.</span> <span class='ocrx_word' id='word_1_369' title='bbox 3752 2084 3933 2149; x_wconf 86' lang='grc' dir='ltr'>Ὀναρ</span> <span class='ocrx_word' id='word_1_370' title='bbox 3967 2083 4074 2132; x_wconf 80' lang='grc' dir='ltr'>τοί-</span> 
     </span>
    </p>
   </div>
   <div class='ocr_carea' id='block_1_51' title="bbox 2485 2171 4073 2245">
    <p class='ocr_par' dir='ltr' id='par_1_51' title="bbox 2485 2171 4073 2245">
     <span class='ocr_line' id='line_1_51' title="bbox 2485 2171 4073 2245; baseline -0.004 -18"><span class='ocrx_word' id='word_1_371' title='bbox 2485 2193 2581 2227; x_wconf 87' lang='grc' dir='ltr'><strong>νυν</strong></span> <span class='ocrx_word' id='word_1_372' title='bbox 2608 2177 2686 2237; x_wconf 86' lang='grc' dir='ltr'><strong>είς</strong></span> <span class='ocrx_word' id='word_1_373' title='bbox 2714 2175 2813 2245; x_wconf 81' lang='grc' dir='ltr'><strong>τὴν</strong></span> <span class='ocrx_word' id='word_1_374' title='bbox 2847 2173 3107 2226; x_wconf 69' lang='grc' dir='ltr'>ἐπιοῦσαν</span> <span class='ocrx_word' id='word_1_375' title='bbox 3132 2174 3302 2226; x_wconf 80' lang='grc' dir='ltr'>νύκτα</span> <span class='ocrx_word' id='word_1_376' title='bbox 3342 2174 3628 2241; x_wconf 75' lang='grc' dir='ltr'>ἐφίσταται</span> <span class='ocrx_word' id='word_1_377' title='bbox 3679 2172 3758 2242; x_wconf 81' lang='grc' dir='ltr'>τῷ</span> <span class='ocrx_word' id='word_1_378' title='bbox 3789 2171 4073 2241; x_wconf 79' lang='grc' dir='ltr'><strong>ἀνθρώπῳ</strong></span> 
     </span>
    </p>
   </div>
   <div class='ocr_carea' id='block_1_52' title="bbox 2483 2264 4072 2339">
    <p class='ocr_par' dir='ltr' id='par_1_52' title="bbox 2483 2264 4072 2339">
     <span class='ocr_line' id='line_1_52' title="bbox 2483 2264 4072 2339; baseline -0.005 -16"><span class='ocrx_word' id='word_1_379' title='bbox 2483 2268 2643 2339; x_wconf 78' lang='grc' dir='ltr'>ἀνὴρ,</span> <span class='ocrx_word' id='word_1_380' title='bbox 2681 2266 2760 2336; x_wconf 83' lang='grc' dir='ltr'>τῷ</span> <span class='ocrx_word' id='word_1_381' title='bbox 2786 2265 2881 2319; x_wconf 78' lang='grc' dir='ltr'>τοῦ</span> <span class='ocrx_word' id='word_1_382' title='bbox 2906 2266 3246 2337; x_wconf 82' lang='grc' dir='ltr'>πατριάρχου</span> <span class='ocrx_word' id='word_1_383' title='bbox 3278 2265 3468 2327; x_wconf 76' lang='grc' dir='ltr'>ἐοικὼς</span> <span class='ocrx_word' id='word_1_384' title='bbox 3507 2264 3768 2335; x_wconf 78' lang='grc' dir='ltr'>σχήματι,</span> <span class='ocrx_word' id='word_1_385' title='bbox 3805 2266 3873 2316; x_wconf 88' lang='grc' dir='ltr'>Τί</span> <span class='ocrx_word' id='word_1_386' title='bbox 3901 2264 4072 2327; x_wconf 74' lang='grc' dir='ltr'>οὕτω,</span> 
     </span>
    </p>
   </div>
   <div class='ocr_carea' id='block_1_53' title="bbox 2488 2357 4074 2430">
    <p class='ocr_par' dir='ltr' id='par_1_53' title="bbox 2488 2357 4074 2430">
     <span class='ocr_line' id='line_1_53' title="bbox 2488 2357 4074 2430; baseline -0.003 -17"><span class='ocrx_word' id='word_1_387' title='bbox 2488 2360 2620 2430; x_wconf 81' lang='grc' dir='ltr'>πρὸς</span> <span class='ocrx_word' id='word_1_388' title='bbox 2644 2358 2807 2413; x_wconf 83' lang='grc' dir='ltr'>αὐτὸν</span> <span class='ocrx_word' id='word_1_389' title='bbox 2844 2359 3039 2427; x_wconf 81' lang='grc' dir='ltr'>λέγων,</span> <span class='ocrx_word' id='word_1_390' title='bbox 3070 2361 3170 2429; x_wconf 76' lang='grc' dir='ltr'>τῆς</span> <span class='ocrx_word' id='word_1_391' title='bbox 3203 2358 3297 2410; x_wconf 71' lang='grc' dir='ltr'><strong>ἐπὶ</strong></span> <span class='ocrx_word' id='word_1_392' title='bbox 3352 2360 3466 2420; x_wconf 87' lang='grc' dir='ltr'>τοῖς</span> <span class='ocrx_word' id='word_1_393' title='bbox 3506 2357 3924 2427; x_wconf 73' lang='grc' dir='ltr'>συμῆεόηκόσιν</span> <span class='ocrx_word' id='word_1_394' title='bbox 3971 2358 4074 2425; x_wconf 77' lang='grc' dir='ltr'>ἧτο</span> 
     </span>
    </p>
   </div>
   <div class='ocr_carea' id='block_1_54' title="bbox 2485 2449 4077 2523">
    <p class='ocr_par' dir='ltr' id='par_1_54' title="bbox 2485 2449 4077 2523">
     <span class='ocr_line' id='line_1_54' title="bbox 2485 2449 4077 2523; baseline -0.003 -17"><span class='ocrx_word' id='word_1_395' title='bbox 2485 2471 2646 2522; x_wconf 89' lang='grc' dir='ltr'>τησαι</span> <span class='ocrx_word' id='word_1_396' title='bbox 2699 2452 2911 2523; x_wconf 80' lang='grc' dir='ltr'>λύπης;</span> <span class='ocrx_word' id='word_1_397' title='bbox 2965 2450 3086 2519; x_wconf 77' lang='grc' dir='ltr'>οὐχὶ</span> <span class='ocrx_word' id='word_1_398' title='bbox 3127 2450 3190 2503; x_wconf 82' lang='grc' dir='ltr'>σύ</span> <span class='ocrx_word' id='word_1_399' title='bbox 3248 2466 3312 2520; x_wconf 89' lang='grc' dir='ltr'><strong>με</strong></span> <span class='ocrx_word' id='word_1_400' title='bbox 3344 2450 3581 2518; x_wconf 76' lang='grc' dir='ltr'><strong>ἠξίωσας</strong></span> <span class='ocrx_word' id='word_1_401' title='bbox 3631 2450 3816 2518; x_wconf 81' lang='grc' dir='ltr'>δέησιν</span> <span class='ocrx_word' id='word_1_402' title='bbox 3863 2449 4077 2518; x_wconf 70' lang='grc' dir='ltr'>ταύτην</span> 
     </span>
    </p>
   </div>
   <div class='ocr_carea' id='block_1_55' title="bbox 2486 2540 4075 2619">
    <p class='ocr_par' dir='ltr' id='par_1_55' title="bbox 2486 2540 4075 2619">
     <span class='ocr_line' id='line_1_55' title="bbox 2486 2540 4075 2619; baseline -0.003 -21"><span class='ocrx_word' id='word_1_403' title='bbox 2486 2544 2745 2619; x_wconf 75' lang='grc' dir='ltr'>δεηθῆναι</span> <span class='ocrx_word' id='word_1_404' title='bbox 2777 2542 2910 2596; x_wconf 85' lang='grc' dir='ltr'><strong>Θεοῦ</strong></span> <span class='ocrx_word' id='word_1_405' title='bbox 2955 2540 3197 2611; x_wconf 82' lang='grc' dir='ltr'>σωθῆναί</span> <span class='ocrx_word' id='word_1_406' title='bbox 3239 2558 3333 2593; x_wconf 86' lang='grc' dir='ltr'><strong>σου</strong></span> <span class='ocrx_word' id='word_1_407' title='bbox 3365 2543 3457 2595; x_wconf 83' lang='grc' dir='ltr'><strong>τὸν</strong></span> <span class='ocrx_word' id='word_1_408' title='bbox 3503 2542 3646 2603; x_wconf 78' lang='grc' dir='ltr'>υίόν;</span> <span class='ocrx_word' id='word_1_409' title='bbox 3676 2544 3771 2595; x_wconf 75' lang='grc' dir='ltr'><strong>καὶ</strong></span> <span class='ocrx_word' id='word_1_410' title='bbox 3804 2542 3921 2595; x_wconf 73' lang='grc' dir='ltr'>ἰδοῦ</span> <span class='ocrx_word' id='word_1_411' title='bbox 3976 2543 4075 2610; x_wconf 62' lang='lat' dir='ltr'><strong>xi-</strong></span> 
     </span>
    </p>
   </div>
   <div class='ocr_carea' id='block_1_56' title="bbox 2490 2632 4080 2707">
    <p class='ocr_par' dir='ltr' id='par_1_56' title="bbox 2490 2632 4080 2707">
     <span class='ocr_line' id='line_1_56' title="bbox 2490 2632 4080 2707; baseline -0.003 -19"><span class='ocrx_word' id='word_1_412' title='bbox 2490 2655 2597 2707; x_wconf 86' lang='grc' dir='ltr'>ριτι</span> <span class='ocrx_word' id='word_1_413' title='bbox 2625 2640 2689 2706; x_wconf 75' lang='grc' dir='ltr'>τῇ</span> <span class='ocrx_word' id='word_1_414' title='bbox 2721 2634 2886 2688; x_wconf 76' lang='grc' dir='ltr'>αὐτοῦ</span> <span class='ocrx_word' id='word_1_415' title='bbox 2916 2634 3183 2687; x_wconf 79' lang='grc' dir='ltr'><strong>σέσωσται</strong></span> <span class='ocrx_word' id='word_1_416' title='bbox 3206 2634 3313 2686; x_wconf 83' lang='grc' dir='ltr'>τῶν</span> <span class='ocrx_word' id='word_1_417' title='bbox 3338 2632 3430 2686; x_wconf 84' lang='grc' dir='ltr'>τοῦ</span> <span class='ocrx_word' id='word_1_418' title='bbox 3459 2632 3575 2703; x_wconf 80' lang='grc' dir='ltr'>βίου</span> <span class='ocrx_word' id='word_1_419' title='bbox 3602 2633 3789 2686; x_wconf 77' lang='grc' dir='ltr'>κακῶν</span> <span class='ocrx_word' id='word_1_420' title='bbox 3809 2634 3931 2703; x_wconf 80' lang='grc' dir='ltr'><strong>ἀπή</strong></span> <span class='ocrx_word' id='word_1_421' title='bbox 3944 2652 4080 2701; x_wconf 82' lang='grc' dir='ltr'>μαν-</span> 
     </span>
    </p>
   </div>
   <div class='ocr_carea' id='block_1_57' title="bbox 2488 2724 4080 2797">
    <p class='ocr_par' dir='ltr' id='par_1_57' title="bbox 2488 2724 4080 2797">
     <span class='ocr_line' id='line_1_57' title="bbox 2488 2724 4080 2797; baseline -0.001 -15"><span class='ocrx_word' id='word_1_422' title='bbox 2488 2747 2576 2793; x_wconf 87' lang='grc' dir='ltr'><strong>τος</strong></span> <span class='ocrx_word' id='word_1_423' title='bbox 2613 2729 2854 2795; x_wconf 81' lang='grc' dir='ltr'>ἀφεθείς.</span> <span class='ocrx_word' id='word_1_424' title='bbox 2910 2728 2971 2780; x_wconf 84' lang='grc' dir='ltr'><strong>ΕΞ</strong></span> <span class='ocrx_word' id='word_1_425' title='bbox 3010 2727 3120 2797; x_wconf 71' lang='grc' dir='ltr'><strong>γὰρ</strong></span> <span class='ocrx_word' id='word_1_426' title='bbox 3154 2726 3501 2796; x_wconf 80' lang='grc' dir='ltr'>μακροτέρας</span> <span class='ocrx_word' id='word_1_427' title='bbox 3531 2726 3685 2797; x_wconf 82' lang='grc' dir='ltr'>ἔτυχε</span> <span class='ocrx_word' id='word_1_428' title='bbox 3742 2724 3847 2795; x_wconf 78' lang='grc' dir='ltr'><strong>τῆς</strong></span> <span class='ocrx_word' id='word_1_429' title='bbox 3900 2728 4080 2796; x_wconf 75' lang='grc' dir='ltr'>ζωῆς,</span> 
     </span>
    </p>
   </div>
   <div class='ocr_carea' id='block_1_58' title="bbox 2487 2818 4076 2890">
    <p class='ocr_par' dir='ltr' id='par_1_58' title="bbox 2487 2818 4076 2890">
     <span class='ocr_line' id='line_1_58' title="bbox 2487 2818 4076 2890; baseline -0.003 -14"><span class='ocrx_word' id='word_1_430' title='bbox 2487 2823 2587 2876; x_wconf 70' lang='grc' dir='ltr'><strong>οὐκ</strong></span> <span class='ocrx_word' id='word_1_431' title='bbox 2622 2820 2845 2886; x_wconf 75' lang='grc' dir='ltr'>ἀγαθὸς,</span> <span class='ocrx_word' id='word_1_432' title='bbox 2908 2820 3040 2875; x_wconf 76' lang='grc' dir='ltr'>ἀλλὰ</span> <span class='ocrx_word' id='word_1_433' title='bbox 3092 2818 3366 2889; x_wconf 65' lang='grc' dir='ltr'>μοχθηρὸς</span> <span class='ocrx_word' id='word_1_434' title='bbox 3408 2818 3633 2887; x_wconf 80' lang='grc' dir='ltr'>ἔμελλεν</span> <span class='ocrx_word' id='word_1_435' title='bbox 3684 2820 4076 2890; x_wconf 70' lang='grc' dir='ltr'>ἀποϐήσεσθαι</span> 
     </span>
    </p>
   </div>
   <div class='ocr_carea' id='block_1_59' title="bbox 2487 2912 4075 2981">
    <p class='ocr_par' dir='ltr' id='par_1_59' title="bbox 2487 2912 4075 2981">
     <span class='ocr_line' id='line_1_59' title="bbox 2487 2912 4075 2981; baseline -0.002 -13"><span class='ocrx_word' id='word_1_436' title='bbox 2487 2915 2582 2968; x_wconf 79' lang='grc' dir='ltr'>καὶ</span> <span class='ocrx_word' id='word_1_437' title='bbox 2610 2913 2705 2966; x_wconf 78' lang='grc' dir='ltr'>τοῦ</span> <span class='ocrx_word' id='word_1_438' title='bbox 2728 2913 3095 2981; x_wconf 73' lang='grc' dir='ltr'>πεποιηκότος</span> <span class='ocrx_word' id='word_1_439' title='bbox 3129 2912 3347 2975; x_wconf 76' lang='grc' dir='ltr'>ἀνάξιος</span> <span class='ocrx_word' id='word_1_440' title='bbox 3375 2925 3387 2939; x_wconf 91' lang='grc'><strong>·</strong></span> <span class='ocrx_word' id='word_1_441' title='bbox 3425 2913 3585 2980; x_wconf 72' lang='grc' dir='ltr'>χάριν</span> <span class='ocrx_word' id='word_1_442' title='bbox 3626 2915 3681 2965; x_wconf 72' lang='grc' dir='ltr'><strong>δὲ</strong></span> <span class='ocrx_word' id='word_1_443' title='bbox 3727 2912 3823 2965; x_wconf 79' lang='grc' dir='ltr'>τοῦ</span> <span class='ocrx_word' id='word_1_444' title='bbox 3883 2915 4075 2965; x_wconf 61' lang='grc' dir='ltr'>πλοίου</span> 
     </span>
    </p>
   </div>
   <div class='ocr_carea' id='block_1_60' title="bbox 2493 3004 4079 3077">
    <p class='ocr_par' dir='ltr' id='par_1_60' title="bbox 2493 3004 4079 3077">
     <span class='ocr_line' id='line_1_60' title="bbox 2493 3004 4079 3077; baseline -0.001 -18"><span class='ocrx_word' id='word_1_445' title='bbox 2493 3006 2658 3076; x_wconf 80' lang='grc' dir='ltr'>μηδὲν</span> <span class='ocrx_word' id='word_1_446' title='bbox 2690 3006 2779 3058; x_wconf 78' lang='grc' dir='ltr'><strong>ἔσο</strong></span> <span class='ocrx_word' id='word_1_447' title='bbox 2799 3004 3118 3069; x_wconf 75' lang='grc' dir='ltr'>ὲπιδοιάζων</span> <span class='ocrx_word' id='word_1_448' title='bbox 3144 3021 3157 3034; x_wconf 78' lang='grc'><strong><em>⁸</em></strong></span> <span class='ocrx_word' id='word_1_449' title='bbox 3190 3004 3265 3067; x_wconf 85' lang='grc' dir='ltr'>ὼς</span> <span class='ocrx_word' id='word_1_450' title='bbox 3298 3006 3345 3057; x_wconf 87' lang='grc' dir='ltr'><strong>εί</strong></span> <span class='ocrx_word' id='word_1_451' title='bbox 3385 3005 3457 3075; x_wconf 81' lang='grc' dir='ltr'>μὴ</span> <span class='ocrx_word' id='word_1_452' title='bbox 3490 3006 3618 3067; x_wconf 67' lang='grc' dir='ltr'>θεὸς</span> <span class='ocrx_word' id='word_1_453' title='bbox 3643 3007 3746 3057; x_wconf 71' lang='grc' dir='ltr'>ὑπὸ</span> <span class='ocrx_word' id='word_1_454' title='bbox 3781 3006 3885 3076; x_wconf 77' lang='grc' dir='ltr'>τῇς</span> <span class='ocrx_word' id='word_1_455' title='bbox 3916 3007 4079 3077; x_wconf 70' lang='grc' dir='ltr'>ἡμῶν</span> 
     </span>
    </p>
   </div>
   <div class='ocr_carea' id='block_1_61' title="bbox 2488 3095 4079 3166">
    <p class='ocr_par' dir='ltr' id='par_1_61' title="bbox 2488 3095 4079 3166">
     <span class='ocr_line' id='line_1_61' title="bbox 2488 3095 4079 3166; baseline 0.001 -18"><span class='ocrx_word' id='word_1_456' title='bbox 2488 3095 2906 3165; x_wconf 72' lang='grc' dir='ltr'>παρακέκληται</span> <span class='ocrx_word' id='word_1_457' title='bbox 2960 3095 3333 3164; x_wconf 73' lang='grc' dir='ltr'>μετριότητος,</span> <span class='ocrx_word' id='word_1_458' title='bbox 3390 3095 3687 3164; x_wconf 75' lang='grc' dir='ltr'>αὔτανδρον</span> <span class='ocrx_word' id='word_1_459' title='bbox 3740 3096 3944 3166; x_wconf 83' lang='grc' dir='ltr'>ἔμελλε</span> <span class='ocrx_word' id='word_1_460' title='bbox 4003 3098 4079 3166; x_wconf 83' lang='grc' dir='ltr'><strong>τῷ</strong></span> 
     </span>
    </p>
   </div>
   <div class='ocr_carea' id='block_1_62' title="bbox 2490 3172 4079 3261">
    <p class='ocr_par' dir='ltr' id='par_1_62' title="bbox 2490 3172 4079 3261">
     <span class='ocr_line' id='line_1_62' title="bbox 2490 3172 4079 3261; baseline -0.002 -17"><span class='ocrx_word' id='word_1_461' title='bbox 2490 3191 2680 3261; x_wconf 83' lang='grc' dir='ltr'>Κυρίῳ</span> <span class='ocrx_word' id='word_1_462' title='bbox 2706 3190 2824 3259; x_wconf 84' lang='grc' dir='ltr'><strong>Θεῷ</strong></span> <span class='ocrx_word' id='word_1_463' title='bbox 2855 3172 3452 3258; x_wconf 60' lang='grc' dir='ltr'>παραπεμφθήσεσθαι,</span> <span class='ocrx_word' id='word_1_464' title='bbox 3488 3191 3580 3241; x_wconf 69' lang='grc' dir='ltr'>καὶ</span> <span class='ocrx_word' id='word_1_465' title='bbox 3612 3189 3746 3259; x_wconf 81' lang='grc' dir='ltr'>πρὸς</span> <span class='ocrx_word' id='word_1_466' title='bbox 3778 3190 3859 3259; x_wconf 76' lang='grc' dir='ltr'>τῷ</span> <span class='ocrx_word' id='word_1_467' title='bbox 3890 3192 4079 3261; x_wconf 66' lang='grc' dir='ltr'>φορτῳ</span> 
     </span>
    </p>
   </div>
   <div class='ocr_carea' id='block_1_63' title="bbox 815 3253 2384 3352">
    <p class='ocr_par' dir='ltr' id='par_1_63' title="bbox 815 3282 2384 3352">
     <span class='ocr_line' id='line_1_63' title="bbox 815 3282 2384 3352; baseline -0.002 -14"><span class='ocrx_word' id='word_1_468' title='bbox 815 3288 996 3349; x_wconf 86' lang='lat' dir='ltr'><strong>tenda,</strong></span> <span class='ocrx_word' id='word_1_469' title='bbox 1026 3295 1073 3337; x_wconf 84' lang='lat' dir='ltr'><strong>et</strong></span> <span class='ocrx_word' id='word_1_470' title='bbox 1108 3294 1300 3352; x_wconf 64' lang='lat' dir='ltr'><strong>praeter</strong></span> <span class='ocrx_word' id='word_1_471' title='bbox 1331 3300 1469 3339; x_wconf 91' lang='lat' dir='ltr'><strong>onus</strong></span> <span class='ocrx_word' id='word_1_472' title='bbox 1521 3283 1984 3350; x_wconf 71' lang='lat' dir='ltr'><strong>fratrequuoqne</strong></span> <span class='ocrx_word' id='word_1_473' title='bbox 2011 3292 2063 3336; x_wconf 90' lang='lat' dir='ltr'><strong>et</strong></span> <span class='ocrx_word' id='word_1_474' title='bbox 2092 3282 2222 3337; x_wconf 91' lang='lat' dir='ltr'><strong>alios</strong></span> <span class='ocrx_word' id='word_1_475' title='bbox 2252 3284 2384 3336; x_wconf 92' lang='lat' dir='ltr'><strong>ami-</strong></span> 
     </span>
    </p>
   </div>
   <div class='ocr_carea' id='block_1_64' title="bbox 2488 3253 4075 3352">
    <p class='ocr_par' dir='ltr' id='par_1_64' title="bbox 2490 3280 4075 3349">
     <span class='ocr_line' id='line_1_64' title="bbox 2490 3280 4075 3349; baseline -0.001 -15"><span class='ocrx_word' id='word_1_476' title='bbox 2490 3283 2585 3335; x_wconf 74' lang='grc' dir='ltr'>καὶ</span> <span class='ocrx_word' id='word_1_477' title='bbox 2636 3282 2725 3334; x_wconf 74' lang='grc' dir='ltr'><strong>τὸν</strong></span> <span class='ocrx_word' id='word_1_478' title='bbox 2772 3282 2998 3349; x_wconf 66' lang='grc' dir='ltr'>ἀδελφον</span> <span class='ocrx_word' id='word_1_479' title='bbox 3059 3281 3152 3333; x_wconf 80' lang='grc' dir='ltr'>καὶ</span> <span class='ocrx_word' id='word_1_480' title='bbox 3212 3281 3340 3341; x_wconf 67' lang='grc' dir='ltr'>τοὺς</span> <span class='ocrx_word' id='word_1_481' title='bbox 3389 3280 3581 3343; x_wconf 79' lang='grc' dir='ltr'>ἄλλους</span> <span class='ocrx_word' id='word_1_482' title='bbox 3634 3280 3934 3345; x_wconf 73' lang='grc' dir='ltr'>ἀπώλεσας</span> <span class='ocrx_word' id='word_1_483' title='bbox 3995 3286 4075 3335; x_wconf 78' lang='grc' dir='ltr'><strong>ἄν.</strong></span> 
     </span>
    </p>
   </div>
   <div class='ocr_carea' id='block_1_65' title="bbox 813 3374 2388 3444">
    <p class='ocr_par' dir='ltr' id='par_1_65' title="bbox 813 3374 2388 3444">
     <span class='ocr_line' id='line_1_65' title="bbox 813 3374 2388 3444; baseline -0.003 -11"><span class='ocrx_word' id='word_1_484' title='bbox 813 3379 1018 3433; x_wconf 76' lang='lat' dir='ltr'><strong>Sisses.&#39;</strong></span> <span class='ocrx_word' id='word_1_485' title='bbox 1052 3375 1163 3429; x_wconf 82' lang='lat' dir='ltr'><strong>Non</strong></span> <span class='ocrx_word' id='word_1_486' title='bbox 1199 3385 1409 3444; x_wconf 81' lang='lat' dir='ltr'><strong>Oportet</strong></span> <span class='ocrx_word' id='word_1_487' title='bbox 1441 3390 1568 3442; x_wconf 75' lang='lat' dir='ltr'><strong>ergo</strong></span> <span class='ocrx_word' id='word_1_488' title='bbox 1611 3390 1731 3429; x_wconf 89' lang='lat' dir='ltr'><strong>esse</strong></span> <span class='ocrx_word' id='word_1_489' title='bbox 1774 3376 1979 3428; x_wconf 81' lang='lat' dir='ltr'><strong>tristem</strong></span> <span class='ocrx_word' id='word_1_490' title='bbox 2002 3413 2016 3437; x_wconf 96' lang='lat'><strong>,</strong></span> <span class='ocrx_word' id='word_1_491' title='bbox 2049 3374 2141 3427; x_wconf 89' lang='lat' dir='ltr'><strong>sed</strong></span> <span class='ocrx_word' id='word_1_492' title='bbox 2170 3384 2388 3443; x_wconf 89' lang='lat' dir='ltr'><strong>propter</strong></span> 
     </span>
    </p>
   </div>
   <div class='ocr_carea' id='block_1_66' title="bbox 817 3465 2385 3535">
    <p class='ocr_par' dir='ltr' id='par_1_66' title="bbox 817 3465 2385 3535">
     <span class='ocr_line' id='line_1_66' title="bbox 817 3465 2385 3535; baseline -0.001 -14"><span class='ocrx_word' id='word_1_493' title='bbox 817 3469 919 3521; x_wconf 81' lang='lat' dir='ltr'><strong>lioc</strong></span> <span class='ocrx_word' id='word_1_494' title='bbox 955 3469 1127 3535; x_wconf 89' lang='lat' dir='ltr'><strong>ipsum</strong></span> <span class='ocrx_word' id='word_1_495' title='bbox 1169 3466 1390 3522; x_wconf 89' lang='lat' dir='ltr'><strong>ferenda</strong></span> <span class='ocrx_word' id='word_1_496' title='bbox 1423 3476 1547 3521; x_wconf 88' lang='lat' dir='ltr'><strong>sunt</strong></span> <span class='ocrx_word' id='word_1_497' title='bbox 1578 3468 1757 3535; x_wconf 88' lang='lat' dir='ltr'><strong>potius</strong></span> <span class='ocrx_word' id='word_1_498' title='bbox 1789 3481 1907 3532; x_wconf 75' lang='lat' dir='ltr'><strong>qure</strong></span> <span class='ocrx_word' id='word_1_499' title='bbox 1945 3465 2200 3519; x_wconf 89' lang='lat' dir='ltr'><strong>accidunt</strong></span> <span class='ocrx_word' id='word_1_500' title='bbox 2232 3476 2385 3535; x_wconf 83' lang='lat' dir='ltr'><strong>grato</strong></span> 
     </span>
    </p>
   </div>
   <div class='ocr_carea' id='block_1_67' title="bbox 817 3558 2385 3625">
    <p class='ocr_par' dir='ltr' id='par_1_67' title="bbox 817 3558 2385 3625">
     <span class='ocr_line' id='line_1_67' title="bbox 817 3558 2385 3625; baseline 0.001 -16"><span class='ocrx_word' id='word_1_501' title='bbox 817 3560 1021 3614; x_wconf 92' lang='lat' dir='ltr'><strong>animo.</strong></span> <span class='ocrx_word' id='word_1_502' title='bbox 1057 3558 1200 3612; x_wconf 83' lang='lat' dir='ltr'><strong>Nihil</strong></span> <span class='ocrx_word' id='word_1_503' title='bbox 1238 3560 1382 3612; x_wconf 90' lang='lat' dir='ltr'><strong>enim</strong></span> <span class='ocrx_word' id='word_1_504' title='bbox 1442 3572 1628 3612; x_wconf 87' lang='lat' dir='ltr'><strong>eorum</strong></span> <span class='ocrx_word' id='word_1_505' title='bbox 1688 3572 1805 3625; x_wconf 75' lang='lat' dir='ltr'><strong>qua:</strong></span> <span class='ocrx_word' id='word_1_506' title='bbox 1835 3559 1996 3620; x_wconf 87' lang='lat' dir='ltr'><strong>fiunt,</strong></span> <span class='ocrx_word' id='word_1_507' title='bbox 2044 3558 2103 3610; x_wconf 86' lang='lat' dir='ltr'><strong>fit</strong></span> <span class='ocrx_word' id='word_1_508' title='bbox 2140 3558 2255 3610; x_wconf 88' lang='lat' dir='ltr'><strong>sine</strong></span> <span class='ocrx_word' id='word_1_509' title='bbox 2290 3558 2385 3611; x_wconf 90' lang='lat' dir='ltr'><strong>Dei</strong></span> 
     </span>
    </p>
   </div>
   <div class='ocr_carea' id='block_1_68' title="bbox 813 3649 2388 3721">
    <p class='ocr_par' dir='ltr' id='par_1_68' title="bbox 813 3649 2388 3721">
     <span class='ocr_line' id='line_1_68' title="bbox 813 3649 2388 3721; baseline 0.003 -20"><span class='ocrx_word' id='word_1_510' title='bbox 813 3652 1047 3721; x_wconf 86' lang='lat' dir='ltr'><strong>judicio,</strong></span> <span class='ocrx_word' id='word_1_511' title='bbox 1097 3653 1306 3707; x_wconf 88' lang='lat' dir='ltr'><strong>etiamsi</strong></span> <span class='ocrx_word' id='word_1_512' title='bbox 1348 3655 1457 3707; x_wconf 89' lang='lat' dir='ltr'><strong>sint</strong></span> <span class='ocrx_word' id='word_1_513' title='bbox 1499 3653 1653 3706; x_wconf 90' lang='lat' dir='ltr'><strong>nobis</strong></span> <span class='ocrx_word' id='word_1_514' title='bbox 1702 3651 1881 3720; x_wconf 77' lang='lat' dir='ltr'><strong>ignota</strong></span> <span class='ocrx_word' id='word_1_515' title='bbox 1924 3649 2087 3704; x_wconf 90' lang='lat' dir='ltr'><strong>multa</strong></span> <span class='ocrx_word' id='word_1_516' title='bbox 2132 3664 2196 3704; x_wconf 85' lang='lat' dir='ltr'><strong>ex</strong></span> <span class='ocrx_word' id='word_1_517' title='bbox 2246 3650 2388 3706; x_wconf 85' lang='lat' dir='ltr'><strong>illius</strong></span> 
     </span>
    </p>
   </div>
   <div class='ocr_carea' id='block_1_69' title="bbox 813 3743 2388 3815">
    <p class='ocr_par' dir='ltr' id='par_1_69' title="bbox 813 3743 2388 3815">
     <span class='ocr_line' id='line_1_69' title="bbox 813 3743 2388 3815; baseline 0.003 -20"><span class='ocrx_word' id='word_1_518' title='bbox 813 3744 1050 3810; x_wconf 80' lang='lat' dir='ltr'><strong>jndiriis.</strong></span> <span class='ocrx_word' id='word_1_519' title='bbox 1077 3743 1365 3815; x_wconf 86' lang='lat' dir='ltr'><strong>Postquam</strong></span> <span class='ocrx_word' id='word_1_520' title='bbox 1398 3759 1526 3815; x_wconf 80' lang='lat' dir='ltr'><strong>ergo</strong></span> <span class='ocrx_word' id='word_1_521' title='bbox 1552 3759 1672 3799; x_wconf 92' lang='lat' dir='ltr'><strong>eum</strong></span> <span class='ocrx_word' id='word_1_522' title='bbox 1699 3744 1903 3798; x_wconf 88' lang='lat' dir='ltr'><strong>dimisit</strong></span> <span class='ocrx_word' id='word_1_523' title='bbox 1937 3759 2182 3806; x_wconf 89' lang='lat' dir='ltr'><strong>somnus,</strong></span> <span class='ocrx_word' id='word_1_524' title='bbox 2220 3743 2388 3799; x_wconf 91' lang='lat' dir='ltr'><strong>sensit</strong></span> 
     </span>
    </p>
   </div>
   <div class='ocr_carea' id='block_1_70' title="bbox 823 3835 2384 3907">
    <p class='ocr_par' dir='ltr' id='par_1_70' title="bbox 823 3835 2384 3907">
     <span class='ocr_line' id='line_1_70' title="bbox 823 3835 2384 3907; baseline 0.003 -22"><span class='ocrx_word' id='word_1_525' title='bbox 823 3850 914 3907; x_wconf 69' lang='lat' dir='ltr'><strong>cor</strong></span> <span class='ocrx_word' id='word_1_526' title='bbox 962 3851 1117 3889; x_wconf 87' lang='lat' dir='ltr'><strong>suum</strong></span> <span class='ocrx_word' id='word_1_527' title='bbox 1156 3838 1291 3890; x_wconf 84' lang='lat' dir='ltr'><strong>satis</strong></span> <span class='ocrx_word' id='word_1_528' title='bbox 1334 3852 1581 3905; x_wconf 79' lang='lat' dir='ltr'><strong>magnam</strong></span> <span class='ocrx_word' id='word_1_529' title='bbox 1625 3836 1897 3905; x_wconf 83' lang='lat' dir='ltr'><strong>accepisse</strong></span> <span class='ocrx_word' id='word_1_530' title='bbox 1941 3835 2384 3891; x_wconf 79' lang='lat' dir='ltr'><strong>consolationem.</strong></span> 
     </span>
    </p>
   </div>
   <div class='ocr_carea' id='block_1_71' title="bbox 822 3904 2384 3997">
    <p class='ocr_par' dir='ltr' id='par_1_71' title="bbox 822 3904 2384 3997">
     <span class='ocr_line' id='line_1_71' title="bbox 822 3904 2384 3997; baseline 0.003 -19"><span class='ocrx_word' id='word_1_531' title='bbox 822 3904 1129 3995; x_wconf 59' lang='lat' dir='ltr'><strong>é’atimque</strong></span> <span class='ocrx_word' id='word_1_532' title='bbox 1170 3904 1471 3995; x_wconf 73' lang='lat' dir='ltr'><strong>profectus,</strong></span> <span class='ocrx_word' id='word_1_533' title='bbox 1517 3904 1841 3997; x_wconf 77' lang='lat' dir='ltr'><strong>prociditad</strong></span> <span class='ocrx_word' id='word_1_534' title='bbox 1885 3926 2029 3979; x_wconf 82' lang='lat' dir='ltr'><strong>beati</strong></span> <span class='ocrx_word' id='word_1_535' title='bbox 2069 3928 2169 3980; x_wconf 86' lang='lat' dir='ltr'><strong>viri</strong></span> <span class='ocrx_word' id='word_1_536' title='bbox 2204 3929 2384 3996; x_wconf 80' lang='lat' dir='ltr'><strong>pedes,</strong></span> 
     </span>
    </p>
   </div>
   <div class='ocr_carea' id='block_1_72' title="bbox 822 4018 2387 4088">
    <p class='ocr_par' dir='ltr' id='par_1_72' title="bbox 822 4018 2387 4088">
     <span class='ocr_line' id='line_1_72' title="bbox 822 4018 2387 4088; baseline 0.003 -19"><span class='ocrx_word' id='word_1_537' title='bbox 822 4030 1046 4086; x_wconf 59' lang='lat' dir='ltr'><strong>mignas</strong></span> <span class='ocrx_word' id='word_1_538' title='bbox 1093 4018 1141 4072; x_wconf 86' lang='lat' dir='ltr'><strong>ei</strong></span> <span class='ocrx_word' id='word_1_539' title='bbox 1184 4032 1349 4084; x_wconf 70' lang='lat' dir='ltr'><strong>agens</strong></span> <span class='ocrx_word' id='word_1_540' title='bbox 1398 4018 1636 4088; x_wconf 71' lang='lat' dir='ltr'><strong>gratias,</strong></span> <span class='ocrx_word' id='word_1_541' title='bbox 1680 4028 1733 4073; x_wconf 87' lang='lat' dir='ltr'><strong>et</strong></span> <span class='ocrx_word' id='word_1_542' title='bbox 1769 4032 1931 4087; x_wconf 78' lang='lat' dir='ltr'><strong>quam</strong></span> <span class='ocrx_word' id='word_1_543' title='bbox 1972 4019 2181 4073; x_wconf 79' lang='lat' dir='ltr'><strong>\iderat</strong></span> <span class='ocrx_word' id='word_1_544' title='bbox 2226 4032 2387 4074; x_wconf 88' lang='lat' dir='ltr'><strong>noctu</strong></span> 
     </span>
    </p>
   </div>
   <div class='ocr_carea' id='block_1_73' title="bbox 823 4106 2385 4177">
    <p class='ocr_par' dir='ltr' id='par_1_73' title="bbox 823 4106 2385 4177">
     <span class='ocr_line' id='line_1_73' title="bbox 823 4106 2385 4177; baseline 0.001 -18"><span class='ocrx_word' id='word_1_545' title='bbox 823 4121 1051 4161; x_wconf 69' lang='lat' dir='ltr'><strong>narrans</strong></span> <span class='ocrx_word' id='word_1_546' title='bbox 1094 4106 1377 4164; x_wconf 80' lang='lat' dir='ltr'><strong>visionem.</strong></span> <span class='ocrx_word' id='word_1_547' title='bbox 1427 4108 1517 4163; x_wconf 92' lang='lat' dir='ltr'><strong>Ille</strong></span> <span class='ocrx_word' id='word_1_548' title='bbox 1559 4117 1739 4162; x_wconf 85' lang='lat' dir='ltr'><strong>autem</strong></span> <span class='ocrx_word' id='word_1_549' title='bbox 1775 4108 1974 4173; x_wconf 77' lang='lat' dir='ltr'><strong>Suasit,</strong></span> <span class='ocrx_word' id='word_1_550' title='bbox 2023 4118 2082 4162; x_wconf 92' lang='lat' dir='ltr'><strong>ut</strong></span> <span class='ocrx_word' id='word_1_551' title='bbox 2124 4124 2229 4163; x_wconf 92' lang='lat' dir='ltr'><strong>non</strong></span> <span class='ocrx_word' id='word_1_552' title='bbox 2266 4110 2385 4177; x_wconf 72' lang='lat' dir='ltr'><strong>ipsi,</strong></span> 
     </span>
    </p>
   </div>
   <div class='ocr_carea' id='block_1_74' title="bbox 822 4184 2385 4270">
    <p class='ocr_par' dir='ltr' id='par_1_74' title="bbox 822 4184 2385 4270">
     <span class='ocr_line' id='line_1_74' title="bbox 822 4184 2385 4270; baseline 0.003 -19"><span class='ocrx_word' id='word_1_553' title='bbox 822 4200 915 4251; x_wconf 78' lang='lat' dir='ltr'><strong>sed</strong></span> <span class='ocrx_word' id='word_1_554' title='bbox 951 4198 1083 4261; x_wconf 83' lang='lat' dir='ltr'><strong>Deo.</strong></span> <span class='ocrx_word' id='word_1_555' title='bbox 1114 4200 1202 4267; x_wconf 89' lang='lat' dir='ltr'><strong>qui</strong></span> <span class='ocrx_word' id='word_1_556' title='bbox 1233 4184 1413 4255; x_wconf 68' lang='lat' dir='ltr'><strong>omnia</strong></span> <span class='ocrx_word' id='word_1_557' title='bbox 1446 4200 1721 4270; x_wconf 84' lang='lat' dir='ltr'><strong>dispensat</strong></span> <span class='ocrx_word' id='word_1_558' title='bbox 1751 4200 1816 4253; x_wconf 87' lang='lat' dir='ltr'><strong>ad</strong></span> <span class='ocrx_word' id='word_1_559' title='bbox 1849 4199 2158 4265; x_wconf 87' lang='lat' dir='ltr'><strong>utilitatem,</strong></span> <span class='ocrx_word' id='word_1_560' title='bbox 2192 4214 2385 4268; x_wconf 87' lang='lat' dir='ltr'><strong>accep-</strong></span> 
     </span>
    </p>
   </div>
   <div class='ocr_carea' id='block_1_75' title="bbox 822 4289 1375 4358">
    <p class='ocr_par' dir='ltr' id='par_1_75' title="bbox 822 4289 1375 4358">
     <span class='ocr_line' id='line_1_75' title="bbox 822 4289 1375 4358; baseline 0.005 -19"><span class='ocrx_word' id='word_1_561' title='bbox 822 4298 928 4339; x_wconf 83' lang='lat' dir='ltr'><strong>tam</strong></span> <span class='ocrx_word' id='word_1_562' title='bbox 969 4289 1103 4341; x_wconf 88' lang='lat' dir='ltr'><strong>ferat</strong></span> <span class='ocrx_word' id='word_1_563' title='bbox 1127 4290 1375 4358; x_wconf 76' lang='lat' dir='ltr'><strong>gratiam.</strong></span> 
     </span>
    </p>
   </div>
   <div class='ocr_carea' id='block_1_76' title="bbox 892 4376 2385 4450">
    <p class='ocr_par' dir='ltr' id='par_1_76' title="bbox 892 4376 2385 4450">
     <span class='ocr_line' id='line_1_76' title="bbox 892 4376 2385 4450; baseline 0.002 -18"><span class='ocrx_word' id='word_1_564' title='bbox 892 4377 999 4432; x_wconf 85' lang='lat' dir='ltr'><strong>LII.</strong></span> <span class='ocrx_word' id='word_1_565' title='bbox 1033 4383 1135 4433; x_wconf 81' lang='lat' dir='ltr'><strong>Sed</strong></span> <span class='ocrx_word' id='word_1_566' title='bbox 1168 4382 1615 4450; x_wconf 87' lang='lat' dir='ltr'><strong>quemadmodum</strong></span> <span class='ocrx_word' id='word_1_567' title='bbox 1639 4376 1864 4436; x_wconf 83' lang='lat' dir='ltr'><strong>noneos</strong></span> <span class='ocrx_word' id='word_1_568' title='bbox 1892 4382 2085 4444; x_wconf 89' lang='lat' dir='ltr'><strong>solum,</strong></span> <span class='ocrx_word' id='word_1_569' title='bbox 2118 4382 2208 4450; x_wconf 92' lang='lat' dir='ltr'><strong>qui</strong></span> <span class='ocrx_word' id='word_1_570' title='bbox 2232 4383 2385 4437; x_wconf 87' lang='lat' dir='ltr'><strong>Chri-</strong></span> 
     </span>
    </p>
   </div>
   <div class='ocr_carea' id='block_1_77' title="bbox 821 4473 2387 4542">
    <p class='ocr_par' dir='ltr' id='par_1_77' title="bbox 821 4473 2387 4542">
     <span class='ocr_line' id='line_1_77' title="bbox 821 4473 2387 4542; baseline 0.003 -18"><span class='ocrx_word' id='word_1_571' title='bbox 821 4482 904 4524; x_wconf 85' lang='lat' dir='ltr'><strong>sto</strong></span> <span class='ocrx_word' id='word_1_572' title='bbox 934 4473 1251 4535; x_wconf 80' lang='lat' dir='ltr'><strong>oiferebant,</strong></span> <span class='ocrx_word' id='word_1_573' title='bbox 1276 4483 1349 4535; x_wconf 90' lang='lat' dir='ltr'><strong>et,</strong></span> <span class='ocrx_word' id='word_1_574' title='bbox 1384 4484 1442 4528; x_wconf 94' lang='lat' dir='ltr'><strong>ut</strong></span> <span class='ocrx_word' id='word_1_575' title='bbox 1474 4475 1601 4529; x_wconf 90' lang='lat' dir='ltr'><strong>dicit</strong></span> <span class='ocrx_word' id='word_1_576' title='bbox 1630 4476 1843 4528; x_wconf 86' lang='lat' dir='ltr'><strong>divinus</strong></span> <span class='ocrx_word' id='word_1_577' title='bbox 1869 4476 2175 4542; x_wconf 85' lang='lat' dir='ltr'><strong>Apostolus,</strong></span> <span class='ocrx_word' id='word_1_578' title='bbox 2208 4476 2258 4529; x_wconf 93' lang='lat' dir='ltr'><strong>iu</strong></span> <span class='ocrx_word' id='word_1_579' title='bbox 2295 4476 2387 4531; x_wconf 82' lang='lat' dir='ltr'><strong>be-</strong></span> 
     </span>
    </p>
   </div>
   <div class='ocr_carea' id='block_1_78' title="bbox 2488 3369 4079 3440">
    <p class='ocr_par' dir='ltr' id='par_1_78' title="bbox 2488 3369 4079 3440">
     <span class='ocr_line' id='line_1_78' title="bbox 2488 3369 4079 3440; baseline -0.003 -15"><span class='ocrx_word' id='word_1_580' title='bbox 2488 3372 2700 3425; x_wconf 79' lang='grc' dir='ltr'>Οὔκουν</span> <span class='ocrx_word' id='word_1_581' title='bbox 2727 3372 2957 3440; x_wconf 81' lang='grc' dir='ltr'>ἀθυμεῖν</span> <span class='ocrx_word' id='word_1_582' title='bbox 3014 3371 3154 3431; x_wconf 81' lang='grc' dir='ltr'>δέον,</span> <span class='ocrx_word' id='word_1_583' title='bbox 3200 3370 3335 3424; x_wconf 70' lang='grc' dir='ltr'>ἀλλὰ</span> <span class='ocrx_word' id='word_1_584' title='bbox 3376 3370 3444 3422; x_wconf 82' lang='grc' dir='ltr'><strong>δι’</strong></span> <span class='ocrx_word' id='word_1_585' title='bbox 3500 3371 3629 3424; x_wconf 76' lang='grc' dir='ltr'>αὐτο</span> <span class='ocrx_word' id='word_1_586' title='bbox 3665 3369 3822 3422; x_wconf 74' lang='grc' dir='ltr'>τοῦτο</span> <span class='ocrx_word' id='word_1_587' title='bbox 3867 3373 4079 3438; x_wconf 68' lang='grc' dir='ltr'>μᾶλλον</span> 
     </span>
    </p>
   </div>
   <div class='ocr_carea' id='block_1_79' title="bbox 2489 3460 4075 3532">
    <p class='ocr_par' dir='ltr' id='par_1_79' title="bbox 2489 3460 4075 3532">
     <span class='ocr_line' id='line_1_79' title="bbox 2489 3460 4075 3532; baseline -0.001 -18"><span class='ocrx_word' id='word_1_588' title='bbox 2489 3462 2826 3532; x_wconf 73' lang='grc' dir='ltr'>εὐχαρίστως</span> <span class='ocrx_word' id='word_1_589' title='bbox 2865 3461 2930 3513; x_wconf 83' lang='grc' dir='ltr'>τὰ</span> <span class='ocrx_word' id='word_1_590' title='bbox 2986 3460 3399 3531; x_wconf 76' lang='grc' dir='ltr'>προσπίπτοιτα</span> <span class='ocrx_word' id='word_1_591' title='bbox 3457 3462 3852 3530; x_wconf 74' lang='grc' dir='ltr'>ὑπομενητέον.</span> <span class='ocrx_word' id='word_1_592' title='bbox 3905 3462 4075 3516; x_wconf 59' lang='grc' dir='ltr'>Οᾷὸὲν</span> 
     </span>
    </p>
   </div>
   <div class='ocr_carea' id='block_1_80' title="bbox 2488 3556 4077 3626">
    <p class='ocr_par' dir='ltr' id='par_1_80' title="bbox 2488 3556 4077 3626">
     <span class='ocr_line' id='line_1_80' title="bbox 2488 3556 4077 3626; baseline -0.001 -18"><span class='ocrx_word' id='word_1_593' title='bbox 2488 3556 2597 3625; x_wconf 87' lang='grc' dir='ltr'><strong>γὰρ</strong></span> <span class='ocrx_word' id='word_1_594' title='bbox 2623 3556 2730 3609; x_wconf 84' lang='grc' dir='ltr'><strong>τῶν</strong></span> <span class='ocrx_word' id='word_1_595' title='bbox 2768 3557 3066 3626; x_wconf 80' lang='grc' dir='ltr'><strong>γινομένων</strong></span> <span class='ocrx_word' id='word_1_596' title='bbox 3116 3556 3267 3625; x_wconf 75' lang='grc' dir='ltr'>παρὰ</span> <span class='ocrx_word' id='word_1_597' title='bbox 3295 3557 3429 3607; x_wconf 70' lang='grc' dir='ltr'>Θεοῦ</span> <span class='ocrx_word' id='word_1_598' title='bbox 3482 3556 3726 3625; x_wconf 83' lang='grc' dir='ltr'>ἄκριτον,</span> <span class='ocrx_word' id='word_1_599' title='bbox 3790 3558 3901 3608; x_wconf 72' lang='grc' dir='ltr'>κᾶν</span> <span class='ocrx_word' id='word_1_600' title='bbox 3943 3561 4077 3625; x_wconf 69' lang='grc' dir='ltr'>ἡμῖν</span> 
     </span>
    </p>
   </div>
   <div class='ocr_carea' id='block_1_81' title="bbox 2491 3647 4080 3720">
    <p class='ocr_par' dir='ltr' id='par_1_81' title="bbox 2491 3647 4080 3720">
     <span class='ocr_line' id='line_1_81' title="bbox 2491 3647 4080 3720; baseline -0.001 -17"><span class='ocrx_word' id='word_1_601' title='bbox 2491 3649 2743 3717; x_wconf 78' lang='grc' dir='ltr'>ἄγνωστα</span> <span class='ocrx_word' id='word_1_602' title='bbox 2791 3647 2860 3701; x_wconf 80' lang='grc' dir='ltr'>τὰ</span> <span class='ocrx_word' id='word_1_603' title='bbox 2914 3648 3083 3701; x_wconf 85' lang='grc' dir='ltr'>πολλά</span> <span class='ocrx_word' id='word_1_604' title='bbox 3135 3648 3245 3701; x_wconf 86' lang='grc' dir='ltr'><strong>τῶν</strong></span> <span class='ocrx_word' id='word_1_605' title='bbox 3289 3650 3503 3703; x_wconf 79' lang='grc' dir='ltr'>ἐκείνου</span> <span class='ocrx_word' id='word_1_606' title='bbox 3560 3652 3871 3720; x_wconf 69' lang='grc' dir='ltr'>χριμάτων.</span> <span class='ocrx_word' id='word_1_607' title='bbox 3923 3654 4080 3704; x_wconf 69' lang='grc' dir='ltr'>Ἐπεὶ</span> 
     </span>
    </p>
   </div>
   <div class='ocr_carea' id='block_1_82' title="bbox 2487 3740 4077 3813">
    <p class='ocr_par' dir='ltr' id='par_1_82' title="bbox 2487 3740 4077 3813">
     <span class='ocr_line' id='line_1_82' title="bbox 2487 3740 4077 3813; baseline 0.001 -19"><span class='ocrx_word' id='word_1_608' title='bbox 2487 3740 2581 3794; x_wconf 75' lang='grc' dir='ltr'><strong>οὖν</strong></span> <span class='ocrx_word' id='word_1_609' title='bbox 2612 3741 2704 3793; x_wconf 71' lang='grc' dir='ltr'><strong>καὶ</strong></span> <span class='ocrx_word' id='word_1_610' title='bbox 2729 3742 2757 3793; x_wconf 83' lang='grc' dir='ltr'><strong>ὁ</strong></span> <span class='ocrx_word' id='word_1_611' title='bbox 2784 3741 2951 3803; x_wconf 77' lang='grc' dir='ltr'>ὕπνος</span> <span class='ocrx_word' id='word_1_612' title='bbox 2982 3742 3153 3809; x_wconf 79' lang='grc' dir='ltr'>ἀνῆκε</span> <span class='ocrx_word' id='word_1_613' title='bbox 3190 3742 3283 3793; x_wconf 78' lang='grc' dir='ltr'><strong>τὸν</strong></span> <span class='ocrx_word' id='word_1_614' title='bbox 3314 3742 3505 3812; x_wconf 79' lang='grc' dir='ltr'>ἄνδρα,</span> <span class='ocrx_word' id='word_1_615' title='bbox 3539 3744 3736 3811; x_wconf 69' lang='grc' dir='ltr'>ᾔσθετο</span> <span class='ocrx_word' id='word_1_616' title='bbox 3767 3744 3870 3813; x_wconf 78' lang='grc' dir='ltr'><strong>τῆς</strong></span> <span class='ocrx_word' id='word_1_617' title='bbox 3906 3746 4077 3798; x_wconf 65' lang='grc' dir='ltr'>αὑτοῦ</span> 
     </span>
    </p>
   </div>
   <div class='ocr_carea' id='block_1_83' title="bbox 2490 3833 4078 3905">
    <p class='ocr_par' dir='ltr' id='par_1_83' title="bbox 2490 3833 4078 3905">
     <span class='ocr_line' id='line_1_83' title="bbox 2490 3833 4078 3905; baseline 0.002 -18"><span class='ocrx_word' id='word_1_618' title='bbox 2490 3833 2718 3905; x_wconf 88' lang='grc' dir='ltr'>καρδίας</span> <span class='ocrx_word' id='word_1_619' title='bbox 2748 3834 2949 3896; x_wconf 85' lang='grc' dir='ltr'>ίκανῶς</span> <span class='ocrx_word' id='word_1_620' title='bbox 2977 3834 3497 3904; x_wconf 74' lang='grc' dir='ltr'>παρακεκλημένης,</span> <span class='ocrx_word' id='word_1_621' title='bbox 3533 3837 3629 3888; x_wconf 74' lang='grc' dir='ltr'>καὶ</span> <span class='ocrx_word' id='word_1_622' title='bbox 3651 3837 3947 3905; x_wconf 75' lang='grc' dir='ltr'>πορευθεὶς</span> <span class='ocrx_word' id='word_1_623' title='bbox 3982 3840 4078 3890; x_wconf 65' lang='grc' dir='ltr'><strong>αὖα</strong></span> 
     </span>
    </p>
   </div>
   <div class='ocr_carea' id='block_1_84' title="bbox 2490 3925 4079 3999">
    <p class='ocr_par' dir='ltr' id='par_1_84' title="bbox 2490 3925 4079 3999">
     <span class='ocr_line' id='line_1_84' title="bbox 2490 3925 4079 3999; baseline 0.005 -22"><span class='ocrx_word' id='word_1_624' title='bbox 2490 3926 2617 3978; x_wconf 85' lang='grc' dir='ltr'>τίκα</span> <span class='ocrx_word' id='word_1_625' title='bbox 2644 3928 2754 3987; x_wconf 89' lang='grc' dir='ltr'>τοῖς</span> <span class='ocrx_word' id='word_1_626' title='bbox 2786 3925 2913 3977; x_wconf 63' lang='grc' dir='ltr'><strong>ποσί⁵</strong></span> <span class='ocrx_word' id='word_1_627' title='bbox 2935 3927 3271 3995; x_wconf 82' lang='grc' dir='ltr'>προσπίπτει</span> <span class='ocrx_word' id='word_1_628' title='bbox 3304 3925 3398 3978; x_wconf 81' lang='grc' dir='ltr'>τοῦ</span> <span class='ocrx_word' id='word_1_629' title='bbox 3444 3928 3738 3999; x_wconf 81' lang='grc' dir='ltr'>μακαρίου,</span> <span class='ocrx_word' id='word_1_630' title='bbox 3770 3929 3982 3991; x_wconf 72' lang='grc' dir='ltr'>πολλάς</span> <span class='ocrx_word' id='word_1_631' title='bbox 4024 3945 4079 3985; x_wconf 72' lang='grc' dir='ltr'>τι</span> 
     </span>
    </p>
   </div>
   <div class='ocr_carea' id='block_1_85' title="bbox 2490 4017 4079 4093">
    <p class='ocr_par' dir='ltr' id='par_1_85' title="bbox 2490 4017 4079 4093">
     <span class='ocr_line' id='line_1_85' title="bbox 2490 4017 4079 4093; baseline 0.001 -21"><span class='ocrx_word' id='word_1_632' title='bbox 2490 4017 2639 4088; x_wconf 81' lang='grc' dir='ltr'><strong>αὑτῷ</strong></span> <span class='ocrx_word' id='word_1_633' title='bbox 2686 4017 3074 4089; x_wconf 81' lang='grc' dir='ltr'>καθομολογῶν</span> <span class='ocrx_word' id='word_1_634' title='bbox 3118 4020 3218 4081; x_wconf 76' lang='grc' dir='ltr'>τὰς</span> <span class='ocrx_word' id='word_1_635' title='bbox 3268 4020 3520 4089; x_wconf 75' lang='grc' dir='ltr'>χάριτας,</span> <span class='ocrx_word' id='word_1_636' title='bbox 3569 4023 3663 4073; x_wconf 74' lang='grc' dir='ltr'>καὶ</span> <span class='ocrx_word' id='word_1_637' title='bbox 3714 4023 3815 4090; x_wconf 75' lang='grc' dir='ltr'><strong>τὴν</strong></span> <span class='ocrx_word' id='word_1_638' title='bbox 3848 4023 3981 4091; x_wconf 58' lang='grc' dir='ltr'>ὄψιν</span> <span class='ocrx_word' id='word_1_639' title='bbox 4014 4025 4079 4093; x_wconf 72' lang='grc' dir='ltr'>ἦν</span> 
     </span>
    </p>
   </div>
   <div class='ocr_carea' id='block_1_86' title="bbox 2491 4108 4076 4181">
    <p class='ocr_par' dir='ltr' id='par_1_86' title="bbox 2491 4108 4076 4181">
     <span class='ocr_line' id='line_1_86' title="bbox 2491 4108 4076 4181; baseline 0.001 -20"><span class='ocrx_word' id='word_1_640' title='bbox 2491 4109 2703 4181; x_wconf 82' lang='grc' dir='ltr'>ἑώρακε</span> <span class='ocrx_word' id='word_1_641' title='bbox 2760 4108 2858 4177; x_wconf 86' lang='grc' dir='ltr'>τῆς</span> <span class='ocrx_word' id='word_1_642' title='bbox 2898 4108 3091 4171; x_wconf 81' lang='grc' dir='ltr'>νυκτὸς</span> <span class='ocrx_word' id='word_1_643' title='bbox 3141 4109 3521 4179; x_wconf 81' lang='grc' dir='ltr'>διηγούμενος.</span> <span class='ocrx_word' id='word_1_644' title='bbox 3592 4110 3649 4164; x_wconf 87' lang='grc' dir='ltr'>Ὀ</span> <span class='ocrx_word' id='word_1_645' title='bbox 3697 4109 3754 4163; x_wconf 82' lang='grc' dir='ltr'><strong>δὲ</strong></span> <span class='ocrx_word' id='word_1_646' title='bbox 3786 4112 3891 4163; x_wconf 73' lang='grc' dir='ltr'><strong>οὐκ</strong></span> <span class='ocrx_word' id='word_1_647' title='bbox 3923 4112 4076 4181; x_wconf 77' lang='grc' dir='ltr'>αὐτῷ</span> 
     </span>
    </p>
   </div>
   <div class='ocr_carea' id='block_1_87' title="bbox 2496 4199 4077 4272">
    <p class='ocr_par' dir='ltr' id='par_1_87' title="bbox 2496 4199 4077 4272">
     <span class='ocr_line' id='line_1_87' title="bbox 2496 4199 4077 4272; baseline 0.004 -22"><span class='ocrx_word' id='word_1_648' title='bbox 2496 4201 2713 4269; x_wconf 85' lang='grc' dir='ltr'>μᾶλλον,</span> <span class='ocrx_word' id='word_1_649' title='bbox 2754 4199 2887 4252; x_wconf 77' lang='grc' dir='ltr'>ἀλλὰ</span> <span class='ocrx_word' id='word_1_650' title='bbox 2908 4199 2984 4268; x_wconf 85' lang='grc' dir='ltr'>τῷ</span> <span class='ocrx_word' id='word_1_651' title='bbox 3021 4200 3138 4271; x_wconf 81' lang='grc' dir='ltr'><strong>Θεῷ</strong></span> <span class='ocrx_word' id='word_1_652' title='bbox 3174 4204 3347 4254; x_wconf 80' lang='grc' dir='ltr'>πάντα</span> <span class='ocrx_word' id='word_1_653' title='bbox 3374 4201 3448 4262; x_wconf 80' lang='grc' dir='ltr'>ὡς</span> <span class='ocrx_word' id='word_1_654' title='bbox 3481 4201 3573 4254; x_wconf 71' lang='grc' dir='ltr'>ἐπὶ</span> <span class='ocrx_word' id='word_1_655' title='bbox 3606 4204 3783 4272; x_wconf 63' lang='grc' dir='ltr'>συμφέ</span> <span class='ocrx_word' id='word_1_656' title='bbox 3796 4221 3889 4272; x_wconf 87' lang='grc' dir='ltr'><strong>ρον</strong></span> <span class='ocrx_word' id='word_1_657' title='bbox 3924 4208 4077 4257; x_wconf 66' lang='grc' dir='ltr'>οἰκος</span> 
     </span>
    </p>
   </div>
   <div class='ocr_carea' id='block_1_88' title="bbox 2492 4292 3659 4364">
    <p class='ocr_par' dir='ltr' id='par_1_88' title="bbox 2492 4292 3659 4364">
     <span class='ocr_line' id='line_1_88' title="bbox 2492 4292 3659 4364; baseline 0 -19"><span class='ocrx_word' id='word_1_658' title='bbox 2492 4293 2740 4362; x_wconf 88' lang='grc' dir='ltr'>νομοῦντι</span> <span class='ocrx_word' id='word_1_659' title='bbox 2774 4292 3085 4361; x_wconf 78' lang='grc' dir='ltr'>λογίζεσθαι</span> <span class='ocrx_word' id='word_1_660' title='bbox 3108 4294 3341 4363; x_wconf 77' lang='grc' dir='ltr'>παρῄνει</span> <span class='ocrx_word' id='word_1_661' title='bbox 3374 4296 3471 4363; x_wconf 84' lang='grc' dir='ltr'>τὴν</span> <span class='ocrx_word' id='word_1_662' title='bbox 3502 4295 3659 4364; x_wconf 80' lang='grc' dir='ltr'>χάριν</span> 
     </span>
    </p>
   </div>
   <div class='ocr_carea' id='block_1_89' title="bbox 2562 4384 4077 4460">
    <p class='ocr_par' dir='ltr' id='par_1_89' title="bbox 2562 4384 4077 4460">
     <span class='ocr_line' id='line_1_89' title="bbox 2562 4384 4077 4460; baseline 0.002 -22"><span class='ocrx_word' id='word_1_663' title='bbox 2562 4384 2687 4440; x_wconf 73' lang='lat' dir='ltr'><strong>NB&#39;.</strong></span> <span class='ocrx_word' id='word_1_664' title='bbox 2730 4385 2871 4437; x_wconf 78' lang='grc' dir='ltr'>Ἀλλ’</span> <span class='ocrx_word' id='word_1_665' title='bbox 2901 4387 3049 4447; x_wconf 84' lang='grc' dir='ltr'>ὅπως</span> <span class='ocrx_word' id='word_1_666' title='bbox 3068 4386 3128 4437; x_wconf 76' lang='grc' dir='ltr'><strong>οὐ</strong></span> <span class='ocrx_word' id='word_1_667' title='bbox 3158 4390 3281 4447; x_wconf 76' lang='grc' dir='ltr'>τοὺς</span> <span class='ocrx_word' id='word_1_668' title='bbox 3313 4386 3801 4457; x_wconf 65' lang='grc' dir='ltr'>καρποφοροῦντας</span> <span class='ocrx_word' id='word_1_669' title='bbox 3841 4389 4077 4460; x_wconf 78' lang='grc' dir='ltr'>Χριστῷ</span> 
     </span>
    </p>
   </div>
   <div class='ocr_carea' id='block_1_90' title="bbox 2495 4476 4079 4547">
    <p class='ocr_par' dir='ltr' id='par_1_90' title="bbox 2495 4476 4079 4547">
     <span class='ocr_line' id='line_1_90' title="bbox 2495 4476 4079 4547; baseline 0.003 -19"><span class='ocrx_word' id='word_1_670' title='bbox 2495 4478 2675 4546; x_wconf 76' lang='grc' dir='ltr'>μόνον,</span> <span class='ocrx_word' id='word_1_671' title='bbox 2706 4478 2822 4541; x_wconf 76' lang='grc' dir='ltr'>καὶ,</span> <span class='ocrx_word' id='word_1_672' title='bbox 2850 4476 2923 4539; x_wconf 82' lang='grc' dir='ltr'>ὥς</span> <span class='ocrx_word' id='word_1_673' title='bbox 2957 4494 3123 4547; x_wconf 69' lang='grc' dir='ltr'>φησιν</span> <span class='ocrx_word' id='word_1_674' title='bbox 3173 4480 3200 4530; x_wconf 86' lang='grc' dir='ltr'>ὁ</span> <span class='ocrx_word' id='word_1_675' title='bbox 3246 4478 3383 4542; x_wconf 87' lang='grc' dir='ltr'>θεῖος</span> <span class='ocrx_word' id='word_1_676' title='bbox 3421 4478 3766 4543; x_wconf 74' lang='grc' dir='ltr'>’Δπόστο).ος,</span> <span class='ocrx_word' id='word_1_677' title='bbox 3800 4482 3891 4532; x_wconf 78' lang='grc' dir='ltr'><strong>ἐπ’</strong></span> <span class='ocrx_word' id='word_1_678' title='bbox 3920 4483 4079 4533; x_wconf 61' lang='grc' dir='ltr'>εὐλο-</span> 
     </span>
    </p>
   </div>
   <div class='ocr_carea' id='block_1_91' title="bbox 820 4564 2384 4644">
    <p class='ocr_par' dir='ltr' id='par_1_91' title="bbox 820 4564 2384 4635">
     <span class='ocr_line' id='line_1_91' title="bbox 820 4564 2384 4635; baseline 0.003 -19"><span class='ocrx_word' id='word_1_679' title='bbox 820 4564 1126 4619; x_wconf 75' lang='lat' dir='ltr'><strong>nr:dictione</strong></span> <span class='ocrx_word' id='word_1_680' title='bbox 1180 4564 1552 4629; x_wconf 87' lang='lat' dir='ltr'><strong>seminabant,</strong></span> <span class='ocrx_word' id='word_1_681' title='bbox 1622 4566 1711 4620; x_wconf 89' lang='lat' dir='ltr'><strong>ille</strong></span> <span class='ocrx_word' id='word_1_682' title='bbox 1764 4566 2142 4620; x_wconf 88' lang='lat' dir='ltr'><strong>benedictione</strong></span> <span class='ocrx_word' id='word_1_683' title='bbox 2196 4566 2384 4635; x_wconf 80' lang='lat' dir='ltr'><strong>dignos</strong></span> 
     </span>
    </p>
   </div>
   <div class='ocr_carea' id='block_1_92' title="bbox 2488 4564 4077 4644">
    <p class='ocr_par' dir='ltr' id='par_1_92' title="bbox 2493 4568 4077 4644">
     <span class='ocr_line' id='line_1_92' title="bbox 2493 4568 4077 4644; baseline 0.011 -25"><span class='ocrx_word' id='word_1_684' title='bbox 2493 4571 2615 4636; x_wconf 85' lang='grc' dir='ltr'>γίας</span> <span class='ocrx_word' id='word_1_685' title='bbox 2667 4570 3025 4639; x_wconf 89' lang='grc' dir='ltr'>σπείροντας,</span> <span class='ocrx_word' id='word_1_686' title='bbox 3088 4568 3338 4637; x_wconf 68' lang='grc' dir='ltr'>εὐλογίας</span> <span class='ocrx_word' id='word_1_687' title='bbox 3411 4572 3617 4633; x_wconf 78' lang='grc' dir='ltr'>ἐκεῖνος</span> <span class='ocrx_word' id='word_1_688' title='bbox 3668 4574 3761 4624; x_wconf 74' lang='grc' dir='ltr'>καὶ</span> <span class='ocrx_word' id='word_1_689' title='bbox 3796 4575 4077 4644; x_wconf 54' lang='lat' dir='ltr'><strong>imbui;</strong></span> 
     </span>
    </p>
   </div>
   <div class='ocr_carea' id='block_1_93' title="bbox 821 4657 2384 4727">
    <p class='ocr_par' dir='ltr' id='par_1_93' title="bbox 821 4657 2384 4727">
     <span class='ocr_line' id='line_1_93' title="bbox 821 4657 2384 4727; baseline 0.004 -22"><span class='ocrx_word' id='word_1_690' title='bbox 821 4657 976 4709; x_wconf 75' lang='lat' dir='ltr'><strong>duxit</strong></span> <span class='ocrx_word' id='word_1_691' title='bbox 1014 4667 1066 4709; x_wconf 90' lang='lat' dir='ltr'><strong>et</strong></span> <span class='ocrx_word' id='word_1_692' title='bbox 1108 4657 1491 4725; x_wconf 86' lang='lat' dir='ltr'><strong>accipiendos;</strong></span> <span class='ocrx_word' id='word_1_693' title='bbox 1528 4657 1621 4712; x_wconf 87' lang='lat' dir='ltr'><strong>sed</strong></span> <span class='ocrx_word' id='word_1_694' title='bbox 1654 4672 1747 4713; x_wconf 86' lang='lat' dir='ltr'><strong>eos</strong></span> <span class='ocrx_word' id='word_1_695' title='bbox 1778 4658 1974 4723; x_wconf 91' lang='lat' dir='ltr'><strong>etiam,</strong></span> <span class='ocrx_word' id='word_1_696' title='bbox 2008 4658 2099 4726; x_wconf 91' lang='lat' dir='ltr'><strong>qui</strong></span> <span class='ocrx_word' id='word_1_697' title='bbox 2129 4660 2180 4711; x_wconf 89' lang='lat' dir='ltr'><strong>in</strong></span> <span class='ocrx_word' id='word_1_698' title='bbox 2210 4659 2384 4727; x_wconf 92' lang='lat' dir='ltr'><strong>ipsum</strong></span> 
     </span>
    </p>
   </div>
   <div class='ocr_carea' id='block_1_94' title="bbox 820 4748 2386 4819">
    <p class='ocr_par' dir='ltr' id='par_1_94' title="bbox 820 4748 2386 4819">
     <span class='ocr_line' id='line_1_94' title="bbox 820 4748 2386 4819; baseline 0.006 -24"><span class='ocrx_word' id='word_1_699' title='bbox 820 4757 975 4799; x_wconf 67' lang='lat' dir='ltr'><strong>erant</strong></span> <span class='ocrx_word' id='word_1_700' title='bbox 1009 4748 1154 4815; x_wconf 91' lang='lat' dir='ltr'><strong>parci</strong></span> <span class='ocrx_word' id='word_1_701' title='bbox 1185 4756 1239 4802; x_wconf 90' lang='lat' dir='ltr'><strong>et</strong></span> <span class='ocrx_word' id='word_1_702' title='bbox 1268 4748 1577 4813; x_wconf 86' lang='lat' dir='ltr'><strong>illiberales,</strong></span> <span class='ocrx_word' id='word_1_703' title='bbox 1610 4750 1858 4819; x_wconf 89' lang='lat' dir='ltr'><strong>prudenti</strong></span> <span class='ocrx_word' id='word_1_704' title='bbox 1885 4750 2096 4804; x_wconf 89' lang='lat' dir='ltr'><strong>ratione</strong></span> <span class='ocrx_word' id='word_1_705' title='bbox 2125 4752 2386 4805; x_wconf 86' lang='lat' dir='ltr'><strong>studuerit</strong></span> 
     </span>
    </p>
   </div>
   <div class='ocr_carea' id='block_1_95' title="bbox 820 4837 2387 4907">
    <p class='ocr_par' dir='ltr' id='par_1_95' title="bbox 820 4837 2387 4907">
     <span class='ocr_line' id='line_1_95' title="bbox 820 4837 2387 4907; baseline 0.003 -20"><span class='ocrx_word' id='word_1_706' title='bbox 820 4837 1073 4889; x_wconf 83' lang='lat' dir='ltr'><strong>inducere</strong></span> <span class='ocrx_word' id='word_1_707' title='bbox 1106 4840 1170 4890; x_wconf 89' lang='lat' dir='ltr'><strong>ad</strong></span> <span class='ocrx_word' id='word_1_708' title='bbox 1201 4837 1624 4907; x_wconf 89' lang='lat' dir='ltr'><strong>eleemosynam,</strong></span> <span class='ocrx_word' id='word_1_709' title='bbox 1654 4838 1933 4892; x_wconf 87' lang='lat' dir='ltr'><strong>declarant</strong></span> <span class='ocrx_word' id='word_1_710' title='bbox 1972 4838 2188 4907; x_wconf 88' lang='lat' dir='ltr'><strong>quidem</strong></span> <span class='ocrx_word' id='word_1_711' title='bbox 2224 4841 2387 4893; x_wconf 88' lang='lat' dir='ltr'><strong>etiam</strong></span> 
     </span>
    </p>
   </div>
   <div class='ocr_carea' id='block_1_96' title="bbox 824 4928 2389 5001">
    <p class='ocr_par' dir='ltr' id='par_1_96' title="bbox 824 4928 2389 5001">
     <span class='ocr_line' id='line_1_96' title="bbox 824 4928 2389 5001; baseline 0.003 -21"><span class='ocrx_word' id='word_1_712' title='bbox 824 4929 987 4980; x_wconf 83' lang='lat' dir='ltr'><strong>multa</strong></span> <span class='ocrx_word' id='word_1_713' title='bbox 1027 4932 1164 4987; x_wconf 84' lang='lat' dir='ltr'><strong>alia:</strong></span> <span class='ocrx_word' id='word_1_714' title='bbox 1213 4928 1508 4984; x_wconf 87' lang='lat' dir='ltr'><strong>declarabit</strong></span> <span class='ocrx_word' id='word_1_715' title='bbox 1546 4940 1724 4985; x_wconf 88' lang='lat' dir='ltr'><strong>autem</strong></span> <span class='ocrx_word' id='word_1_716' title='bbox 1768 4930 1967 4995; x_wconf 88' lang='lat' dir='ltr'><strong>etiam,</strong></span> <span class='ocrx_word' id='word_1_717' title='bbox 2014 4933 2155 5001; x_wconf 92' lang='lat' dir='ltr'><strong>quod</strong></span> <span class='ocrx_word' id='word_1_718' title='bbox 2187 4930 2389 4987; x_wconf 80' lang='lat' dir='ltr'><strong>factum</strong></span> 
     </span>
    </p>
   </div>
   <div class='ocr_carea' id='block_1_97' title="bbox 822 5021 2390 5092">
    <p class='ocr_par' dir='ltr' id='par_1_97' title="bbox 822 5021 2390 5092">
     <span class='ocr_line' id='line_1_97' title="bbox 822 5021 2390 5092; baseline 0.006 -23"><span class='ocrx_word' id='word_1_719' title='bbox 822 5030 898 5072; x_wconf 79' lang='lat' dir='ltr'><strong>nsl</strong></span> <span class='ocrx_word' id='word_1_720' title='bbox 944 5021 995 5073; x_wconf 90' lang='lat' dir='ltr'><strong>in</strong></span> <span class='ocrx_word' id='word_1_721' title='bbox 1031 5021 1268 5076; x_wconf 81' lang='lat' dir='ltr'><strong>Troilum</strong></span> <span class='ocrx_word' id='word_1_722' title='bbox 1305 5022 1639 5092; x_wconf 85' lang='lat' dir='ltr'><strong>episc0pum.</strong></span> <span class='ocrx_word' id='word_1_723' title='bbox 1668 5022 1803 5077; x_wconf 86' lang='lat' dir='ltr'><strong>Eum</strong></span> <span class='ocrx_word' id='word_1_724' title='bbox 1841 5025 2009 5088; x_wconf 90' lang='lat' dir='ltr'><strong>enim,</strong></span> <span class='ocrx_word' id='word_1_725' title='bbox 2063 5038 2187 5078; x_wconf 88' lang='lat' dir='ltr'><strong>cum</strong></span> <span class='ocrx_word' id='word_1_726' title='bbox 2242 5033 2390 5079; x_wconf 88' lang='lat' dir='ltr'><strong>esset</strong></span> 
     </span>
    </p>
   </div>
   <div class='ocr_carea' id='block_1_98' title="bbox 820 5111 2386 5181">
    <p class='ocr_par' dir='ltr' id='par_1_98' title="bbox 820 5111 2386 5181">
     <span class='ocr_line' id='line_1_98' title="bbox 820 5111 2386 5181; baseline 0.004 -18"><span class='ocrx_word' id='word_1_727' title='bbox 820 5111 1165 5163; x_wconf 85' lang='lat' dir='ltr'><strong>avarissimus</strong></span> <span class='ocrx_word' id='word_1_728' title='bbox 1214 5121 1268 5165; x_wconf 88' lang='lat' dir='ltr'><strong>et</strong></span> <span class='ocrx_word' id='word_1_729' title='bbox 1312 5112 1699 5181; x_wconf 83' lang='lat' dir='ltr'><strong>parcissimus,</strong></span> <span class='ocrx_word' id='word_1_730' title='bbox 1750 5114 1938 5168; x_wconf 89' lang='lat' dir='ltr'><strong>statuit</strong></span> <span class='ocrx_word' id='word_1_731' title='bbox 1989 5114 2269 5169; x_wconf 82' lang='lat' dir='ltr'><strong>traducere</strong></span> <span class='ocrx_word' id='word_1_732' title='bbox 2322 5116 2386 5169; x_wconf 86' lang='lat' dir='ltr'><strong>ad</strong></span> 
     </span>
    </p>
   </div>
   <div class='ocr_carea' id='block_1_99' title="bbox 820 5203 2384 5274">
    <p class='ocr_par' dir='ltr' id='par_1_99' title="bbox 820 5203 2384 5274">
     <span class='ocr_line' id='line_1_99' title="bbox 820 5203 2384 5274; baseline 0.005 -24"><span class='ocrx_word' id='word_1_733' title='bbox 820 5217 1057 5253; x_wconf 82' lang='lat' dir='ltr'><strong>amorem</strong></span> <span class='ocrx_word' id='word_1_734' title='bbox 1080 5203 1432 5273; x_wconf 65' lang='lat' dir='ltr'><strong>eleemosynae</strong></span> <span class='ocrx_word' id='word_1_735' title='bbox 1462 5204 1561 5257; x_wconf 83' lang='lat' dir='ltr'><strong>hoc</strong></span> <span class='ocrx_word' id='word_1_736' title='bbox 1584 5205 1760 5258; x_wconf 89' lang='lat' dir='ltr'><strong>modo.</strong></span> <span class='ocrx_word' id='word_1_737' title='bbox 1808 5204 1863 5258; x_wconf 89' lang='lat' dir='ltr'><strong>In</strong></span> <span class='ocrx_word' id='word_1_738' title='bbox 1890 5206 2384 5274; x_wconf 79' lang='lat' dir='ltr'><strong>ptocliotrophium,</strong></span> 
     </span>
    </p>
   </div>
   <div class='ocr_carea' id='block_1_100' title="bbox 820 5294 2388 5363">
    <p class='ocr_par' dir='ltr' id='par_1_100' title="bbox 820 5294 2388 5363">
     <span class='ocr_line' id='line_1_100' title="bbox 820 5294 2388 5363; baseline 0.008 -22"><span class='ocrx_word' id='word_1_739' title='bbox 820 5294 959 5361; x_wconf 84' lang='lat' dir='ltr'><strong>quod</strong></span> <span class='ocrx_word' id='word_1_740' title='bbox 993 5295 1103 5363; x_wconf 85' lang='lat' dir='ltr'><strong>ipse</strong></span> <span class='ocrx_word' id='word_1_741' title='bbox 1133 5308 1533 5361; x_wconf 78' lang='lat' dir='ltr'><strong>construxerat,</strong></span> <span class='ocrx_word' id='word_1_742' title='bbox 1567 5305 1625 5352; x_wconf 91' lang='lat' dir='ltr'><strong>ut</strong></span> <span class='ocrx_word' id='word_1_743' title='bbox 1652 5297 1877 5362; x_wconf 88' lang='lat' dir='ltr'><strong>solebat,</strong></span> <span class='ocrx_word' id='word_1_744' title='bbox 1908 5299 2124 5362; x_wconf 81' lang='lat' dir='ltr'><strong>vadens,</strong></span> <span class='ocrx_word' id='word_1_745' title='bbox 2155 5300 2388 5353; x_wconf 89' lang='lat' dir='ltr'><strong>assumit</strong></span> 
     </span>
    </p>
   </div>
   <div class='ocr_carea' id='block_1_101' title="bbox 819 5387 2389 5460">
    <p class='ocr_par' dir='ltr' id='par_1_101' title="bbox 819 5387 2389 5460">
     <span class='ocr_line' id='line_1_101' title="bbox 819 5387 2389 5460; baseline 0.004 -20"><span class='ocrx_word' id='word_1_746' title='bbox 819 5388 979 5440; x_wconf 82' lang='lat' dir='ltr'><strong>etiam</strong></span> <span class='ocrx_word' id='word_1_747' title='bbox 1029 5387 1290 5442; x_wconf 88' lang='lat' dir='ltr'><strong>Troilum.</strong></span> <span class='ocrx_word' id='word_1_748' title='bbox 1344 5389 1512 5460; x_wconf 83' lang='lat' dir='ltr'><strong>Cujus</strong></span> <span class='ocrx_word' id='word_1_749' title='bbox 1565 5391 1816 5445; x_wconf 86' lang='lat' dir='ltr'><strong>comitem</strong></span> <span class='ocrx_word' id='word_1_750' title='bbox 1867 5406 1987 5445; x_wconf 91' lang='lat' dir='ltr'><strong>cum</strong></span> <span class='ocrx_word' id='word_1_751' title='bbox 2049 5393 2389 5460; x_wconf 83' lang='lat' dir='ltr'><strong>cognovisset</strong></span> 
     </span>
    </p>
   </div>
   <div class='ocr_carea' id='block_1_102' title="bbox 819 5479 2385 5552">
    <p class='ocr_par' dir='ltr' id='par_1_102' title="bbox 819 5479 2385 5552">
     <span class='ocr_line' id='line_1_102' title="bbox 819 5479 2385 5552; baseline 0.002 -18"><span class='ocrx_word' id='word_1_752' title='bbox 819 5479 1020 5534; x_wconf 83' lang='lat' dir='ltr'><strong>habere</strong></span> <span class='ocrx_word' id='word_1_753' title='bbox 1055 5481 1106 5533; x_wconf 91' lang='lat' dir='ltr'><strong>in</strong></span> <span class='ocrx_word' id='word_1_754' title='bbox 1142 5482 1261 5534; x_wconf 91' lang='lat' dir='ltr'><strong>sinu</strong></span> <span class='ocrx_word' id='word_1_755' title='bbox 1293 5483 1505 5551; x_wconf 81' lang='lat' dir='ltr'><strong>triginta</strong></span> <span class='ocrx_word' id='word_1_756' title='bbox 1537 5482 1701 5536; x_wconf 91' lang='lat' dir='ltr'><strong>libras</strong></span> <span class='ocrx_word' id='word_1_757' title='bbox 1741 5483 1887 5546; x_wconf 90' lang='lat' dir='ltr'><strong>auri;</strong></span> <span class='ocrx_word' id='word_1_758' title='bbox 1927 5481 2083 5548; x_wconf 89' lang='lat' dir='ltr'><strong>Sunt,</strong></span> <span class='ocrx_word' id='word_1_759' title='bbox 2122 5483 2317 5552; x_wconf 86' lang='lat' dir='ltr'><strong>inquit,</strong></span> <span class='ocrx_word' id='word_1_760' title='bbox 2355 5498 2385 5537; x_wconf 89' lang='lat' dir='ltr'><strong>a</strong></span> 
     </span>
    </p>
   </div>
   <div class='ocr_carea' id='block_1_103' title="bbox 823 5574 2385 5641">
    <p class='ocr_par' dir='ltr' id='par_1_103' title="bbox 823 5574 2385 5641">
     <span class='ocr_line' id='line_1_103' title="bbox 823 5574 2385 5641; baseline 0.005 -18"><span class='ocrx_word' id='word_1_761' title='bbox 823 5585 874 5625; x_wconf 84' lang='lat' dir='ltr'><strong>te</strong></span> <span class='ocrx_word' id='word_1_762' title='bbox 921 5574 1079 5627; x_wconf 92' lang='lat' dir='ltr'><strong>hodie</strong></span> <span class='ocrx_word' id='word_1_763' title='bbox 1131 5577 1388 5641; x_wconf 87' lang='lat' dir='ltr'><strong>curandi,</strong></span> <span class='ocrx_word' id='word_1_764' title='bbox 1441 5577 1786 5631; x_wconf 87' lang='lat' dir='ltr'><strong>sanctissime</strong></span> <span class='ocrx_word' id='word_1_765' title='bbox 1842 5577 2021 5631; x_wconf 85' lang='lat' dir='ltr'><strong>Troile</strong></span> <span class='ocrx_word' id='word_1_766' title='bbox 2116 5578 2282 5631; x_wconf 83' lang='lat' dir='ltr'><strong>nostri</strong></span> <span class='ocrx_word' id='word_1_767' title='bbox 2335 5580 2385 5631; x_wconf 91' lang='lat' dir='ltr'><strong>in</strong></span> 
     </span>
    </p>
   </div>
   <div class='ocr_carea' id='block_1_104' title="bbox 819 5667 2387 5738">
    <p class='ocr_par' dir='ltr' id='par_1_104' title="bbox 819 5667 2387 5738">
     <span class='ocr_line' id='line_1_104' title="bbox 819 5667 2387 5738; baseline 0.004 -19"><span class='ocrx_word' id='word_1_768' title='bbox 819 5667 1034 5719; x_wconf 74' lang='lat' dir='ltr'><strong>L‘liristo</strong></span> <span class='ocrx_word' id='word_1_769' title='bbox 1082 5667 1296 5722; x_wconf 83' lang='lat' dir='ltr'><strong>fratres.</strong></span> <span class='ocrx_word' id='word_1_770' title='bbox 1347 5668 1437 5723; x_wconf 90' lang='lat' dir='ltr'><strong>llle</strong></span> <span class='ocrx_word' id='word_1_771' title='bbox 1492 5682 1671 5725; x_wconf 90' lang='lat' dir='ltr'><strong>autem</strong></span> <span class='ocrx_word' id='word_1_772' title='bbox 1718 5682 1972 5738; x_wconf 81' lang='lat' dir='ltr'><strong>tanquam</strong></span> <span class='ocrx_word' id='word_1_773' title='bbox 2027 5687 2091 5724; x_wconf 89' lang='lat' dir='ltr'><strong>en</strong></span> <span class='ocrx_word' id='word_1_774' title='bbox 2137 5685 2387 5726; x_wconf 79' lang='lat' dir='ltr'><strong>sermone</strong></span> 
     </span>
    </p>
   </div>
   <div class='ocr_carea' id='block_1_105' title="bbox 2490 4664 4077 4736">
    <p class='ocr_par' dir='ltr' id='par_1_105' title="bbox 2490 4664 4077 4736">
     <span class='ocr_line' id='line_1_105' title="bbox 2490 4664 4077 4736; baseline 0.004 -22"><span class='ocrx_word' id='word_1_775' title='bbox 2490 4664 2669 4732; x_wconf 76' lang='grc' dir='ltr'>ἠξίου,</span> <span class='ocrx_word' id='word_1_776' title='bbox 2706 4664 2843 4716; x_wconf 81' lang='grc' dir='ltr'>ἀλλὰ</span> <span class='ocrx_word' id='word_1_777' title='bbox 2893 4664 3135 4726; x_wconf 72' lang='grc' dir='ltr'>καὶτοὺς</span> <span class='ocrx_word' id='word_1_778' title='bbox 3181 4665 3536 4734; x_wconf 72' lang='grc' dir='ltr'>μικρολόγους</span> <span class='ocrx_word' id='word_1_779' title='bbox 3576 4666 3684 4733; x_wconf 69' lang='grc' dir='ltr'>γὰρ</span> <span class='ocrx_word' id='word_1_780' title='bbox 3736 4668 3873 4736; x_wconf 71' lang='grc' dir='ltr'>πρὸς</span> <span class='ocrx_word' id='word_1_781' title='bbox 3909 4668 4077 4721; x_wconf 70' lang='grc' dir='ltr'>τοῦτο</span> 
     </span>
    </p>
   </div>
   <div class='ocr_carea' id='block_1_106' title="bbox 2488 4754 4077 4824">
    <p class='ocr_par' dir='ltr' id='par_1_106' title="bbox 2488 4754 4077 4824">
     <span class='ocr_line' id='line_1_106' title="bbox 2488 4754 4077 4824; baseline 0.004 -18"><span class='ocrx_word' id='word_1_782' title='bbox 2488 4756 2584 4808; x_wconf 74' lang='grc' dir='ltr'>καὶ</span> <span class='ocrx_word' id='word_1_783' title='bbox 2614 4754 2906 4823; x_wconf 78' lang='grc' dir='ltr'>φειδωλοὺς</span> <span class='ocrx_word' id='word_1_784' title='bbox 2936 4755 3179 4824; x_wconf 76' lang='grc' dir='ltr'>μεθόδοις</span> <span class='ocrx_word' id='word_1_785' title='bbox 3206 4759 3452 4817; x_wconf 83' lang='grc' dir='ltr'>συνεταῖς</span> <span class='ocrx_word' id='word_1_786' title='bbox 3475 4756 3736 4808; x_wconf 72' lang='grc' dir='ltr'>ἔσπευδεν</span> <span class='ocrx_word' id='word_1_787' title='bbox 3762 4758 4077 4821; x_wconf 68' lang='grc' dir='ltr'>ἐπάγεσθαι</span> 
     </span>
    </p>
   </div>
   <div class='ocr_carea' id='block_1_107' title="bbox 2488 4847 4074 4917">
    <p class='ocr_par' dir='ltr' id='par_1_107' title="bbox 2488 4847 4074 4917">
     <span class='ocr_line' id='line_1_107' title="bbox 2488 4847 4074 4917; baseline 0 -18"><span class='ocrx_word' id='word_1_788' title='bbox 2488 4847 2623 4917; x_wconf 74' lang='grc' dir='ltr'>πρὸς</span> <span class='ocrx_word' id='word_1_789' title='bbox 2686 4847 3082 4917; x_wconf 74' lang='grc' dir='ltr'>ἐλεημοσύνην,</span> <span class='ocrx_word' id='word_1_790' title='bbox 3132 4848 3351 4915; x_wconf 79' lang='grc' dir='ltr'>δηλοῦσι</span> <span class='ocrx_word' id='word_1_791' title='bbox 3385 4850 3484 4916; x_wconf 82' lang='grc' dir='ltr'>μὲν</span> <span class='ocrx_word' id='word_1_792' title='bbox 3529 4850 3623 4899; x_wconf 66' lang='grc' dir='ltr'>καὶ</span> <span class='ocrx_word' id='word_1_793' title='bbox 3674 4848 3812 4902; x_wconf 78' lang='grc' dir='ltr'>ἄλλα</span> <span class='ocrx_word' id='word_1_794' title='bbox 3871 4850 4074 4909; x_wconf 61' lang='grc' dir='ltr'>πολλὰ,</span> 
     </span>
    </p>
   </div>
   <div class='ocr_carea' id='block_1_108' title="bbox 2488 4939 4073 5009">
    <p class='ocr_par' dir='ltr' id='par_1_108' title="bbox 2488 4939 4073 5009">
     <span class='ocr_line' id='line_1_108' title="bbox 2488 4939 4073 5009; baseline 0.001 -18"><span class='ocrx_word' id='word_1_795' title='bbox 2488 4939 2639 5007; x_wconf 86' lang='grc' dir='ltr'>δηλοῖ</span> <span class='ocrx_word' id='word_1_796' title='bbox 2662 4940 2717 4991; x_wconf 86' lang='grc' dir='ltr'><strong>δὲ</strong></span> <span class='ocrx_word' id='word_1_797' title='bbox 2746 4939 2919 4991; x_wconf 78' lang='grc' dir='ltr'>καὶτὸ</span> <span class='ocrx_word' id='word_1_798' title='bbox 2955 4942 3046 4991; x_wconf 74' lang='grc' dir='ltr'>ἐπὶ</span> <span class='ocrx_word' id='word_1_799' title='bbox 3071 4939 3146 5009; x_wconf 82' lang='grc' dir='ltr'>τῷ</span> <span class='ocrx_word' id='word_1_800' title='bbox 3175 4940 3399 5008; x_wconf 72' lang='grc' dir='ltr'>Τρωῖλῳ</span> <span class='ocrx_word' id='word_1_801' title='bbox 3426 4940 3501 5009; x_wconf 80' lang='grc' dir='ltr'>τῷ</span> <span class='ocrx_word' id='word_1_802' title='bbox 3524 4941 3806 5009; x_wconf 80' lang='grc' dir='ltr'>ὲπισκόττῳ</span> <span class='ocrx_word' id='word_1_803' title='bbox 3828 4942 4073 5008; x_wconf 67' lang='grc' dir='ltr'>γενόμε-</span> 
     </span>
    </p>
   </div>
   <div class='ocr_carea' id='block_1_109' title="bbox 2489 5029 4075 5103">
    <p class='ocr_par' dir='ltr' id='par_1_109' title="bbox 2489 5029 4075 5103">
     <span class='ocr_line' id='line_1_109' title="bbox 2489 5029 4075 5103; baseline 0.001 -19"><span class='ocrx_word' id='word_1_804' title='bbox 2489 5047 2597 5084; x_wconf 88' lang='grc' dir='ltr'>νον.</span> <span class='ocrx_word' id='word_1_805' title='bbox 2624 5029 2826 5083; x_wconf 84' lang='grc' dir='ltr'>Τοῦτον</span> <span class='ocrx_word' id='word_1_806' title='bbox 2857 5032 2965 5103; x_wconf 84' lang='grc' dir='ltr'>γὰρ</span> <span class='ocrx_word' id='word_1_807' title='bbox 2996 5033 3332 5100; x_wconf 76' lang='grc' dir='ltr'>φιλάργυρον</span> <span class='ocrx_word' id='word_1_808' title='bbox 3381 5033 3507 5084; x_wconf 72' lang='grc' dir='ltr'><strong>ὄντα</strong></span> <span class='ocrx_word' id='word_1_809' title='bbox 3550 5034 3642 5085; x_wconf 76' lang='grc' dir='ltr'><strong>καὶ</strong></span> <span class='ocrx_word' id='word_1_810' title='bbox 3673 5035 4075 5101; x_wconf 65' lang='grc' dir='ltr'>φειδωλότατον</span> 
     </span>
    </p>
   </div>
   <div class='ocr_carea' id='block_1_110' title="bbox 2488 5122 4073 5196">
    <p class='ocr_par' dir='ltr' id='par_1_110' title="bbox 2488 5122 4073 5196">
     <span class='ocr_line' id='line_1_110' title="bbox 2488 5122 4073 5196; baseline 0.001 -22"><span class='ocrx_word' id='word_1_811' title='bbox 2488 5124 2570 5184; x_wconf 80' lang='grc' dir='ltr'><strong>είς</strong></span> <span class='ocrx_word' id='word_1_812' title='bbox 2602 5122 2969 5193; x_wconf 81' lang='grc' dir='ltr'>ὲλεημοσύνης</span> <span class='ocrx_word' id='word_1_813' title='bbox 2991 5124 3167 5193; x_wconf 84' lang='grc' dir='ltr'>ἔρωτα</span> <span class='ocrx_word' id='word_1_814' title='bbox 3193 5123 3501 5191; x_wconf 74' lang='grc' dir='ltr'>μεταθεῖναι</span> <span class='ocrx_word' id='word_1_815' title='bbox 3534 5124 3854 5193; x_wconf 61' lang='grc' dir='ltr'>διεσκέψατο</span> <span class='ocrx_word' id='word_1_816' title='bbox 3879 5126 4073 5196; x_wconf 75' lang='grc' dir='ltr'>τρόπῳ</span> 
     </span>
    </p>
   </div>
   <div class='ocr_carea' id='block_1_111' title="bbox 2488 5213 4070 5285">
    <p class='ocr_par' dir='ltr' id='par_1_111' title="bbox 2488 5213 4070 5285">
     <span class='ocr_line' id='line_1_111' title="bbox 2488 5213 4070 5285; baseline 0.003 -20"><span class='ocrx_word' id='word_1_817' title='bbox 2488 5214 2695 5283; x_wconf 83' lang='grc' dir='ltr'>τοιῷδε·</span> <span class='ocrx_word' id='word_1_818' title='bbox 2725 5216 2817 5277; x_wconf 77' lang='grc' dir='ltr'><strong>Εἰς</strong></span> <span class='ocrx_word' id='word_1_819' title='bbox 2850 5216 2909 5266; x_wconf 86' lang='grc' dir='ltr'><strong>τὸ</strong></span> <span class='ocrx_word' id='word_1_820' title='bbox 2941 5216 3374 5285; x_wconf 67' lang='grc' dir='ltr'>πτωχοτροφεῖον</span> <span class='ocrx_word' id='word_1_821' title='bbox 3404 5214 3541 5285; x_wconf 85' lang='grc' dir='ltr'>ὅπερ</span> <span class='ocrx_word' id='word_1_822' title='bbox 3568 5215 3725 5278; x_wconf 69' lang='grc' dir='ltr'>αὐτὸς</span> <span class='ocrx_word' id='word_1_823' title='bbox 3760 5213 3830 5285; x_wconf 70' lang='grc' dir='ltr'>ἦν</span> <span class='ocrx_word' id='word_1_824' title='bbox 3862 5220 4070 5270; x_wconf 58' lang='lat' dir='ltr'><strong>excf..—</strong></span> 
     </span>
    </p>
   </div>
   <div class='ocr_carea' id='block_1_112' title="bbox 2493 5306 4069 5377">
    <p class='ocr_par' dir='ltr' id='par_1_112' title="bbox 2493 5306 4069 5377">
     <span class='ocr_line' id='line_1_112' title="bbox 2493 5306 4069 5377; baseline 0.003 -18"><span class='ocrx_word' id='word_1_825' title='bbox 2493 5309 2828 5376; x_wconf 84' lang='grc' dir='ltr'>μησάμενος,</span> <span class='ocrx_word' id='word_1_826' title='bbox 2871 5308 3015 5359; x_wconf 74' lang='grc' dir='ltr'>κατὰ</span> <span class='ocrx_word' id='word_1_827' title='bbox 3063 5307 3123 5359; x_wconf 81' lang='grc' dir='ltr'><strong>τὸ</strong></span> <span class='ocrx_word' id='word_1_828' title='bbox 3158 5306 3389 5375; x_wconf 71' lang='grc' dir='ltr'>σύνηθες</span> <span class='ocrx_word' id='word_1_829' title='bbox 3439 5308 3637 5372; x_wconf 77' lang='grc' dir='ltr'>ἀπιὼν,</span> <span class='ocrx_word' id='word_1_830' title='bbox 3680 5311 3773 5361; x_wconf 74' lang='grc' dir='ltr'>καὶ</span> <span class='ocrx_word' id='word_1_831' title='bbox 3819 5307 4069 5377; x_wconf 72' lang='grc' dir='ltr'>Τρώῖλον</span> 
     </span>
    </p>
   </div>
   <div class='ocr_carea' id='block_1_113' title="bbox 2489 5394 4067 5471">
    <p class='ocr_par' dir='ltr' id='par_1_113' title="bbox 2489 5394 4067 5471">
     <span class='ocr_line' id='line_1_113' title="bbox 2489 5394 4067 5471; baseline 0.005 -21"><span class='ocrx_word' id='word_1_832' title='bbox 2489 5399 2933 5468; x_wconf 77' lang='grc' dir='ltr'>παραλαμϐάνει,</span> <span class='ocrx_word' id='word_1_833' title='bbox 2966 5394 3027 5454; x_wconf 73' lang='grc' dir='ltr'>οὗ</span> <span class='ocrx_word' id='word_1_834' title='bbox 3050 5400 3138 5453; x_wconf 68' lang='grc' dir='ltr'>τὸν</span> <span class='ocrx_word' id='word_1_835' title='bbox 3166 5400 3456 5453; x_wconf 59' lang='grc' dir='ltr'>ἀκόλουθον</span> <span class='ocrx_word' id='word_1_836' title='bbox 3482 5401 3556 5464; x_wconf 77' lang='grc' dir='ltr'>ὡς</span> <span class='ocrx_word' id='word_1_837' title='bbox 3586 5401 3746 5468; x_wconf 86' lang='grc' dir='ltr'>ἔγνω,</span> <span class='ocrx_word' id='word_1_838' title='bbox 3768 5406 4067 5471; x_wconf 62' lang='grc' dir='ltr'>τριάκοντι</span> 
     </span>
    </p>
   </div>
   <div class='ocr_carea' id='block_1_114' title="bbox 2488 5490 4067 5565">
    <p class='ocr_par' dir='ltr' id='par_1_114' title="bbox 2488 5490 4067 5565">
     <span class='ocr_line' id='line_1_114' title="bbox 2488 5490 4067 5565; baseline 0.005 -23"><span class='ocrx_word' id='word_1_839' title='bbox 2488 5490 2583 5543; x_wconf 73' lang='grc' dir='ltr'>τοῦ</span> <span class='ocrx_word' id='word_1_840' title='bbox 2614 5490 2838 5561; x_wconf 87' lang='grc' dir='ltr'>χρυσίου</span> <span class='ocrx_word' id='word_1_841' title='bbox 2878 5492 3065 5560; x_wconf 83' lang='grc' dir='ltr'>λίτρας</span> <span class='ocrx_word' id='word_1_842' title='bbox 3122 5493 3633 5560; x_wconf 78' lang='grc' dir='ltr'>ὲγκεκολπωμένον,</span> <span class='ocrx_word' id='word_1_843' title='bbox 3686 5494 4067 5565; x_wconf 61' lang='grc' dir='ltr'>Θεραπευτέα-ι</span> 
     </span>
    </p>
   </div>
   <div class='ocr_carea' id='block_1_115' title="bbox 2493 5585 4066 5655">
    <p class='ocr_par' dir='ltr' id='par_1_115' title="bbox 2493 5585 4066 5655">
     <span class='ocr_line' id='line_1_115' title="bbox 2493 5585 4066 5655; baseline 0.004 -20"><span class='ocrx_word' id='word_1_844' title='bbox 2493 5599 2551 5635; x_wconf 89' lang='grc' dir='ltr'>σε</span> <span class='ocrx_word' id='word_1_845' title='bbox 2589 5586 2849 5652; x_wconf 78' lang='grc' dir='ltr'>σήμερον,</span> <span class='ocrx_word' id='word_1_846' title='bbox 2883 5585 3106 5654; x_wconf 63' lang='grc' dir='ltr'>ἔφησεν,</span> <span class='ocrx_word' id='word_1_847' title='bbox 3138 5586 3395 5655; x_wconf 78' lang='grc' dir='ltr'>ἱερώτατε</span> <span class='ocrx_word' id='word_1_848' title='bbox 3429 5586 3656 5655; x_wconf 82' lang='grc' dir='ltr'>Τρώῖλε,</span> <span class='ocrx_word' id='word_1_849' title='bbox 3683 5590 3810 5651; x_wconf 69' lang='grc' dir='ltr'>τοὺς</span> <span class='ocrx_word' id='word_1_850' title='bbox 3840 5591 3899 5639; x_wconf 63' lang='grc' dir='ltr'><strong>ἐκ·</strong></span> <span class='ocrx_word' id='word_1_851' title='bbox 3932 5592 4066 5655; x_wconf 56' lang='lat' dir='ltr'><strong>xc:-</strong></span> 
     </span>
    </p>
   </div>
   <div class='ocr_carea' id='block_1_116' title="bbox 2492 5674 4063 5747">
    <p class='ocr_par' dir='ltr' id='par_1_116' title="bbox 2492 5674 4063 5747">
     <span class='ocr_line' id='line_1_116' title="bbox 2492 5674 4063 5747; baseline 0.006 -23"><span class='ocrx_word' id='word_1_852' title='bbox 2492 5674 2600 5741; x_wconf 78' lang='grc' dir='ltr'>στῷ</span> <span class='ocrx_word' id='word_1_853' title='bbox 2642 5674 2801 5741; x_wconf 77' lang='grc' dir='ltr'>ἡμῶν</span> <span class='ocrx_word' id='word_1_854' title='bbox 2836 5675 3117 5743; x_wconf 73' lang='grc' dir='ltr'>ἀδελφούς.</span> <span class='ocrx_word' id='word_1_855' title='bbox 3171 5675 3227 5726; x_wconf 87' lang='lat'><strong>&#39;0</strong></span> <span class='ocrx_word' id='word_1_856' title='bbox 3275 5675 3328 5728; x_wconf 74' lang='grc' dir='ltr'><strong>δὲ</strong></span> <span class='ocrx_word' id='word_1_857' title='bbox 3359 5676 3546 5746; x_wconf 75' lang='grc' dir='ltr'>ὥσπερ</span> <span class='ocrx_word' id='word_1_858' title='bbox 3600 5678 3691 5729; x_wconf 79' lang='grc' dir='ltr'><strong>τὸν</strong></span> <span class='ocrx_word' id='word_1_859' title='bbox 3748 5679 3907 5747; x_wconf 72' lang='grc' dir='ltr'>λόγον</span> <span class='ocrx_word' id='word_1_860' title='bbox 3948 5681 4063 5733; x_wconf 78' lang='grc' dir='ltr'>εισ-</span> 
     </span>
    </p>
   </div>
   <div class='ocr_carea' id='block_1_117' title="bbox 888 5825 2816 5899">
    <p class='ocr_par' dir='ltr' id='par_1_117' title="bbox 888 5825 2816 5899">
     <span class='ocr_line' id='line_1_117' title="bbox 888 5825 2816 5899; baseline 0 -19"><span class='ocrx_word' id='word_1_861' title='bbox 888 5825 1001 5894; x_wconf 66' lang='lat' dir='ltr'><strong>rli‘d</strong></span> <span class='ocrx_word' id='word_1_862' title='bbox 1041 5826 1103 5878; x_wconf 82' lang='lat' dir='ltr'><strong>At</strong></span> <span class='ocrx_word' id='word_1_863' title='bbox 1132 5828 1386 5883; x_wconf 82' lang='lat' dir='ltr'><strong>Leontius</strong></span> <span class='ocrx_word' id='word_1_864' title='bbox 1418 5828 1553 5881; x_wconf 78' lang='lat' dir='ltr'><strong>lianc</strong></span> <span class='ocrx_word' id='word_1_865' title='bbox 1584 5843 1796 5899; x_wconf 78' lang='lat' dir='ltr'><strong>quoque</strong></span> <span class='ocrx_word' id='word_1_866' title='bbox 1827 5830 1902 5882; x_wconf 89' lang='lat' dir='ltr'><strong>ait</strong></span> <span class='ocrx_word' id='word_1_867' title='bbox 1937 5829 2183 5896; x_wconf 83' lang='lat' dir='ltr'><strong>periisse,</strong></span> <span class='ocrx_word' id='word_1_868' title='bbox 2220 5828 2376 5882; x_wconf 85' lang='lat' dir='ltr'><strong>unica</strong></span> <span class='ocrx_word' id='word_1_869' title='bbox 2420 5829 2613 5895; x_wconf 69' lang='lat' dir='ltr'><strong>scapha</strong></span> <span class='ocrx_word' id='word_1_870' title='bbox 2650 5830 2816 5882; x_wconf 78' lang='lat' dir='ltr'><strong>salva.</strong></span> 
     </span>
    </p>
   </div>
  </div>
