  <div class='ocr_page' id='page_1' title='image "/cluster/home/n/w/nwhite01/storage/ocr_20150623/114/nnc1.0046980210/487.png"; bbox 0 0 4148 6486; ppageno 0'>
   <div class='ocr_carea' id='block_1_1' title="bbox 762 433 865 495">
    <p class='ocr_par' dir='ltr' id='par_1_1' title="bbox 762 433 865 495">
     <span class='ocr_line' id='line_1_1' title="bbox 762 433 865 495; baseline -0.01 0"><span class='ocrx_word' id='word_1_1' title='bbox 762 433 865 495; x_wconf 74' lang='grc' dir='ltr'><strong>ΘΠ</strong></span> 
     </span>
    </p>
   </div>
   <div class='ocr_carea' id='block_1_2' title="bbox 1961 404 2730 500">
    <p class='ocr_par' dir='ltr' id='par_1_2' title="bbox 1961 404 2730 500">
     <span class='ocr_line' id='line_1_2' title="bbox 1961 404 2730 500; baseline 0.009 -8"><span class='ocrx_word' id='word_1_2' title='bbox 1961 436 2241 494; x_wconf 70' lang='lat' dir='ltr'><strong>MENSIS</strong></span> <span class='ocrx_word' id='word_1_3' title='bbox 2275 404 2730 500; x_wconf 70' lang='lat' dir='ltr'><strong>JANUAHtUs.</strong></span> 
     </span>
    </p>
   </div>
   <div class='ocr_carea' id='block_1_3' title="bbox 3908 436 4021 505">
    <p class='ocr_par' dir='ltr' id='par_1_3' title="bbox 3908 436 4021 505">
     <span class='ocr_line' id='line_1_3' title="bbox 3908 436 4021 505; baseline 0.018 -2"><span class='ocrx_word' id='word_1_4' title='bbox 3908 436 4021 505; x_wconf 70' lang='grc'><strong>948</strong></span> 
     </span>
    </p>
   </div>
   <div class='ocr_carea' id='block_1_4' title="bbox 767 542 2340 617">
    <p class='ocr_par' dir='ltr' id='par_1_4' title="bbox 767 542 2328 612">
     <span class='ocr_line' id='line_1_4' title="bbox 767 542 2328 612; baseline 0.001 -16"><span class='ocrx_word' id='word_1_5' title='bbox 767 542 920 612; x_wconf 77' lang='lat' dir='ltr'><strong>pinos</strong></span> <span class='ocrx_word' id='word_1_6' title='bbox 949 545 1163 610; x_wconf 86' lang='lat' dir='ltr'><strong>quidem</strong></span> <span class='ocrx_word' id='word_1_7' title='bbox 1193 559 1407 608; x_wconf 84' lang='lat' dir='ltr'><strong>emens,</strong></span> <span class='ocrx_word' id='word_1_8' title='bbox 1450 558 1543 599; x_wconf 87' lang='lat' dir='ltr'><strong>eos</strong></span> <span class='ocrx_word' id='word_1_9' title='bbox 1584 542 1899 599; x_wconf 78' lang='lat' dir='ltr'><strong>comedebat</strong></span> <span class='ocrx_word' id='word_1_10' title='bbox 1928 555 2048 612; x_wconf 90' lang='lat' dir='ltr'><strong>post</strong></span> <span class='ocrx_word' id='word_1_11' title='bbox 2078 559 2328 598; x_wconf 80' lang='lat' dir='ltr'><strong>occasum</strong></span> 
     </span>
    </p>
   </div>
   <div class='ocr_carea' id='block_1_5' title="bbox 2445 542 4023 617">
    <p class='ocr_par' dir='ltr' id='par_1_5' title="bbox 2445 545 4023 617">
     <span class='ocr_line' id='line_1_5' title="bbox 2445 545 4023 617; baseline 0.002 -21"><span class='ocrx_word' id='word_1_12' title='bbox 2445 547 2569 607; x_wconf 83' lang='grc' dir='ltr'>ποὺς</span> <span class='ocrx_word' id='word_1_13' title='bbox 2599 546 2654 596; x_wconf 83' lang='grc' dir='ltr'>δὲ</span> <span class='ocrx_word' id='word_1_14' title='bbox 2691 546 2827 597; x_wconf 74' lang='grc' dir='ltr'>κατὰ</span> <span class='ocrx_word' id='word_1_15' title='bbox 2863 545 2991 613; x_wconf 87' lang='grc' dir='ltr'>μίαν</span> <span class='ocrx_word' id='word_1_16' title='bbox 3020 548 3126 599; x_wconf 86' lang='grc' dir='ltr'>τῶν</span> <span class='ocrx_word' id='word_1_17' title='bbox 3156 546 3367 599; x_wconf 83' lang='grc' dir='ltr'>νυκτῶν</span> <span class='ocrx_word' id='word_1_18' title='bbox 3396 546 3477 608; x_wconf 80' lang='grc' dir='ltr'><strong>είς</strong></span> <span class='ocrx_word' id='word_1_19' title='bbox 3509 548 3637 617; x_wconf 59' lang='grc' dir='ltr'>μίαν</span> <span class='ocrx_word' id='word_1_20' title='bbox 3658 547 3769 600; x_wconf 82' lang='grc' dir='ltr'>τῶν</span> <span class='ocrx_word' id='word_1_21' title='bbox 3801 548 4023 616; x_wconf 69' lang='grc' dir='ltr'>πορνῶν</span> 
     </span>
    </p>
   </div>
   <div class='ocr_carea' id='block_1_6' title="bbox 763 636 2328 705">
    <p class='ocr_par' dir='ltr' id='par_1_6' title="bbox 763 636 2328 705">
     <span class='ocr_line' id='line_1_6' title="bbox 763 636 2328 705; baseline -0.002 -15"><span class='ocrx_word' id='word_1_22' title='bbox 763 637 928 699; x_wconf 80' lang='lat' dir='ltr'><strong>solis;</strong></span> <span class='ocrx_word' id='word_1_23' title='bbox 974 636 1215 705; x_wconf 83' lang='lat' dir='ltr'><strong>reliquos</strong></span> <span class='ocrx_word' id='word_1_24' title='bbox 1258 648 1435 691; x_wconf 87' lang='lat' dir='ltr'><strong>autem</strong></span> <span class='ocrx_word' id='word_1_25' title='bbox 1471 651 1575 689; x_wconf 91' lang='lat' dir='ltr'><strong>una</strong></span> <span class='ocrx_word' id='word_1_26' title='bbox 1622 646 1780 690; x_wconf 89' lang='lat' dir='ltr'><strong>nocte</strong></span> <span class='ocrx_word' id='word_1_27' title='bbox 1810 636 1993 701; x_wconf 89' lang='lat' dir='ltr'><strong>dabat,</strong></span> <span class='ocrx_word' id='word_1_28' title='bbox 2028 637 2227 689; x_wconf 84' lang='lat' dir='ltr'><strong>vadens</strong></span> <span class='ocrx_word' id='word_1_29' title='bbox 2264 636 2328 688; x_wconf 89' lang='lat' dir='ltr'><strong>ad</strong></span> 
     </span>
    </p>
   </div>
   <div class='ocr_carea' id='block_1_7' title="bbox 763 727 2332 797">
    <p class='ocr_par' dir='ltr' id='par_1_7' title="bbox 763 727 2332 797">
     <span class='ocr_line' id='line_1_7' title="bbox 763 727 2332 797; baseline -0.001 -16"><span class='ocrx_word' id='word_1_30' title='bbox 763 736 925 782; x_wconf 87' lang='lat' dir='ltr'><strong>unam</strong></span> <span class='ocrx_word' id='word_1_31' title='bbox 975 744 1038 784; x_wconf 80' lang='lat' dir='ltr'><strong>ex</strong></span> <span class='ocrx_word' id='word_1_32' title='bbox 1095 727 1515 792; x_wconf 89' lang='lat' dir='ltr'><strong>meretricibus,</strong></span> <span class='ocrx_word' id='word_1_33' title='bbox 1571 729 1796 782; x_wconf 88' lang='lat' dir='ltr'><strong>dicens:</strong></span> <span class='ocrx_word' id='word_1_34' title='bbox 1839 727 1965 782; x_wconf 77' lang='lat' dir='ltr'><strong>lizcc</strong></span> <span class='ocrx_word' id='word_1_35' title='bbox 2013 728 2232 797; x_wconf 86' lang='lat' dir='ltr'><strong>accipe,</strong></span> <span class='ocrx_word' id='word_1_36' title='bbox 2280 738 2332 780; x_wconf 91' lang='lat' dir='ltr'><strong>et</strong></span> 
     </span>
    </p>
   </div>
   <div class='ocr_carea' id='block_1_8' title="bbox 762 819 1983 886">
    <p class='ocr_par' dir='ltr' id='par_1_8' title="bbox 762 819 1983 886">
     <span class='ocr_line' id='line_1_8' title="bbox 762 819 1983 886; baseline -0.002 -11"><span class='ocrx_word' id='word_1_37' title='bbox 762 836 1021 875; x_wconf 89' lang='lat' dir='ltr'><strong>conserva</strong></span> <span class='ocrx_word' id='word_1_38' title='bbox 1056 827 1108 873; x_wconf 86' lang='lat' dir='ltr'><strong>te</strong></span> <span class='ocrx_word' id='word_1_39' title='bbox 1142 819 1271 873; x_wconf 91' lang='lat' dir='ltr'><strong>mihi</strong></span> <span class='ocrx_word' id='word_1_40' title='bbox 1312 824 1411 874; x_wconf 91' lang='lat' dir='ltr'><strong>hac</strong></span> <span class='ocrx_word' id='word_1_41' title='bbox 1442 828 1599 873; x_wconf 90' lang='lat' dir='ltr'><strong>nocte</strong></span> <span class='ocrx_word' id='word_1_42' title='bbox 1630 819 1983 886; x_wconf 71' lang='lat' dir='ltr'><strong>impollutam.</strong></span> 
     </span>
    </p>
   </div>
   <div class='ocr_carea' id='block_1_9' title="bbox 834 910 2330 979">
    <p class='ocr_par' dir='ltr' id='par_1_9' title="bbox 834 910 2330 979">
     <span class='ocr_line' id='line_1_9' title="bbox 834 910 2330 979; baseline -0.001 -15"><span class='ocrx_word' id='word_1_43' title='bbox 834 910 947 964; x_wconf 79' lang='lat' dir='ltr'><strong>LX.</strong></span> <span class='ocrx_word' id='word_1_44' title='bbox 991 910 1143 979; x_wconf 84' lang='lat' dir='ltr'><strong>Quod</strong></span> <span class='ocrx_word' id='word_1_45' title='bbox 1178 928 1299 966; x_wconf 90' lang='lat' dir='ltr'><strong>eum</strong></span> <span class='ocrx_word' id='word_1_46' title='bbox 1336 912 1561 975; x_wconf 76' lang='lat' dir='ltr'><strong>faceret,</strong></span> <span class='ocrx_word' id='word_1_47' title='bbox 1604 910 1782 965; x_wconf 88' lang='lat' dir='ltr'><strong>stabat</strong></span> <span class='ocrx_word' id='word_1_48' title='bbox 1819 922 1924 966; x_wconf 89' lang='lat' dir='ltr'><strong>tota</strong></span> <span class='ocrx_word' id='word_1_49' title='bbox 1959 920 2117 965; x_wconf 81' lang='lat' dir='ltr'><strong>noete</strong></span> <span class='ocrx_word' id='word_1_50' title='bbox 2150 911 2200 963; x_wconf 92' lang='lat' dir='ltr'><strong>in</strong></span> <span class='ocrx_word' id='word_1_51' title='bbox 2232 925 2330 963; x_wconf 84' lang='lat' dir='ltr'><strong>an-</strong></span> 
     </span>
    </p>
   </div>
   <div class='ocr_carea' id='block_1_10' title="bbox 762 1002 2332 1073">
    <p class='ocr_par' dir='ltr' id='par_1_10' title="bbox 762 1002 2332 1073">
     <span class='ocr_line' id='line_1_10' title="bbox 762 1002 2332 1073; baseline 0.002 -22"><span class='ocrx_word' id='word_1_52' title='bbox 762 1004 886 1071; x_wconf 73' lang='lat' dir='ltr'><strong>gulo</strong></span> <span class='ocrx_word' id='word_1_53' title='bbox 916 1003 1205 1058; x_wconf 76' lang='lat' dir='ltr'><strong>habitaculi</strong></span> <span class='ocrx_word' id='word_1_54' title='bbox 1237 1004 1380 1059; x_wconf 92' lang='lat' dir='ltr'><strong>illius</strong></span> <span class='ocrx_word' id='word_1_55' title='bbox 1410 1004 1672 1067; x_wconf 83' lang='lat' dir='ltr'><strong>mulieris,</strong></span> <span class='ocrx_word' id='word_1_56' title='bbox 1706 1019 1840 1073; x_wconf 88' lang='lat' dir='ltr'><strong>genu</strong></span> <span class='ocrx_word' id='word_1_57' title='bbox 1873 1002 2119 1067; x_wconf 83' lang='lat' dir='ltr'><strong>ﬂectens,</strong></span> <span class='ocrx_word' id='word_1_58' title='bbox 2149 1015 2203 1057; x_wconf 91' lang='lat' dir='ltr'><strong>et</strong></span> <span class='ocrx_word' id='word_1_59' title='bbox 2231 1004 2332 1055; x_wconf 85' lang='lat' dir='ltr'><strong>iiu-</strong></span> 
     </span>
    </p>
   </div>
   <div class='ocr_carea' id='block_1_11' title="bbox 763 1095 2333 1165">
    <p class='ocr_par' dir='ltr' id='par_1_11' title="bbox 763 1095 2333 1165">
     <span class='ocr_line' id='line_1_11' title="bbox 763 1095 2333 1165; baseline 0.004 -22"><span class='ocrx_word' id='word_1_60' title='bbox 763 1109 921 1160; x_wconf 79' lang='lat' dir='ltr'><strong>guam</strong></span> <span class='ocrx_word' id='word_1_61' title='bbox 954 1095 1177 1163; x_wconf 86' lang='lat' dir='ltr'><strong>psalmis</strong></span> <span class='ocrx_word' id='word_1_62' title='bbox 1206 1110 1466 1150; x_wconf 77' lang='lat' dir='ltr'><strong>exercens</strong></span> <span class='ocrx_word' id='word_1_63' title='bbox 1490 1097 1728 1153; x_wconf 86' lang='lat' dir='ltr'><strong>assidue.</strong></span> <span class='ocrx_word' id='word_1_64' title='bbox 1752 1105 1806 1149; x_wconf 90' lang='lat' dir='ltr'><strong>et</strong></span> <span class='ocrx_word' id='word_1_65' title='bbox 1836 1095 2106 1165; x_wconf 90' lang='lat' dir='ltr'><strong>supplices</strong></span> <span class='ocrx_word' id='word_1_66' title='bbox 2140 1109 2333 1149; x_wconf 83' lang='lat' dir='ltr'><strong>manus</strong></span> 
     </span>
    </p>
   </div>
   <div class='ocr_carea' id='block_1_12' title="bbox 767 1185 2331 1250">
    <p class='ocr_par' dir='ltr' id='par_1_12' title="bbox 767 1185 2331 1250">
     <span class='ocr_line' id='line_1_12' title="bbox 767 1185 2331 1250; baseline 0.003 -17"><span class='ocrx_word' id='word_1_67' title='bbox 767 1199 862 1250; x_wconf 82' lang='lat' dir='ltr'><strong>pro</strong></span> <span class='ocrx_word' id='word_1_68' title='bbox 892 1200 951 1238; x_wconf 87' lang='lat' dir='ltr'><strong>ea</strong></span> <span class='ocrx_word' id='word_1_69' title='bbox 989 1186 1053 1241; x_wconf 89' lang='lat' dir='ltr'><strong>ad</strong></span> <span class='ocrx_word' id='word_1_70' title='bbox 1089 1185 1252 1241; x_wconf 86' lang='lat' dir='ltr'><strong>Deum</strong></span> <span class='ocrx_word' id='word_1_71' title='bbox 1286 1190 1532 1243; x_wconf 86' lang='lat' dir='ltr'><strong>tendens.</strong></span> <span class='ocrx_word' id='word_1_72' title='bbox 1565 1189 1725 1240; x_wconf 87' lang='lat' dir='ltr'><strong>Mane</strong></span> <span class='ocrx_word' id='word_1_73' title='bbox 1760 1199 1939 1241; x_wconf 91' lang='lat' dir='ltr'><strong>autem</strong></span> <span class='ocrx_word' id='word_1_74' title='bbox 1976 1202 2183 1249; x_wconf 76' lang='lat' dir='ltr'><strong>exiens,</strong></span> <span class='ocrx_word' id='word_1_75' title='bbox 2214 1202 2331 1241; x_wconf 90' lang='lat' dir='ltr'><strong>eam</strong></span> 
     </span>
    </p>
   </div>
   <div class='ocr_carea' id='block_1_13' title="bbox 765 1275 2335 1346">
    <p class='ocr_par' dir='ltr' id='par_1_13' title="bbox 765 1275 2335 1346">
     <span class='ocr_line' id='line_1_13' title="bbox 765 1275 2335 1346; baseline 0.003 -19"><span class='ocrx_word' id='word_1_76' title='bbox 765 1275 1014 1345; x_wconf 72' lang='lat' dir='ltr'><strong>adigebat</strong></span> <span class='ocrx_word' id='word_1_77' title='bbox 1049 1280 1428 1346; x_wconf 83' lang='lat' dir='ltr'><strong>jurejurando,</strong></span> <span class='ocrx_word' id='word_1_78' title='bbox 1470 1296 1530 1335; x_wconf 84' lang='lat' dir='ltr'><strong>se</strong></span> <span class='ocrx_word' id='word_1_79' title='bbox 1573 1281 1773 1334; x_wconf 82' lang='lat' dir='ltr'><strong>nemini</strong></span> <span class='ocrx_word' id='word_1_80' title='bbox 1818 1280 1867 1333; x_wconf 91' lang='lat' dir='ltr'><strong>id</strong></span> <span class='ocrx_word' id='word_1_81' title='bbox 1902 1294 2022 1333; x_wconf 90' lang='lat' dir='ltr'><strong>esse</strong></span> <span class='ocrx_word' id='word_1_82' title='bbox 2069 1278 2335 1333; x_wconf 78' lang='lat' dir='ltr'><strong>indicatu-</strong></span> 
     </span>
    </p>
   </div>
   <div class='ocr_carea' id='block_1_14' title="bbox 766 1369 2336 1441">
    <p class='ocr_par' dir='ltr' id='par_1_14' title="bbox 766 1369 2336 1441">
     <span class='ocr_line' id='line_1_14' title="bbox 766 1369 2336 1441; baseline 0.001 -20"><span class='ocrx_word' id='word_1_83' title='bbox 766 1383 904 1422; x_wconf 85' lang='lat' dir='ltr'><strong>ram.</strong></span> <span class='ocrx_word' id='word_1_84' title='bbox 951 1369 1122 1426; x_wconf 91' lang='lat' dir='ltr'><strong>Unam</strong></span> <span class='ocrx_word' id='word_1_85' title='bbox 1179 1372 1361 1441; x_wconf 77' lang='lat' dir='ltr'><strong>itaque</strong></span> <span class='ocrx_word' id='word_1_86' title='bbox 1405 1386 1470 1425; x_wconf 76' lang='lat' dir='ltr'><strong>ex</strong></span> <span class='ocrx_word' id='word_1_87' title='bbox 1514 1371 1611 1437; x_wconf 87' lang='lat' dir='ltr'><strong>iis,</strong></span> <span class='ocrx_word' id='word_1_88' title='bbox 1658 1387 1778 1441; x_wconf 86' lang='lat' dir='ltr'><strong>quae</strong></span> <span class='ocrx_word' id='word_1_89' title='bbox 1814 1386 1946 1426; x_wconf 91' lang='lat' dir='ltr'><strong>ausa</strong></span> <span class='ocrx_word' id='word_1_90' title='bbox 1988 1371 2161 1424; x_wconf 89' lang='lat' dir='ltr'><strong>fuerat</strong></span> <span class='ocrx_word' id='word_1_91' title='bbox 2206 1386 2336 1425; x_wconf 87' lang='lat' dir='ltr'><strong>con-</strong></span> 
     </span>
    </p>
   </div>
   <div class='ocr_carea' id='block_1_15' title="bbox 766 1448 2337 1533">
    <p class='ocr_par' dir='ltr' id='par_1_15' title="bbox 766 1448 2337 1533">
     <span class='ocr_line' id='line_1_15' title="bbox 766 1448 2337 1533; baseline 0.003 -23"><span class='ocrx_word' id='word_1_92' title='bbox 766 1461 985 1530; x_wconf 82' lang='lat' dir='ltr'><strong>temptui</strong></span> <span class='ocrx_word' id='word_1_93' title='bbox 1013 1461 1211 1516; x_wconf 87' lang='lat' dir='ltr'><strong>habere</strong></span> <span class='ocrx_word' id='word_1_94' title='bbox 1234 1448 1613 1532; x_wconf 76' lang='lat' dir='ltr'><strong>jusjurandum</strong></span> <span class='ocrx_word' id='word_1_95' title='bbox 1640 1473 1694 1517; x_wconf 92' lang='lat' dir='ltr'><strong>et</strong></span> <span class='ocrx_word' id='word_1_96' title='bbox 1719 1465 1930 1533; x_wconf 89' lang='lat' dir='ltr'><strong>aperire</strong></span> <span class='ocrx_word' id='word_1_97' title='bbox 1957 1478 2179 1527; x_wconf 82' lang='lat' dir='ltr'><strong>arcana,</strong></span> <span class='ocrx_word' id='word_1_98' title='bbox 2212 1461 2337 1516; x_wconf 82' lang='lat' dir='ltr'><strong>facit</strong></span> 
     </span>
    </p>
   </div>
   <div class='ocr_carea' id='block_1_16' title="bbox 764 1550 2335 1620">
    <p class='ocr_par' dir='ltr' id='par_1_16' title="bbox 764 1550 2335 1620">
     <span class='ocr_line' id='line_1_16' title="bbox 764 1550 2335 1620; baseline 0.002 -19"><span class='ocrx_word' id='word_1_99' title='bbox 764 1565 926 1605; x_wconf 72' lang='lat' dir='ltr'><strong>senex</strong></span> <span class='ocrx_word' id='word_1_100' title='bbox 972 1550 1223 1620; x_wconf 85' lang='lat' dir='ltr'><strong>precibus</strong></span> <span class='ocrx_word' id='word_1_101' title='bbox 1255 1552 1522 1620; x_wconf 76' lang='lat' dir='ltr'><strong>poSsideri</strong></span> <span class='ocrx_word' id='word_1_102' title='bbox 1555 1569 1584 1607; x_wconf 93' lang='lat' dir='ltr'><strong>a</strong></span> <span class='ocrx_word' id='word_1_103' title='bbox 1617 1554 1888 1617; x_wconf 49' lang='lat' dir='ltr'><strong>daemone,</strong></span> <span class='ocrx_word' id='word_1_104' title='bbox 1929 1555 2063 1605; x_wconf 90' lang='lat' dir='ltr'><strong>adeo</strong></span> <span class='ocrx_word' id='word_1_105' title='bbox 2098 1562 2154 1603; x_wconf 93' lang='lat' dir='ltr'><strong>ut</strong></span> <span class='ocrx_word' id='word_1_106' title='bbox 2186 1550 2335 1604; x_wconf 91' lang='lat' dir='ltr'><strong>nulla</strong></span> 
     </span>
    </p>
   </div>
   <div class='ocr_carea' id='block_1_17' title="bbox 762 1642 2337 1712">
    <p class='ocr_par' dir='ltr' id='par_1_17' title="bbox 762 1642 2337 1712">
     <span class='ocr_line' id='line_1_17' title="bbox 762 1642 2337 1712; baseline 0.001 -18"><span class='ocrx_word' id='word_1_107' title='bbox 762 1642 1019 1712; x_wconf 88' lang='lat' dir='ltr'><strong>deinceps</strong></span> <span class='ocrx_word' id='word_1_108' title='bbox 1077 1658 1204 1697; x_wconf 92' lang='lat' dir='ltr'><strong>ausa</strong></span> <span class='ocrx_word' id='word_1_109' title='bbox 1256 1642 1420 1696; x_wconf 88' lang='lat' dir='ltr'><strong>fuerit</strong></span> <span class='ocrx_word' id='word_1_110' title='bbox 1480 1643 1595 1709; x_wconf 83' lang='lat' dir='ltr'><strong>ejus</strong></span> <span class='ocrx_word' id='word_1_111' title='bbox 1648 1644 1813 1697; x_wconf 87' lang='lat' dir='ltr'><strong>vitam</strong></span> <span class='ocrx_word' id='word_1_112' title='bbox 1864 1644 2168 1697; x_wconf 82' lang='lat' dir='ltr'><strong>enuntiare.</strong></span> <span class='ocrx_word' id='word_1_113' title='bbox 2220 1642 2337 1711; x_wconf 83' lang='lat' dir='ltr'><strong>Ipse</strong></span> 
     </span>
    </p>
   </div>
   <div class='ocr_carea' id='block_1_18' title="bbox 765 1732 2339 1805">
    <p class='ocr_par' dir='ltr' id='par_1_18' title="bbox 765 1732 2339 1805">
     <span class='ocr_line' id='line_1_18' title="bbox 765 1732 2339 1805; baseline 0.001 -20"><span class='ocrx_word' id='word_1_114' title='bbox 765 1742 946 1787; x_wconf 82' lang='lat' dir='ltr'><strong>autem</strong></span> <span class='ocrx_word' id='word_1_115' title='bbox 994 1733 1179 1787; x_wconf 86' lang='lat' dir='ltr'><strong>volens</strong></span> <span class='ocrx_word' id='word_1_116' title='bbox 1225 1732 1463 1805; x_wconf 73' lang='lat' dir='ltr'><strong>etiugere</strong></span> <span class='ocrx_word' id='word_1_117' title='bbox 1509 1735 1734 1803; x_wconf 81' lang='lat' dir='ltr'><strong>gloriam</strong></span> <span class='ocrx_word' id='word_1_118' title='bbox 1782 1749 1847 1787; x_wconf 81' lang='lat' dir='ltr'><strong>ex</strong></span> <span class='ocrx_word' id='word_1_119' title='bbox 1894 1736 2233 1797; x_wconf 90' lang='lat' dir='ltr'><strong>hominibus,</strong></span> <span class='ocrx_word' id='word_1_120' title='bbox 2285 1744 2339 1787; x_wconf 88' lang='lat' dir='ltr'><strong>et</strong></span> 
     </span>
    </p>
   </div>
   <div class='ocr_carea' id='block_1_19' title="bbox 764 1824 2340 1895">
    <p class='ocr_par' dir='ltr' id='par_1_19' title="bbox 764 1824 2340 1895">
     <span class='ocr_line' id='line_1_19' title="bbox 764 1824 2340 1895; baseline 0.001 -18"><span class='ocrx_word' id='word_1_121' title='bbox 764 1824 970 1877; x_wconf 78' lang='lat' dir='ltr'><strong>animas</strong></span> <span class='ocrx_word' id='word_1_122' title='bbox 1011 1824 1242 1879; x_wconf 86' lang='lat' dir='ltr'><strong>educere</strong></span> <span class='ocrx_word' id='word_1_123' title='bbox 1287 1841 1316 1879; x_wconf 92' lang='lat' dir='ltr'><strong>a</strong></span> <span class='ocrx_word' id='word_1_124' title='bbox 1346 1826 1621 1895; x_wconf 86' lang='lat' dir='ltr'><strong>peccatis,</strong></span> <span class='ocrx_word' id='word_1_125' title='bbox 1653 1827 1869 1894; x_wconf 89' lang='lat' dir='ltr'><strong>quando</strong></span> <span class='ocrx_word' id='word_1_126' title='bbox 1912 1834 2031 1879; x_wconf 91' lang='lat' dir='ltr'><strong>erat</strong></span> <span class='ocrx_word' id='word_1_127' title='bbox 2063 1826 2201 1892; x_wconf 91' lang='lat' dir='ltr'><strong>apud</strong></span> <span class='ocrx_word' id='word_1_128' title='bbox 2241 1825 2340 1879; x_wconf 61' lang='lat' dir='ltr'><strong>alio</strong></span> 
     </span>
    </p>
   </div>
   <div class='ocr_carea' id='block_1_20' title="bbox 2438 636 4022 709">
    <p class='ocr_par' dir='ltr' id='par_1_20' title="bbox 2438 636 4022 709">
     <span class='ocr_line' id='line_1_20' title="bbox 2438 636 4022 709; baseline 0.006 -22"><span class='ocrx_word' id='word_1_129' title='bbox 2438 636 2803 705; x_wconf 73' lang='grc' dir='ltr'>πορευόμενος</span> <span class='ocrx_word' id='word_1_130' title='bbox 2833 637 3001 689; x_wconf 84' lang='grc' dir='ltr'><strong>ἐδίδου</strong></span> <span class='ocrx_word' id='word_1_131' title='bbox 3025 676 3041 700; x_wconf 94' lang='grc'><strong>,</strong></span> <span class='ocrx_word' id='word_1_132' title='bbox 3066 638 3211 691; x_wconf 77' lang='grc' dir='ltr'><strong>Λάϐε</strong></span> <span class='ocrx_word' id='word_1_133' title='bbox 3236 640 3417 701; x_wconf 81' lang='grc' dir='ltr'>ταυτὶ,</span> <span class='ocrx_word' id='word_1_134' title='bbox 3443 638 3634 705; x_wconf 78' lang='grc' dir='ltr'>λέγων,</span> <span class='ocrx_word' id='word_1_135' title='bbox 3662 640 3756 693; x_wconf 81' lang='grc' dir='ltr'><strong>καὶ</strong></span> <span class='ocrx_word' id='word_1_136' title='bbox 3774 642 4022 709; x_wconf 71' lang='grc' dir='ltr'>τήρησάν</span> 
     </span>
    </p>
   </div>
   <div class='ocr_carea' id='block_1_21' title="bbox 2441 731 3589 801">
    <p class='ocr_par' dir='ltr' id='par_1_21' title="bbox 2441 731 3589 801">
     <span class='ocr_line' id='line_1_21' title="bbox 2441 731 3589 801; baseline 0.004 -21"><span class='ocrx_word' id='word_1_137' title='bbox 2441 746 2530 798; x_wconf 91' lang='grc' dir='ltr'><strong>μοι</strong></span> <span class='ocrx_word' id='word_1_138' title='bbox 2561 732 2626 799; x_wconf 80' lang='grc' dir='ltr'>τῇ</span> <span class='ocrx_word' id='word_1_139' title='bbox 2656 731 2811 783; x_wconf 58' lang='grc' dir='ltr'><strong>νυκτὶ⁸</strong></span> <span class='ocrx_word' id='word_1_140' title='bbox 2834 731 2959 800; x_wconf 81' lang='grc' dir='ltr'>τῇδε</span> <span class='ocrx_word' id='word_1_141' title='bbox 2996 732 3232 801; x_wconf 84' lang='grc' dir='ltr'>σεαυτὴν</span> <span class='ocrx_word' id='word_1_142' title='bbox 3268 733 3589 801; x_wconf 78' lang='grc' dir='ltr'>ἀμόλυντον.</span> 
     </span>
    </p>
   </div>
   <div class='ocr_carea' id='block_1_22' title="bbox 2506 903 4023 979">
    <p class='ocr_par' dir='ltr' id='par_1_22' title="bbox 2506 903 4023 979">
     <span class='ocr_line' id='line_1_22' title="bbox 2506 903 4023 979; baseline 0.002 -18"><span class='ocrx_word' id='word_1_143' title='bbox 2506 903 2578 961; x_wconf 66' lang='grc' dir='ltr'><strong>τῖ’.</strong></span> <span class='ocrx_word' id='word_1_144' title='bbox 2611 907 2715 959; x_wconf 72' lang='grc' dir='ltr'>Καὶ</span> <span class='ocrx_word' id='word_1_145' title='bbox 2749 906 2890 959; x_wconf 73' lang='grc' dir='ltr'>οὕτω</span> <span class='ocrx_word' id='word_1_146' title='bbox 2922 908 3092 960; x_wconf 82' lang='grc' dir='ltr'>ποιῶν</span> <span class='ocrx_word' id='word_1_147' title='bbox 3119 908 3350 962; x_wconf 80' lang='grc' dir='ltr'><strong>διετέλει</strong></span> <span class='ocrx_word' id='word_1_148' title='bbox 3382 911 3512 979; x_wconf 82' lang='grc' dir='ltr'>παρ’</span> <span class='ocrx_word' id='word_1_149' title='bbox 3546 911 3673 979; x_wconf 74' lang='grc' dir='ltr'>ὃλην</span> <span class='ocrx_word' id='word_1_150' title='bbox 3712 911 3812 979; x_wconf 69' lang='grc' dir='ltr'><strong>τὴν</strong></span> <span class='ocrx_word' id='word_1_151' title='bbox 3846 912 4023 964; x_wconf 80' lang='grc' dir='ltr'>νύκτα</span> 
     </span>
    </p>
   </div>
   <div class='ocr_carea' id='block_1_23' title="bbox 2437 998 4025 1071">
    <p class='ocr_par' dir='ltr' id='par_1_23' title="bbox 2437 998 4025 1071">
     <span class='ocr_line' id='line_1_23' title="bbox 2437 998 4025 1071; baseline 0.004 -22"><span class='ocrx_word' id='word_1_152' title='bbox 2437 998 2573 1067; x_wconf 76' lang='grc' dir='ltr'>πρὸς</span> <span class='ocrx_word' id='word_1_153' title='bbox 2612 1002 2677 1069; x_wconf 85' lang='grc' dir='ltr'>τῇ</span> <span class='ocrx_word' id='word_1_154' title='bbox 2719 999 2890 1068; x_wconf 80' lang='grc' dir='ltr'>γωνίᾳ</span> <span class='ocrx_word' id='word_1_155' title='bbox 2918 1000 3012 1051; x_wconf 89' lang='grc' dir='ltr'><strong>τοῦ</strong></span> <span class='ocrx_word' id='word_1_156' title='bbox 3060 1001 3410 1068; x_wconf 80' lang='grc' dir='ltr'>καταγωγίου</span> <span class='ocrx_word' id='word_1_157' title='bbox 3442 1005 3543 1071; x_wconf 77' lang='grc' dir='ltr'>τῆς</span> <span class='ocrx_word' id='word_1_158' title='bbox 3583 1004 3847 1070; x_wconf 78' lang='grc' dir='ltr'>γυναικὸς</span> <span class='ocrx_word' id='word_1_159' title='bbox 3878 1006 4025 1055; x_wconf 73' lang='grc' dir='ltr'>ὲκεί-</span> 
     </span>
    </p>
   </div>
   <div class='ocr_carea' id='block_1_24' title="bbox 2436 1094 4024 1165">
    <p class='ocr_par' dir='ltr' id='par_1_24' title="bbox 2436 1094 4024 1165">
     <span class='ocr_line' id='line_1_24' title="bbox 2436 1094 4024 1165; baseline 0.003 -21"><span class='ocrx_word' id='word_1_160' title='bbox 2436 1110 2533 1161; x_wconf 87' lang='grc' dir='ltr'>νης</span> <span class='ocrx_word' id='word_1_161' title='bbox 2586 1094 2895 1161; x_wconf 75' lang='grc' dir='ltr'>ἱστάμενος,</span> <span class='ocrx_word' id='word_1_162' title='bbox 2940 1094 3067 1160; x_wconf 77' lang='grc' dir='ltr'>γόνυ</span> <span class='ocrx_word' id='word_1_163' title='bbox 3100 1111 3157 1145; x_wconf 73' lang='grc' dir='ltr'><strong>τε</strong></span> <span class='ocrx_word' id='word_1_164' title='bbox 3212 1094 3431 1159; x_wconf 84' lang='grc' dir='ltr'>κλίνων,</span> <span class='ocrx_word' id='word_1_165' title='bbox 3484 1097 3579 1147; x_wconf 73' lang='grc' dir='ltr'><strong>καὶ</strong></span> <span class='ocrx_word' id='word_1_166' title='bbox 3630 1096 3731 1165; x_wconf 76' lang='grc' dir='ltr'><strong>τὴν</strong></span> <span class='ocrx_word' id='word_1_167' title='bbox 3764 1096 4024 1161; x_wconf 74' lang='grc' dir='ltr'>γλῶσσαν</span> 
     </span>
    </p>
   </div>
   <div class='ocr_carea' id='block_1_25' title="bbox 2438 1184 4026 1257">
    <p class='ocr_par' dir='ltr' id='par_1_25' title="bbox 2438 1184 4026 1257">
     <span class='ocr_line' id='line_1_25' title="bbox 2438 1184 4026 1257; baseline 0.003 -22"><span class='ocrx_word' id='word_1_168' title='bbox 2438 1184 2717 1236; x_wconf 77' lang='grc' dir='ltr'><strong>ἄπαυστον</strong></span> <span class='ocrx_word' id='word_1_169' title='bbox 2740 1188 2849 1247; x_wconf 84' lang='grc' dir='ltr'>τοῖς</span> <span class='ocrx_word' id='word_1_170' title='bbox 2881 1184 3115 1255; x_wconf 76' lang='grc' dir='ltr'>ψαλμοῖς</span> <span class='ocrx_word' id='word_1_171' title='bbox 3154 1186 3470 1256; x_wconf 79' lang='grc' dir='ltr'>ἐπιτρέπων</span> <span class='ocrx_word' id='word_1_172' title='bbox 3490 1230 3504 1251; x_wconf 93' lang='grc'><strong>,</strong></span> <span class='ocrx_word' id='word_1_173' title='bbox 3542 1188 3639 1239; x_wconf 75' lang='grc' dir='ltr'><strong>καὶ</strong></span> <span class='ocrx_word' id='word_1_174' title='bbox 3691 1190 3882 1257; x_wconf 84' lang='grc' dir='ltr'>χεῖρας</span> <span class='ocrx_word' id='word_1_175' title='bbox 3911 1190 4026 1239; x_wconf 75' lang='grc' dir='ltr'>ἰκε-</span> 
     </span>
    </p>
   </div>
   <div class='ocr_carea' id='block_1_26' title="bbox 2442 1274 4024 1346">
    <p class='ocr_par' dir='ltr' id='par_1_26' title="bbox 2442 1274 4024 1346">
     <span class='ocr_line' id='line_1_26' title="bbox 2442 1274 4024 1346; baseline 0.004 -22"><span class='ocrx_word' id='word_1_176' title='bbox 2442 1274 2585 1336; x_wconf 69' lang='grc' dir='ltr'>σίσυς</span> <span class='ocrx_word' id='word_1_177' title='bbox 2615 1277 2783 1345; x_wconf 78' lang='grc' dir='ltr'>αἴρων</span> <span class='ocrx_word' id='word_1_178' title='bbox 2811 1276 2951 1343; x_wconf 72' lang='grc' dir='ltr'>ὑπὲρ</span> <span class='ocrx_word' id='word_1_179' title='bbox 3017 1277 3185 1345; x_wconf 78' lang='grc' dir='ltr'>αὐτῆς</span> <span class='ocrx_word' id='word_1_180' title='bbox 3214 1278 3349 1346; x_wconf 69' lang='grc' dir='ltr'>πρὸς</span> <span class='ocrx_word' id='word_1_181' title='bbox 3401 1278 3558 1330; x_wconf 83' lang='grc' dir='ltr'>Θεόν·</span> <span class='ocrx_word' id='word_1_182' title='bbox 3586 1280 3753 1332; x_wconf 77' lang='grc' dir='ltr'>ἕωθεν</span> <span class='ocrx_word' id='word_1_183' title='bbox 3775 1281 3831 1332; x_wconf 78' lang='grc' dir='ltr'>δὲ</span> <span class='ocrx_word' id='word_1_184' title='bbox 3859 1281 4024 1345; x_wconf 73' lang='grc' dir='ltr'>ἐξιὼν</span> 
     </span>
    </p>
   </div>
   <div class='ocr_carea' id='block_1_27' title="bbox 2436 1367 4024 1439">
    <p class='ocr_par' dir='ltr' id='par_1_27' title="bbox 2436 1367 4024 1439">
     <span class='ocr_line' id='line_1_27' title="bbox 2436 1367 4024 1439; baseline 0.003 -22"><span class='ocrx_word' id='word_1_185' title='bbox 2436 1367 2616 1430; x_wconf 79' lang='grc' dir='ltr'><strong>ὅρκοις</strong></span> <span class='ocrx_word' id='word_1_186' title='bbox 2656 1367 2827 1431; x_wconf 82' lang='grc' dir='ltr'>αὐτὴν</span> <span class='ocrx_word' id='word_1_187' title='bbox 2888 1367 3266 1435; x_wconf 79' lang='grc' dir='ltr'>κατελάμϐανε</span> <span class='ocrx_word' id='word_1_188' title='bbox 3334 1369 3526 1439; x_wconf 77' lang='grc' dir='ltr'>μηδενὶ</span> <span class='ocrx_word' id='word_1_189' title='bbox 3585 1370 3744 1422; x_wconf 84' lang='grc' dir='ltr'>τοῦτο</span> <span class='ocrx_word' id='word_1_190' title='bbox 3793 1371 4024 1439; x_wconf 78' lang='grc' dir='ltr'>ποιῆσαι</span> 
     </span>
    </p>
   </div>
   <div class='ocr_carea' id='block_1_28' title="bbox 2439 1458 4021 1531">
    <p class='ocr_par' dir='ltr' id='par_1_28' title="bbox 2439 1458 4021 1531">
     <span class='ocr_line' id='line_1_28' title="bbox 2439 1458 4021 1531; baseline 0.004 -22"><span class='ocrx_word' id='word_1_191' title='bbox 2439 1458 2765 1527; x_wconf 78' lang='grc' dir='ltr'>καταφανές.</span> <span class='ocrx_word' id='word_1_192' title='bbox 2814 1459 2959 1512; x_wconf 75' lang='grc' dir='ltr'>Μίαν</span> <span class='ocrx_word' id='word_1_193' title='bbox 3012 1462 3190 1511; x_wconf 83' lang='grc' dir='ltr'>τοίνυν</span> <span class='ocrx_word' id='word_1_194' title='bbox 3236 1460 3415 1512; x_wconf 67' lang='grc' dir='ltr'>αὐτῶν</span> <span class='ocrx_word' id='word_1_195' title='bbox 3453 1463 3857 1531; x_wconf 70' lang='grc' dir='ltr'><strong>περιφρονῆσαι</strong></span> <span class='ocrx_word' id='word_1_196' title='bbox 3894 1468 4021 1523; x_wconf 51' lang='grc' dir='ltr'>τοις</span> 
     </span>
    </p>
   </div>
   <div class='ocr_carea' id='block_1_29' title="bbox 2439 1550 4021 1624">
    <p class='ocr_par' dir='ltr' id='par_1_29' title="bbox 2439 1550 4021 1624">
     <span class='ocr_line' id='line_1_29' title="bbox 2439 1550 4021 1624; baseline 0.001 -23"><span class='ocrx_word' id='word_1_197' title='bbox 2439 1550 2633 1618; x_wconf 79' lang='grc' dir='ltr'>ὅρκους</span> <span class='ocrx_word' id='word_1_198' title='bbox 2664 1550 3015 1620; x_wconf 67' lang='grc' dir='ltr'>τολμήσασαν</span> <span class='ocrx_word' id='word_1_199' title='bbox 3046 1554 3142 1603; x_wconf 74' lang='grc' dir='ltr'><strong>καὶ</strong></span> <span class='ocrx_word' id='word_1_200' title='bbox 3167 1552 3304 1621; x_wconf 79' lang='grc' dir='ltr'>δῆλα</span> <span class='ocrx_word' id='word_1_201' title='bbox 3354 1554 3419 1606; x_wconf 70' lang='grc' dir='ltr'><strong>τὰ</strong></span> <span class='ocrx_word' id='word_1_202' title='bbox 3481 1555 3771 1624; x_wconf 75' lang='grc' dir='ltr'>ἀπόρῤητα</span> <span class='ocrx_word' id='word_1_203' title='bbox 3805 1555 4021 1614; x_wconf 74' lang='grc' dir='ltr'>θεσθαι,</span> 
     </span>
    </p>
   </div>
   <div class='ocr_carea' id='block_1_30' title="bbox 2438 1641 4024 1713">
    <p class='ocr_par' dir='ltr' id='par_1_30' title="bbox 2438 1641 4024 1713">
     <span class='ocr_line' id='line_1_30' title="bbox 2438 1641 4024 1713; baseline 0.002 -21"><span class='ocrx_word' id='word_1_204' title='bbox 2438 1641 2651 1709; x_wconf 74' lang='grc' dir='ltr'>δαίμονι</span> <span class='ocrx_word' id='word_1_205' title='bbox 2681 1644 2915 1711; x_wconf 73' lang='grc' dir='ltr'>κάτοχον</span> <span class='ocrx_word' id='word_1_206' title='bbox 2958 1642 3046 1695; x_wconf 73' lang='grc' dir='ltr'>διὰ</span> <span class='ocrx_word' id='word_1_207' title='bbox 3080 1645 3389 1712; x_wconf 79' lang='grc' dir='ltr'>προσευχῆς</span> <span class='ocrx_word' id='word_1_208' title='bbox 3439 1648 3467 1697; x_wconf 85' lang='grc' dir='ltr'>ὁ</span> <span class='ocrx_word' id='word_1_209' title='bbox 3511 1644 3689 1713; x_wconf 80' lang='grc' dir='ltr'>γέρων</span> <span class='ocrx_word' id='word_1_210' title='bbox 3738 1649 3908 1695; x_wconf 82' lang='grc' dir='ltr'>ποιεῖ·</span> <span class='ocrx_word' id='word_1_211' title='bbox 3946 1646 4024 1705; x_wconf 75' lang='grc' dir='ltr'>ὡς</span> 
     </span>
    </p>
   </div>
   <div class='ocr_carea' id='block_1_31' title="bbox 2445 1734 4021 1805">
    <p class='ocr_par' dir='ltr' id='par_1_31' title="bbox 2445 1734 4021 1805">
     <span class='ocr_line' id='line_1_31' title="bbox 2445 1734 4021 1805; baseline 0.001 -21"><span class='ocrx_word' id='word_1_212' title='bbox 2445 1734 2641 1803; x_wconf 79' lang='grc' dir='ltr'>μηκέτι</span> <span class='ocrx_word' id='word_1_213' title='bbox 2684 1735 2791 1785; x_wconf 81' lang='grc' dir='ltr'>τῶν</span> <span class='ocrx_word' id='word_1_214' title='bbox 2832 1734 3008 1787; x_wconf 82' lang='grc' dir='ltr'>ἄλλων</span> <span class='ocrx_word' id='word_1_215' title='bbox 3052 1735 3328 1804; x_wconf 79' lang='grc' dir='ltr'>μηδεμίαν</span> <span class='ocrx_word' id='word_1_216' title='bbox 3361 1736 3633 1805; x_wconf 78' lang='grc' dir='ltr'>τολμῆσαι</span> <span class='ocrx_word' id='word_1_217' title='bbox 3660 1736 3873 1804; x_wconf 82' lang='grc' dir='ltr'>ἔκφορα</span> <span class='ocrx_word' id='word_1_218' title='bbox 3927 1737 4021 1787; x_wconf 80' lang='grc' dir='ltr'><strong>τοῦ</strong></span> 
     </span>
    </p>
   </div>
   <div class='ocr_carea' id='block_1_32' title="bbox 2441 1821 4022 1893">
    <p class='ocr_par' dir='ltr' id='par_1_32' title="bbox 2441 1821 4022 1893">
     <span class='ocr_line' id='line_1_32' title="bbox 2441 1821 4022 1893; baseline 0.001 -20"><span class='ocrx_word' id='word_1_219' title='bbox 2441 1821 2630 1873; x_wconf 80' lang='grc' dir='ltr'>λοιποῦ</span> <span class='ocrx_word' id='word_1_220' title='bbox 2688 1822 2756 1873; x_wconf 78' lang='grc' dir='ltr'><strong>τα</strong></span> <span class='ocrx_word' id='word_1_221' title='bbox 2791 1824 2932 1874; x_wconf 74' lang='grc' dir='ltr'>κατα</span> <span class='ocrx_word' id='word_1_222' title='bbox 2987 1823 3078 1874; x_wconf 69' lang='grc' dir='ltr'>τὸν</span> <span class='ocrx_word' id='word_1_223' title='bbox 3129 1823 3292 1875; x_wconf 82' lang='grc' dir='ltr'>αὑτοῦ</span> <span class='ocrx_word' id='word_1_224' title='bbox 3328 1823 3441 1892; x_wconf 75' lang='grc' dir='ltr'>βίον</span> <span class='ocrx_word' id='word_1_225' title='bbox 3472 1825 3732 1893; x_wconf 77' lang='grc' dir='ltr'>ποιῆσαι·</span> <span class='ocrx_word' id='word_1_226' title='bbox 3770 1826 3932 1886; x_wconf 74' lang='grc' dir='ltr'>αὐτὸς</span> <span class='ocrx_word' id='word_1_227' title='bbox 3964 1828 4022 1877; x_wconf 69' lang='grc' dir='ltr'>δὲ</span> 
     </span>
    </p>
   </div>
   <div class='ocr_carea' id='block_1_33' title="bbox 761 1900 2340 1987">
    <p class='ocr_par' dir='ltr' id='par_1_33' title="bbox 761 1917 2335 1987">
     <span class='ocr_line' id='line_1_33' title="bbox 761 1917 2335 1987; baseline 0 -21"><span class='ocrx_word' id='word_1_228' title='bbox 761 1931 924 1983; x_wconf 85' lang='lat' dir='ltr'><strong>quem</strong></span> <span class='ocrx_word' id='word_1_229' title='bbox 974 1918 1377 1980; x_wconf 85' lang='lat' dir='ltr'><strong>mercenarius,</strong></span> <span class='ocrx_word' id='word_1_230' title='bbox 1423 1918 1694 1987; x_wconf 84' lang='lat' dir='ltr'><strong>accipiens</strong></span> <span class='ocrx_word' id='word_1_231' title='bbox 1733 1919 1874 1985; x_wconf 90' lang='lat' dir='ltr'><strong>quod</strong></span> <span class='ocrx_word' id='word_1_232' title='bbox 1916 1918 2100 1970; x_wconf 90' lang='lat' dir='ltr'><strong>datum</strong></span> <span class='ocrx_word' id='word_1_233' title='bbox 2141 1917 2335 1981; x_wconf 81' lang='lat' dir='ltr'><strong>fuerat,</strong></span> 
     </span>
    </p>
   </div>
   <div class='ocr_carea' id='block_1_34' title="bbox 2445 1900 4026 1987">
    <p class='ocr_par' dir='ltr' id='par_1_34' title="bbox 2445 1912 4026 1985">
     <span class='ocr_line' id='line_1_34' title="bbox 2445 1912 4026 1985; baseline 0.001 -21"><span class='ocrx_word' id='word_1_234' title='bbox 2445 1912 2754 1979; x_wconf 77' lang='grc' dir='ltr'>διαφεύγειν</span> <span class='ocrx_word' id='word_1_235' title='bbox 2784 1914 2883 1983; x_wconf 82' lang='grc' dir='ltr'>τὴν</span> <span class='ocrx_word' id='word_1_236' title='bbox 2917 1913 2975 1976; x_wconf 74' lang='grc' dir='ltr'>ἐξ</span> <span class='ocrx_word' id='word_1_237' title='bbox 3017 1912 3321 1981; x_wconf 81' lang='grc' dir='ltr'>ἀνθρώπιον</span> <span class='ocrx_word' id='word_1_238' title='bbox 3352 1915 3508 1979; x_wconf 74' lang='grc' dir='ltr'>δόξαν</span> <span class='ocrx_word' id='word_1_239' title='bbox 3555 1916 3901 1985; x_wconf 77' lang='grc' dir='ltr'>βουλόμενος.</span> <span class='ocrx_word' id='word_1_240' title='bbox 3932 1918 4026 1968; x_wconf 69' lang='grc' dir='ltr'>καὶ</span> 
     </span>
    </p>
   </div>
   <div class='ocr_carea' id='block_1_35' title="bbox 764 2008 2338 2078">
    <p class='ocr_par' dir='ltr' id='par_1_35' title="bbox 764 2008 2338 2078">
     <span class='ocr_line' id='line_1_35' title="bbox 764 2008 2338 2078; baseline 0.001 -18"><span class='ocrx_word' id='word_1_241' title='bbox 764 2023 887 2060; x_wconf 89' lang='lat' dir='ltr'><strong>cum</strong></span> <span class='ocrx_word' id='word_1_242' title='bbox 910 2018 1053 2061; x_wconf 88' lang='lat' dir='ltr'><strong>esset</strong></span> <span class='ocrx_word' id='word_1_243' title='bbox 1079 2008 1348 2072; x_wconf 89' lang='lat' dir='ltr'><strong>abiturus,</strong></span> <span class='ocrx_word' id='word_1_244' title='bbox 1380 2010 1611 2078; x_wconf 77' lang='lat' dir='ltr'><strong>ﬁngebat</strong></span> <span class='ocrx_word' id='word_1_245' title='bbox 1637 2010 1776 2077; x_wconf 88' lang='lat' dir='ltr'><strong>apud</strong></span> <span class='ocrx_word' id='word_1_246' title='bbox 1801 2023 1859 2063; x_wconf 78' lang='lat' dir='ltr'><strong>se</strong></span> <span class='ocrx_word' id='word_1_247' title='bbox 1883 2009 2063 2063; x_wconf 87' lang='lat' dir='ltr'><strong>dicere</strong></span> <span class='ocrx_word' id='word_1_248' title='bbox 2085 2009 2338 2061; x_wconf 83' lang='lat' dir='ltr'><strong>omnibus</strong></span> 
     </span>
    </p>
   </div>
   <div class='ocr_carea' id='block_1_36' title="bbox 769 2100 2338 2171">
    <p class='ocr_par' dir='ltr' id='par_1_36' title="bbox 769 2100 2338 2171">
     <span class='ocr_line' id='line_1_36' title="bbox 769 2100 2338 2171; baseline 0.002 -21"><span class='ocrx_word' id='word_1_249' title='bbox 769 2102 1118 2155; x_wconf 81' lang='lat' dir='ltr'><strong>audientibus</strong></span> <span class='ocrx_word' id='word_1_250' title='bbox 1164 2120 1175 2154; x_wconf 93' lang='lat'>:</span> <span class='ocrx_word' id='word_1_251' title='bbox 1230 2105 1505 2157; x_wconf 80' lang='lat' dir='ltr'><strong>Abeamus</strong></span> <span class='ocrx_word' id='word_1_252' title='bbox 1556 2104 1667 2171; x_wconf 90' lang='lat' dir='ltr'><strong>jam</strong></span> <span class='ocrx_word' id='word_1_253' title='bbox 1728 2102 1912 2155; x_wconf 78' lang='lat' dir='ltr'><strong>infelix</strong></span> <span class='ocrx_word' id='word_1_254' title='bbox 1970 2116 2157 2156; x_wconf 85' lang='lat' dir='ltr'><strong>senex.</strong></span> <span class='ocrx_word' id='word_1_255' title='bbox 2216 2100 2338 2154; x_wconf 84' lang='lat' dir='ltr'><strong>Scis</strong></span> 
     </span>
    </p>
   </div>
   <div class='ocr_carea' id='block_1_37' title="bbox 766 2191 2338 2263">
    <p class='ocr_par' dir='ltr' id='par_1_37' title="bbox 766 2191 2338 2263">
     <span class='ocr_line' id='line_1_37' title="bbox 766 2191 2338 2263; baseline 0.003 -22"><span class='ocrx_word' id='word_1_256' title='bbox 766 2191 931 2256; x_wconf 82' lang='lat' dir='ltr'><strong>enim,</strong></span> <span class='ocrx_word' id='word_1_257' title='bbox 974 2194 1113 2260; x_wconf 90' lang='lat' dir='ltr'><strong>quod</strong></span> <span class='ocrx_word' id='word_1_258' title='bbox 1158 2192 1246 2246; x_wconf 90' lang='lat' dir='ltr'><strong>illa</strong></span> <span class='ocrx_word' id='word_1_259' title='bbox 1288 2204 1338 2248; x_wconf 91' lang='lat' dir='ltr'><strong>te</strong></span> <span class='ocrx_word' id='word_1_260' title='bbox 1365 2204 1641 2263; x_wconf 76' lang='lat' dir='ltr'><strong>exspectat</strong></span> <span class='ocrx_word' id='word_1_261' title='bbox 1669 2217 1680 2248; x_wconf 83' lang='lat'><strong>;</strong></span> <span class='ocrx_word' id='word_1_262' title='bbox 1714 2194 1859 2248; x_wconf 85' lang='lat' dir='ltr'><strong>illam</strong></span> <span class='ocrx_word' id='word_1_263' title='bbox 1891 2194 2239 2262; x_wconf 65' lang='lat' dir='ltr'><strong>significans,</strong></span> <span class='ocrx_word' id='word_1_264' title='bbox 2271 2192 2338 2245; x_wconf 90' lang='lat' dir='ltr'><strong>ad</strong></span> 
     </span>
    </p>
   </div>
   <div class='ocr_carea' id='block_1_38' title="bbox 765 2282 2339 2350">
    <p class='ocr_par' dir='ltr' id='par_1_38' title="bbox 765 2282 2339 2350">
     <span class='ocr_line' id='line_1_38' title="bbox 765 2282 2339 2350; baseline 0.007 -25"><span class='ocrx_word' id='word_1_265' title='bbox 765 2294 931 2344; x_wconf 81' lang='lat' dir='ltr'><strong>quam</strong></span> <span class='ocrx_word' id='word_1_266' title='bbox 968 2290 1086 2334; x_wconf 89' lang='lat' dir='ltr'><strong>erat</strong></span> <span class='ocrx_word' id='word_1_267' title='bbox 1130 2282 1465 2338; x_wconf 89' lang='lat' dir='ltr'><strong>diversurus.</strong></span> <span class='ocrx_word' id='word_1_268' title='bbox 1512 2284 1593 2338; x_wconf 87' lang='lat' dir='ltr'><strong>Ad</strong></span> <span class='ocrx_word' id='word_1_269' title='bbox 1637 2298 1730 2337; x_wconf 90' lang='lat' dir='ltr'><strong>eos</strong></span> <span class='ocrx_word' id='word_1_270' title='bbox 1781 2293 1980 2349; x_wconf 87' lang='lat' dir='ltr'><strong>autem,</strong></span> <span class='ocrx_word' id='word_1_271' title='bbox 2022 2283 2112 2350; x_wconf 91' lang='lat' dir='ltr'><strong>qui</strong></span> <span class='ocrx_word' id='word_1_272' title='bbox 2145 2283 2339 2336; x_wconf 92' lang='lat' dir='ltr'><strong>irride-</strong></span> 
     </span>
    </p>
   </div>
   <div class='ocr_carea' id='block_1_39' title="bbox 763 2371 2342 2443">
    <p class='ocr_par' dir='ltr' id='par_1_39' title="bbox 763 2371 2342 2443">
     <span class='ocr_line' id='line_1_39' title="bbox 763 2371 2342 2443; baseline 0.003 -18"><span class='ocrx_word' id='word_1_273' title='bbox 763 2371 894 2425; x_wconf 92' lang='lat' dir='ltr'><strong>baut</strong></span> <span class='ocrx_word' id='word_1_274' title='bbox 927 2383 980 2426; x_wconf 90' lang='lat' dir='ltr'><strong>et</strong></span> <span class='ocrx_word' id='word_1_275' title='bbox 1014 2387 1135 2427; x_wconf 93' lang='lat' dir='ltr'><strong>eum</strong></span> <span class='ocrx_word' id='word_1_276' title='bbox 1167 2375 1379 2443; x_wconf 86' lang='lat' dir='ltr'><strong>probris</strong></span> <span class='ocrx_word' id='word_1_277' title='bbox 1419 2392 1483 2431; x_wconf 91' lang='lat' dir='ltr'><strong>ac</strong></span> <span class='ocrx_word' id='word_1_278' title='bbox 1526 2376 1827 2430; x_wconf 87' lang='lat' dir='ltr'><strong>maledictis</strong></span> <span class='ocrx_word' id='word_1_279' title='bbox 1872 2375 2238 2442; x_wconf 90' lang='lat' dir='ltr'><strong>impetcbaut,</strong></span> <span class='ocrx_word' id='word_1_280' title='bbox 2282 2388 2342 2429; x_wconf 89' lang='lat' dir='ltr'><strong>se</strong></span> 
     </span>
    </p>
   </div>
   <div class='ocr_carea' id='block_1_40' title="bbox 767 2466 2341 2537">
    <p class='ocr_par' dir='ltr' id='par_1_40' title="bbox 767 2466 2341 2537">
     <span class='ocr_line' id='line_1_40' title="bbox 767 2466 2341 2537; baseline 0.001 -21"><span class='ocrx_word' id='word_1_281' title='bbox 767 2477 1055 2529; x_wconf 80' lang='lat' dir='ltr'><strong>exettsaus,</strong></span> <span class='ocrx_word' id='word_1_282' title='bbox 1103 2475 1353 2534; x_wconf 89' lang='lat' dir='ltr'><strong>tanquam</strong></span> <span class='ocrx_word' id='word_1_283' title='bbox 1406 2482 1501 2535; x_wconf 93' lang='lat' dir='ltr'><strong>pro</strong></span> <span class='ocrx_word' id='word_1_284' title='bbox 1555 2467 1729 2532; x_wconf 91' lang='lat' dir='ltr'><strong>mala,</strong></span> <span class='ocrx_word' id='word_1_285' title='bbox 1773 2482 1891 2537; x_wconf 69' lang='lat' dir='ltr'><strong>quae</strong></span> <span class='ocrx_word' id='word_1_286' title='bbox 1931 2466 2090 2521; x_wconf 82' lang='lat' dir='ltr'><strong>fiebat</strong></span> <span class='ocrx_word' id='word_1_287' title='bbox 2131 2480 2341 2530; x_wconf 81' lang='lat' dir='ltr'><strong>revera,</strong></span> 
     </span>
    </p>
   </div>
   <div class='ocr_carea' id='block_1_41' title="bbox 784 2553 2343 2627">
    <p class='ocr_par' dir='ltr' id='par_1_41' title="bbox 784 2553 2343 2627">
     <span class='ocr_line' id='line_1_41' title="bbox 784 2553 2343 2627; baseline 0.004 -23"><span class='ocrx_word' id='word_1_288' title='bbox 784 2554 994 2608; x_wconf 84' lang='lat' dir='ltr'><strong>actione</strong></span> <span class='ocrx_word' id='word_1_289' title='bbox 1038 2578 1048 2609; x_wconf 86' lang='lat'>:</span> <span class='ocrx_word' id='word_1_290' title='bbox 1088 2553 1229 2619; x_wconf 81' lang='lat' dir='ltr'><strong>Quid</strong></span> <span class='ocrx_word' id='word_1_291' title='bbox 1271 2558 1436 2611; x_wconf 85' lang='lat' dir='ltr'><strong>vero?</strong></span> <span class='ocrx_word' id='word_1_292' title='bbox 1481 2572 1661 2611; x_wconf 88' lang='lat' dir='ltr'><strong>annon</strong></span> <span class='ocrx_word' id='word_1_293' title='bbox 1716 2572 1817 2627; x_wconf 89' lang='lat' dir='ltr'><strong>ego</strong></span> <span class='ocrx_word' id='word_1_294' title='bbox 1860 2570 2074 2625; x_wconf 91' lang='lat' dir='ltr'><strong>quoque</strong></span> <span class='ocrx_word' id='word_1_295' title='bbox 2112 2571 2231 2611; x_wconf 86' lang='lat' dir='ltr'><strong>sum</strong></span> <span class='ocrx_word' id='word_1_296' title='bbox 2276 2570 2343 2608; x_wconf 78' lang='lat' dir='ltr'><strong>ex</strong></span> 
     </span>
    </p>
   </div>
   <div class='ocr_carea' id='block_1_42' title="bbox 770 2642 2342 2719">
    <p class='ocr_par' dir='ltr' id='par_1_42' title="bbox 770 2642 2342 2719">
     <span class='ocr_line' id='line_1_42' title="bbox 770 2642 2342 2719; baseline 0.002 -21"><span class='ocrx_word' id='word_1_297' title='bbox 770 2642 857 2705; x_wconf 86' lang='lat' dir='ltr'><strong>iis,</strong></span> <span class='ocrx_word' id='word_1_298' title='bbox 892 2646 982 2714; x_wconf 88' lang='lat' dir='ltr'><strong>qui</strong></span> <span class='ocrx_word' id='word_1_299' title='bbox 1012 2661 1229 2701; x_wconf 87' lang='lat' dir='ltr'><strong>carnem</strong></span> <span class='ocrx_word' id='word_1_300' title='bbox 1264 2659 1496 2719; x_wconf 86' lang='lat' dir='ltr'><strong>gestant,</strong></span> <span class='ocrx_word' id='word_1_301' title='bbox 1540 2659 1594 2703; x_wconf 93' lang='lat' dir='ltr'><strong>et</strong></span> <span class='ocrx_word' id='word_1_302' title='bbox 1620 2650 1818 2703; x_wconf 91' lang='lat' dir='ltr'><strong>cedunt</strong></span> <span class='ocrx_word' id='word_1_303' title='bbox 1845 2650 1962 2719; x_wconf 88' lang='lat' dir='ltr'><strong>ejus</strong></span> <span class='ocrx_word' id='word_1_304' title='bbox 1994 2648 2237 2717; x_wconf 83' lang='lat' dir='ltr'><strong>legibus?</strong></span> <span class='ocrx_word' id='word_1_305' title='bbox 2262 2648 2342 2701; x_wconf 80' lang='lat' dir='ltr'><strong>An</strong></span> 
     </span>
    </p>
   </div>
   <div class='ocr_carea' id='block_1_43' title="bbox 768 2740 2342 2809">
    <p class='ocr_par' dir='ltr' id='par_1_43' title="bbox 768 2740 2342 2809">
     <span class='ocr_line' id='line_1_43' title="bbox 768 2740 2342 2809; baseline 0.002 -18"><span class='ocrx_word' id='word_1_306' title='bbox 768 2740 899 2793; x_wconf 83' lang='lat' dir='ltr'><strong>solis</strong></span> <span class='ocrx_word' id='word_1_307' title='bbox 926 2740 1255 2803; x_wconf 85' lang='lat' dir='ltr'><strong>prohibitum</strong></span> <span class='ocrx_word' id='word_1_308' title='bbox 1289 2752 1368 2795; x_wconf 89' lang='lat' dir='ltr'><strong>est</strong></span> <span class='ocrx_word' id='word_1_309' title='bbox 1398 2743 1678 2796; x_wconf 85' lang='lat' dir='ltr'><strong>monachis</strong></span> <span class='ocrx_word' id='word_1_310' title='bbox 1713 2758 1933 2796; x_wconf 88' lang='lat' dir='ltr'><strong>manere</strong></span> <span class='ocrx_word' id='word_1_311' title='bbox 1962 2754 2113 2796; x_wconf 83' lang='lat' dir='ltr'><strong>extra</strong></span> <span class='ocrx_word' id='word_1_312' title='bbox 2145 2756 2342 2809; x_wconf 91' lang='lat' dir='ltr'><strong>corpo-</strong></span> 
     </span>
    </p>
   </div>
   <div class='ocr_carea' id='block_1_44' title="bbox 769 2834 2345 2905">
    <p class='ocr_par' dir='ltr' id='par_1_44' title="bbox 769 2834 2345 2905">
     <span class='ocr_line' id='line_1_44' title="bbox 769 2834 2345 2905; baseline -0.001 -18"><span class='ocrx_word' id='word_1_313' title='bbox 769 2836 845 2887; x_wconf 87' lang='lat' dir='ltr'><strong>ris</strong></span> <span class='ocrx_word' id='word_1_314' title='bbox 881 2834 1184 2901; x_wconf 79' lang='lat' dir='ltr'><strong>voluptates</strong></span> <span class='ocrx_word' id='word_1_315' title='bbox 1210 2834 1232 2885; x_wconf 87' lang='lat'><strong>?</strong></span> <span class='ocrx_word' id='word_1_316' title='bbox 1263 2848 1365 2887; x_wconf 93' lang='lat' dir='ltr'><strong>non</strong></span> <span class='ocrx_word' id='word_1_317' title='bbox 1393 2844 1519 2890; x_wconf 90' lang='lat' dir='ltr'><strong>sunt</strong></span> <span class='ocrx_word' id='word_1_318' title='bbox 1554 2836 1652 2905; x_wconf 90' lang='lat' dir='ltr'><strong>ipsi</strong></span> <span class='ocrx_word' id='word_1_319' title='bbox 1684 2851 1897 2905; x_wconf 89' lang='lat' dir='ltr'><strong>quoque</strong></span> <span class='ocrx_word' id='word_1_320' title='bbox 1928 2835 2221 2905; x_wconf 84' lang='lat' dir='ltr'><strong>participes</strong></span> <span class='ocrx_word' id='word_1_321' title='bbox 2249 2848 2345 2886; x_wconf 84' lang='lat' dir='ltr'><strong>na-</strong></span> 
     </span>
    </p>
   </div>
   <div class='ocr_carea' id='block_1_45' title="bbox 771 2925 2345 2997">
    <p class='ocr_par' dir='ltr' id='par_1_45' title="bbox 771 2925 2345 2997">
     <span class='ocr_line' id='line_1_45' title="bbox 771 2925 2345 2997; baseline 0 -19"><span class='ocrx_word' id='word_1_322' title='bbox 771 2927 1026 2979; x_wconf 87' lang='lat' dir='ltr'><strong>turalium</strong></span> <span class='ocrx_word' id='word_1_323' title='bbox 1066 2925 1446 2993; x_wconf 71' lang='lat' dir='ltr'><strong>affectionum,</strong></span> <span class='ocrx_word' id='word_1_324' title='bbox 1479 2930 1730 2982; x_wconf 80' lang='lat' dir='ltr'><strong>similiter</strong></span> <span class='ocrx_word' id='word_1_325' title='bbox 1771 2938 1933 2997; x_wconf 89' lang='lat' dir='ltr'><strong>atque</strong></span> <span class='ocrx_word' id='word_1_326' title='bbox 1974 2928 2101 2980; x_wconf 84' lang='lat' dir='ltr'><strong>alii?</strong></span> <span class='ocrx_word' id='word_1_327' title='bbox 2146 2925 2345 2979; x_wconf 88' lang='lat' dir='ltr'><strong>Deinde</strong></span> 
     </span>
    </p>
   </div>
   <div class='ocr_carea' id='block_1_46' title="bbox 771 3016 2347 3087">
    <p class='ocr_par' dir='ltr' id='par_1_46' title="bbox 771 3016 2347 3087">
     <span class='ocr_line' id='line_1_46' title="bbox 771 3016 2347 3087; baseline -0.001 -16"><span class='ocrx_word' id='word_1_328' title='bbox 771 3019 1093 3087; x_wconf 88' lang='lat' dir='ltr'><strong>quibusdam</strong></span> <span class='ocrx_word' id='word_1_329' title='bbox 1130 3020 1535 3074; x_wconf 83' lang='lat' dir='ltr'><strong>consulentibus</strong></span> <span class='ocrx_word' id='word_1_330' title='bbox 1568 3032 1620 3074; x_wconf 92' lang='lat' dir='ltr'><strong>et</strong></span> <span class='ocrx_word' id='word_1_331' title='bbox 1653 3020 1958 3075; x_wconf 89' lang='lat' dir='ltr'><strong>dicentibus</strong></span> <span class='ocrx_word' id='word_1_332' title='bbox 1990 3036 2001 3074; x_wconf 90' lang='lat'>:</span> <span class='ocrx_word' id='word_1_333' title='bbox 2035 3017 2205 3072; x_wconf 88' lang='lat' dir='ltr'><strong>Unam</strong></span> <span class='ocrx_word' id='word_1_334' title='bbox 2241 3016 2347 3071; x_wconf 89' lang='lat' dir='ltr'><strong>sal-</strong></span> 
     </span>
    </p>
   </div>
   <div class='ocr_carea' id='block_1_47' title="bbox 772 3108 2343 3183">
    <p class='ocr_par' dir='ltr' id='par_1_47' title="bbox 772 3108 2343 3183">
     <span class='ocr_line' id='line_1_47' title="bbox 772 3108 2343 3183; baseline -0.002 -19"><span class='ocrx_word' id='word_1_335' title='bbox 772 3123 878 3165; x_wconf 86' lang='lat' dir='ltr'><strong>tem</strong></span> <span class='ocrx_word' id='word_1_336' title='bbox 909 3113 1002 3165; x_wconf 86' lang='lat' dir='ltr'><strong>tibi</strong></span> <span class='ocrx_word' id='word_1_337' title='bbox 1034 3114 1235 3183; x_wconf 86' lang='lat' dir='ltr'><strong>accipe,</strong></span> <span class='ocrx_word' id='word_1_338' title='bbox 1265 3126 1473 3168; x_wconf 90' lang='lat' dir='ltr'><strong>mutato</strong></span> <span class='ocrx_word' id='word_1_339' title='bbox 1504 3114 1717 3177; x_wconf 90' lang='lat' dir='ltr'><strong>vestitu,</strong></span> <span class='ocrx_word' id='word_1_340' title='bbox 1750 3124 1802 3168; x_wconf 88' lang='lat' dir='ltr'><strong>et</strong></span> <span class='ocrx_word' id='word_1_341' title='bbox 1832 3129 1899 3167; x_wconf 87' lang='lat' dir='ltr'><strong>ne</strong></span> <span class='ocrx_word' id='word_1_342' title='bbox 1922 3114 1996 3166; x_wconf 91' lang='lat' dir='ltr'><strong>sis</strong></span> <span class='ocrx_word' id='word_1_343' title='bbox 2023 3122 2128 3163; x_wconf 92' lang='lat' dir='ltr'><strong>tam</strong></span> <span class='ocrx_word' id='word_1_344' title='bbox 2159 3108 2343 3162; x_wconf 88' lang='lat' dir='ltr'><strong>multis</strong></span> 
     </span>
    </p>
   </div>
   <div class='ocr_carea' id='block_1_48' title="bbox 770 3202 2338 3274">
    <p class='ocr_par' dir='ltr' id='par_1_48' title="bbox 770 3202 2338 3274">
     <span class='ocr_line' id='line_1_48' title="bbox 770 3202 2338 3274; baseline -0.003 -18"><span class='ocrx_word' id='word_1_345' title='bbox 770 3202 1088 3266; x_wconf 78' lang='lat' dir='ltr'><strong>offensioni,</strong></span> <span class='ocrx_word' id='word_1_346' title='bbox 1148 3213 1206 3257; x_wconf 93' lang='lat' dir='ltr'><strong>ut</strong></span> <span class='ocrx_word' id='word_1_347' title='bbox 1249 3220 1422 3274; x_wconf 80' lang='lat' dir='ltr'><strong>neque</strong></span> <span class='ocrx_word' id='word_1_348' title='bbox 1475 3206 1615 3258; x_wconf 86' lang='lat' dir='ltr'><strong>Deus</strong></span> <span class='ocrx_word' id='word_1_349' title='bbox 1663 3219 1760 3274; x_wconf 83' lang='lat' dir='ltr'><strong>per</strong></span> <span class='ocrx_word' id='word_1_350' title='bbox 1812 3212 1861 3258; x_wconf 83' lang='lat' dir='ltr'><strong>te</strong></span> <span class='ocrx_word' id='word_1_351' title='bbox 1911 3202 2338 3272; x_wconf 64' lang='lat' dir='ltr'><strong>btisphemetur,</strong></span> 
     </span>
    </p>
   </div>
   <div class='ocr_carea' id='block_1_49' title="bbox 771 3290 2342 3364">
    <p class='ocr_par' dir='ltr' id='par_1_49' title="bbox 771 3290 2342 3364">
     <span class='ocr_line' id='line_1_49' title="bbox 771 3290 2342 3364; baseline -0.003 -18"><span class='ocrx_word' id='word_1_352' title='bbox 771 3308 944 3362; x_wconf 86' lang='lat' dir='ltr'><strong>neque</strong></span> <span class='ocrx_word' id='word_1_353' title='bbox 987 3295 1372 3349; x_wconf 88' lang='lat' dir='ltr'><strong>monachorum</strong></span> <span class='ocrx_word' id='word_1_354' title='bbox 1414 3296 1683 3364; x_wconf 91' lang='lat' dir='ltr'><strong>pretiosus</strong></span> <span class='ocrx_word' id='word_1_355' title='bbox 1724 3296 1935 3348; x_wconf 90' lang='lat' dir='ltr'><strong>habitus</strong></span> <span class='ocrx_word' id='word_1_356' title='bbox 1981 3295 2179 3363; x_wconf 90' lang='lat' dir='ltr'><strong>probro</strong></span> <span class='ocrx_word' id='word_1_357' title='bbox 2220 3290 2342 3343; x_wconf 79' lang='lat' dir='ltr'><strong>affi-</strong></span> 
     </span>
    </p>
   </div>
   <div class='ocr_carea' id='block_1_50' title="bbox 770 3384 2339 3453">
    <p class='ocr_par' dir='ltr' id='par_1_50' title="bbox 770 3384 2339 3453">
     <span class='ocr_line' id='line_1_50' title="bbox 770 3384 2339 3453; baseline 0.001 -16"><span class='ocrx_word' id='word_1_358' title='bbox 770 3386 966 3449; x_wconf 90' lang='lat' dir='ltr'><strong>ciatur,</strong></span> <span class='ocrx_word' id='word_1_359' title='bbox 999 3394 1051 3436; x_wconf 78' lang='lat' dir='ltr'><strong>et</strong></span> <span class='ocrx_word' id='word_1_360' title='bbox 1084 3384 1323 3437; x_wconf 91' lang='lat' dir='ltr'><strong>omnium</strong></span> <span class='ocrx_word' id='word_1_361' title='bbox 1348 3384 1605 3451; x_wconf 88' lang='lat' dir='ltr'><strong>judicium</strong></span> <span class='ocrx_word' id='word_1_362' title='bbox 1639 3385 1691 3437; x_wconf 90' lang='lat' dir='ltr'><strong>in</strong></span> <span class='ocrx_word' id='word_1_363' title='bbox 1724 3393 1873 3437; x_wconf 91' lang='lat' dir='ltr'><strong>tuum</strong></span> <span class='ocrx_word' id='word_1_364' title='bbox 1905 3392 2063 3453; x_wconf 90' lang='lat' dir='ltr'><strong>caput</strong></span> <span class='ocrx_word' id='word_1_365' title='bbox 2094 3388 2339 3439; x_wconf 87' lang='lat' dir='ltr'><strong>attraha-</strong></span> 
     </span>
    </p>
   </div>
   <div class='ocr_carea' id='block_1_51' title="bbox 774 3476 2339 3543">
    <p class='ocr_par' dir='ltr' id='par_1_51' title="bbox 774 3476 2339 3543">
     <span class='ocr_line' id='line_1_51' title="bbox 774 3476 2339 3543; baseline 0.002 -13"><span class='ocrx_word' id='word_1_366' title='bbox 774 3488 888 3543; x_wconf 75' lang='lat' dir='ltr'><strong>tur;</strong></span> <span class='ocrx_word' id='word_1_367' title='bbox 913 3476 1101 3530; x_wconf 89' lang='lat' dir='ltr'><strong>multis</strong></span> <span class='ocrx_word' id='word_1_368' title='bbox 1132 3479 1244 3531; x_wconf 72' lang='lat' dir='ltr'><strong>haec</strong></span> <span class='ocrx_word' id='word_1_369' title='bbox 1270 3477 1317 3532; x_wconf 88' lang='lat' dir='ltr'><strong>ei</strong></span> <span class='ocrx_word' id='word_1_370' title='bbox 1343 3478 1666 3543; x_wconf 90' lang='lat' dir='ltr'><strong>dicentibus,</strong></span> <span class='ocrx_word' id='word_1_371' title='bbox 1694 3478 1781 3531; x_wconf 92' lang='lat' dir='ltr'><strong>ille</strong></span> <span class='ocrx_word' id='word_1_372' title='bbox 1813 3492 1872 3532; x_wconf 91' lang='lat' dir='ltr'><strong>se</strong></span> <span class='ocrx_word' id='word_1_373' title='bbox 1893 3478 2155 3532; x_wconf 89' lang='lat' dir='ltr'><strong>simulans</strong></span> <span class='ocrx_word' id='word_1_374' title='bbox 2179 3479 2339 3533; x_wconf 88' lang='lat' dir='ltr'><strong>irasci</strong></span> 
     </span>
    </p>
   </div>
   <div class='ocr_carea' id='block_1_52' title="bbox 773 3568 2341 3638">
    <p class='ocr_par' dir='ltr' id='par_1_52' title="bbox 773 3568 2341 3638">
     <span class='ocr_line' id='line_1_52' title="bbox 773 3568 2341 3638; baseline 0.003 -16"><span class='ocrx_word' id='word_1_375' title='bbox 773 3578 828 3622; x_wconf 84' lang='lat' dir='ltr'><strong>et</strong></span> <span class='ocrx_word' id='word_1_376' title='bbox 878 3584 1022 3638; x_wconf 79' lang='lat' dir='ltr'><strong>:rgre</strong></span> <span class='ocrx_word' id='word_1_377' title='bbox 1069 3568 1233 3633; x_wconf 81' lang='lat' dir='ltr'><strong>ferre,</strong></span> <span class='ocrx_word' id='word_1_378' title='bbox 1289 3568 1393 3623; x_wconf 89' lang='lat' dir='ltr'><strong>Sed</strong></span> <span class='ocrx_word' id='word_1_379' title='bbox 1447 3585 1553 3624; x_wconf 90' lang='lat' dir='ltr'><strong>non</strong></span> <span class='ocrx_word' id='word_1_380' title='bbox 1600 3586 1699 3638; x_wconf 84' lang='lat' dir='ltr'><strong>ego</strong></span> <span class='ocrx_word' id='word_1_381' title='bbox 1752 3586 1849 3625; x_wconf 86' lang='lat' dir='ltr'><strong>vos</strong></span> <span class='ocrx_word' id='word_1_382' title='bbox 1903 3574 2141 3635; x_wconf 83' lang='lat' dir='ltr'><strong>audiam,</strong></span> <span class='ocrx_word' id='word_1_383' title='bbox 2191 3573 2341 3627; x_wconf 90' lang='lat' dir='ltr'><strong>dice-</strong></span> 
     </span>
    </p>
   </div>
   <div class='ocr_carea' id='block_1_53' title="bbox 773 3661 2337 3741">
    <p class='ocr_par' dir='ltr' id='par_1_53' title="bbox 773 3661 2337 3741">
     <span class='ocr_line' id='line_1_53' title="bbox 773 3661 2337 3741; baseline 0.003 -26"><span class='ocrx_word' id='word_1_384' title='bbox 773 3661 865 3715; x_wconf 85' lang='lat' dir='ltr'><strong>bat</strong></span> <span class='ocrx_word' id='word_1_385' title='bbox 922 3676 1041 3714; x_wconf 91' lang='lat' dir='ltr'><strong>cum</strong></span> <span class='ocrx_word' id='word_1_386' title='bbox 1082 3676 1275 3730; x_wconf 91' lang='lat' dir='ltr'><strong>magno</strong></span> <span class='ocrx_word' id='word_1_387' title='bbox 1307 3662 1560 3717; x_wconf 89' lang='lat' dir='ltr'><strong>clamore.</strong></span> <span class='ocrx_word' id='word_1_388' title='bbox 1595 3662 1730 3741; x_wconf 79' lang='lat' dir='ltr'><strong>Quid</strong></span> <span class='ocrx_word' id='word_1_389' title='bbox 1761 3680 1875 3717; x_wconf 90' lang='lat' dir='ltr'><strong>mea</strong></span> <span class='ocrx_word' id='word_1_390' title='bbox 1936 3664 2122 3728; x_wconf 85' lang='lat' dir='ltr'><strong>refert,</strong></span> <span class='ocrx_word' id='word_1_391' title='bbox 2147 3665 2189 3717; x_wconf 90' lang='lat' dir='ltr'><strong>si</strong></span> <span class='ocrx_word' id='word_1_392' title='bbox 2224 3680 2337 3728; x_wconf 88' lang='lat' dir='ltr'><strong>vos,</strong></span> 
     </span>
    </p>
   </div>
   <div class='ocr_carea' id='block_1_54' title="bbox 776 3754 2345 3822">
    <p class='ocr_par' dir='ltr' id='par_1_54' title="bbox 776 3754 2345 3822">
     <span class='ocr_line' id='line_1_54' title="bbox 776 3754 2345 3822; baseline 0.001 -13"><span class='ocrx_word' id='word_1_393' title='bbox 776 3765 833 3809; x_wconf 78' lang='lat' dir='ltr'><strong>ut</strong></span> <span class='ocrx_word' id='word_1_394' title='bbox 871 3756 1069 3820; x_wconf 80' lang='lat' dir='ltr'><strong>dicitis,</strong></span> <span class='ocrx_word' id='word_1_395' title='bbox 1116 3754 1491 3810; x_wconf 70' lang='lat' dir='ltr'><strong>oﬂendintini?</strong></span> <span class='ocrx_word' id='word_1_396' title='bbox 1531 3756 1798 3811; x_wconf 90' lang='lat' dir='ltr'><strong>Discedite</strong></span> <span class='ocrx_word' id='word_1_397' title='bbox 1849 3771 1876 3807; x_wconf 80' lang='lat' dir='ltr'><strong>a</strong></span> <span class='ocrx_word' id='word_1_398' title='bbox 1925 3772 2029 3810; x_wconf 90' lang='lat' dir='ltr'><strong>me.</strong></span> <span class='ocrx_word' id='word_1_399' title='bbox 2080 3757 2213 3822; x_wconf 86' lang='lat' dir='ltr'><strong>Quid</strong></span> <span class='ocrx_word' id='word_1_400' title='bbox 2269 3759 2345 3810; x_wconf 77' lang='lat' dir='ltr'><strong>rei</strong></span> 
     </span>
    </p>
   </div>
   <div class='ocr_carea' id='block_1_55' title="bbox 776 3844 2343 3915">
    <p class='ocr_par' dir='ltr' id='par_1_55' title="bbox 776 3844 2343 3915">
     <span class='ocr_line' id='line_1_55' title="bbox 776 3844 2343 3915; baseline 0.001 -20"><span class='ocrx_word' id='word_1_401' title='bbox 776 3859 985 3898; x_wconf 91' lang='lat' dir='ltr'><strong>mecum</strong></span> <span class='ocrx_word' id='word_1_402' title='bbox 1029 3854 1110 3899; x_wconf 90' lang='lat' dir='ltr'><strong>est</strong></span> <span class='ocrx_word' id='word_1_403' title='bbox 1136 3845 1319 3899; x_wconf 83' lang='lat' dir='ltr'><strong>vobis?</strong></span> <span class='ocrx_word' id='word_1_404' title='bbox 1354 3844 1428 3898; x_wconf 84' lang='lat' dir='ltr'><strong>Ex</strong></span> <span class='ocrx_word' id='word_1_405' title='bbox 1469 3856 1680 3913; x_wconf 89' lang='lat' dir='ltr'><strong>vestro,</strong></span> <span class='ocrx_word' id='word_1_406' title='bbox 1732 3846 1939 3915; x_wconf 89' lang='lat' dir='ltr'><strong>inquit,</strong></span> <span class='ocrx_word' id='word_1_407' title='bbox 1972 3848 2199 3901; x_wconf 85' lang='lat' dir='ltr'><strong>consilio</strong></span> <span class='ocrx_word' id='word_1_408' title='bbox 2222 3861 2343 3899; x_wconf 90' lang='lat' dir='ltr'><strong>cum</strong></span> 
     </span>
    </p>
   </div>
   <div class='ocr_carea' id='block_1_56' title="bbox 777 3934 2342 4006">
    <p class='ocr_par' dir='ltr' id='par_1_56' title="bbox 777 3934 2342 4006">
     <span class='ocr_line' id='line_1_56' title="bbox 777 3934 2342 4006; baseline 0.003 -22"><span class='ocrx_word' id='word_1_409' title='bbox 777 3935 971 3987; x_wconf 88' lang='lat' dir='ltr'><strong>femina</strong></span> <span class='ocrx_word' id='word_1_410' title='bbox 1012 3934 1306 4003; x_wconf 88' lang='lat' dir='ltr'><strong>conjungar</strong></span> <span class='ocrx_word' id='word_1_411' title='bbox 1352 3937 1732 4002; x_wconf 88' lang='lat' dir='ltr'><strong>matrimonio,</strong></span> <span class='ocrx_word' id='word_1_412' title='bbox 1774 3948 1829 3990; x_wconf 90' lang='lat' dir='ltr'><strong>et</strong></span> <span class='ocrx_word' id='word_1_413' title='bbox 1874 3953 1957 3990; x_wconf 91' lang='lat' dir='ltr'><strong>me</strong></span> <span class='ocrx_word' id='word_1_414' title='bbox 2003 3938 2243 4006; x_wconf 88' lang='lat' dir='ltr'><strong>injiciam</strong></span> <span class='ocrx_word' id='word_1_415' title='bbox 2293 3938 2342 3989; x_wconf 92' lang='lat' dir='ltr'><strong>in</strong></span> 
     </span>
    </p>
   </div>
   <div class='ocr_carea' id='block_1_57' title="bbox 776 4028 2344 4092">
    <p class='ocr_par' dir='ltr' id='par_1_57' title="bbox 776 4028 2344 4092">
     <span class='ocr_line' id='line_1_57' title="bbox 776 4028 2344 4092; baseline 0.002 -14"><span class='ocrx_word' id='word_1_416' title='bbox 776 4041 939 4079; x_wconf 75' lang='lat' dir='ltr'><strong>curas</strong></span> <span class='ocrx_word' id='word_1_417' title='bbox 991 4028 1437 4092; x_wconf 86' lang='lat' dir='ltr'><strong>innumerabiles,</strong></span> <span class='ocrx_word' id='word_1_418' title='bbox 1498 4038 1552 4082; x_wconf 92' lang='lat' dir='ltr'><strong>et</strong></span> <span class='ocrx_word' id='word_1_419' title='bbox 1602 4030 1668 4081; x_wconf 91' lang='lat' dir='ltr'><strong>de</strong></span> <span class='ocrx_word' id='word_1_420' title='bbox 1720 4030 1862 4083; x_wconf 90' lang='lat' dir='ltr'><strong>victu</strong></span> <span class='ocrx_word' id='word_1_421' title='bbox 1909 4029 2344 4084; x_wconf 79' lang='lat' dir='ltr'><strong>sollicitudines?</strong></span> 
     </span>
    </p>
   </div>
   <div class='ocr_carea' id='block_1_58' title="bbox 774 4115 2341 4173">
    <p class='ocr_par' dir='ltr' id='par_1_58' title="bbox 774 4115 2341 4173">
     <span class='ocr_line' id='line_1_58' title="bbox 774 4115 2341 4173; baseline 0.001 -4"><span class='ocrx_word' id='word_1_422' title='bbox 774 4117 995 4169; x_wconf 82' lang='lat' dir='ltr'><strong>Cessate</strong></span> <span class='ocrx_word' id='word_1_423' title='bbox 1040 4130 1124 4169; x_wconf 90' lang='lat' dir='ltr'><strong>me</strong></span> <span class='ocrx_word' id='word_1_424' title='bbox 1158 4115 1422 4171; x_wconf 83' lang='lat' dir='ltr'><strong>ludiﬁcari</strong></span> <span class='ocrx_word' id='word_1_425' title='bbox 1463 4126 1516 4171; x_wconf 92' lang='lat' dir='ltr'><strong>et</strong></span> <span class='ocrx_word' id='word_1_426' title='bbox 1544 4119 1841 4172; x_wconf 84' lang='lat' dir='ltr'><strong>criminari.</strong></span> <span class='ocrx_word' id='word_1_427' title='bbox 1887 4118 1999 4171; x_wconf 74' lang='lat' dir='ltr'><strong>Non</strong></span> <span class='ocrx_word' id='word_1_428' title='bbox 2042 4120 2175 4173; x_wconf 88' lang='lat' dir='ltr'><strong>estis</strong></span> <span class='ocrx_word' id='word_1_429' title='bbox 2198 4120 2341 4173; x_wconf 85' lang='lat' dir='ltr'><strong>enim</strong></span> 
     </span>
    </p>
   </div>
   <div class='ocr_carea' id='block_1_59' title="bbox 774 4206 2339 4274">
    <p class='ocr_par' dir='ltr' id='par_1_59' title="bbox 774 4206 2339 4274">
     <span class='ocr_line' id='line_1_59' title="bbox 774 4206 2339 4274; baseline 0.002 -16"><span class='ocrx_word' id='word_1_430' title='bbox 774 4208 875 4259; x_wconf 90' lang='lat' dir='ltr'><strong>mei</strong></span> <span class='ocrx_word' id='word_1_431' title='bbox 916 4206 1167 4274; x_wconf 87' lang='lat' dir='ltr'><strong>jndices;</strong></span> <span class='ocrx_word' id='word_1_432' title='bbox 1210 4221 1297 4260; x_wconf 88' lang='lat' dir='ltr'><strong>res</strong></span> <span class='ocrx_word' id='word_1_433' title='bbox 1336 4222 1466 4261; x_wconf 73' lang='lat' dir='ltr'><strong>mea:</strong></span> <span class='ocrx_word' id='word_1_434' title='bbox 1512 4208 1621 4261; x_wconf 91' lang='lat' dir='ltr'><strong>sint</strong></span> <span class='ocrx_word' id='word_1_435' title='bbox 1669 4210 1797 4262; x_wconf 93' lang='lat' dir='ltr'><strong>mihi</strong></span> <span class='ocrx_word' id='word_1_436' title='bbox 1847 4224 2010 4263; x_wconf 64' lang='lat' dir='ltr'><strong>curm.</strong></span> <span class='ocrx_word' id='word_1_437' title='bbox 2061 4209 2153 4263; x_wconf 82' lang='lat' dir='ltr'><strong>Est</strong></span> <span class='ocrx_word' id='word_1_438' title='bbox 2197 4211 2339 4261; x_wconf 92' lang='lat' dir='ltr'><strong>enim</strong></span> 
     </span>
    </p>
   </div>
   <div class='ocr_carea' id='block_1_60' title="bbox 775 4296 2340 4368">
    <p class='ocr_par' dir='ltr' id='par_1_60' title="bbox 775 4296 2340 4368">
     <span class='ocr_line' id='line_1_60' title="bbox 775 4296 2340 4368; baseline 0.004 -22"><span class='ocrx_word' id='word_1_439' title='bbox 775 4296 933 4361; x_wconf 86' lang='lat' dir='ltr'><strong>alius,</strong></span> <span class='ocrx_word' id='word_1_440' title='bbox 978 4297 1071 4364; x_wconf 89' lang='lat' dir='ltr'><strong>qui</strong></span> <span class='ocrx_word' id='word_1_441' title='bbox 1108 4306 1190 4350; x_wconf 88' lang='lat' dir='ltr'><strong>est</strong></span> <span class='ocrx_word' id='word_1_442' title='bbox 1225 4298 1559 4365; x_wconf 89' lang='lat' dir='ltr'><strong>judicaturus</strong></span> <span class='ocrx_word' id='word_1_443' title='bbox 1593 4297 1778 4351; x_wconf 89' lang='lat' dir='ltr'><strong>orbem</strong></span> <span class='ocrx_word' id='word_1_444' title='bbox 1822 4310 2012 4363; x_wconf 69' lang='lat' dir='ltr'><strong>terrre,</strong></span> <span class='ocrx_word' id='word_1_445' title='bbox 2054 4300 2143 4368; x_wconf 87' lang='lat' dir='ltr'><strong>qui</strong></span> <span class='ocrx_word' id='word_1_446' title='bbox 2180 4300 2340 4353; x_wconf 90' lang='lat' dir='ltr'><strong>etiam</strong></span> 
     </span>
    </p>
   </div>
   <div class='ocr_carea' id='block_1_61' title="bbox 775 4385 1986 4455">
    <p class='ocr_par' dir='ltr' id='par_1_61' title="bbox 775 4385 1986 4455">
     <span class='ocr_line' id='line_1_61' title="bbox 775 4385 1986 4455; baseline 0.001 -15"><span class='ocrx_word' id='word_1_447' title='bbox 775 4386 961 4440; x_wconf 86' lang='lat' dir='ltr'><strong>reddet</strong></span> <span class='ocrx_word' id='word_1_448' title='bbox 996 4385 1285 4452; x_wconf 85' lang='lat' dir='ltr'><strong>unicuique</strong></span> <span class='ocrx_word' id='word_1_449' title='bbox 1318 4387 1611 4440; x_wconf 87' lang='lat' dir='ltr'><strong>secundum</strong></span> <span class='ocrx_word' id='word_1_450' title='bbox 1646 4403 1779 4455; x_wconf 89' lang='lat' dir='ltr'><strong>opus</strong></span> <span class='ocrx_word' id='word_1_451' title='bbox 1809 4403 1986 4441; x_wconf 86' lang='lat' dir='ltr'><strong>suum.</strong></span> 
     </span>
    </p>
   </div>
   <div class='ocr_carea' id='block_1_62' title="bbox 2437 2003 4026 2077">
    <p class='ocr_par' dir='ltr' id='par_1_62' title="bbox 2437 2003 4026 2077">
     <span class='ocr_line' id='line_1_62' title="bbox 2437 2003 4026 2077; baseline 0.001 -22"><span class='ocrx_word' id='word_1_452' title='bbox 2437 2004 2615 2073; x_wconf 76' lang='grc' dir='ltr'>ψυχας</span> <span class='ocrx_word' id='word_1_453' title='bbox 2659 2003 2719 2068; x_wconf 79' lang='grc' dir='ltr'><strong>ἐξ</strong></span> <span class='ocrx_word' id='word_1_454' title='bbox 2760 2005 3037 2074; x_wconf 83' lang='grc' dir='ltr'>ἁμαρτίας</span> <span class='ocrx_word' id='word_1_455' title='bbox 3081 2004 3367 2077; x_wconf 68' lang='grc' dir='ltr'>[ὲξάγειν],</span> <span class='ocrx_word' id='word_1_456' title='bbox 3410 2008 3570 2077; x_wconf 71' lang='grc' dir='ltr'>ἡνίκα</span> <span class='ocrx_word' id='word_1_457' title='bbox 3600 2008 3750 2077; x_wconf 85' lang='grc' dir='ltr'><strong>παρά</strong></span> <span class='ocrx_word' id='word_1_458' title='bbox 3782 2008 3859 2075; x_wconf 81' lang='grc' dir='ltr'>τῷ</span> <span class='ocrx_word' id='word_1_459' title='bbox 3906 2007 4026 2074; x_wconf 80' lang='grc' dir='ltr'><strong>Θεῷ</strong></span> 
     </span>
    </p>
   </div>
   <div class='ocr_carea' id='block_1_63' title="bbox 2438 2095 4025 2167">
    <p class='ocr_par' dir='ltr' id='par_1_63' title="bbox 2438 2095 4025 2167">
     <span class='ocr_line' id='line_1_63' title="bbox 2438 2095 4025 2167; baseline 0.001 -20"><span class='ocrx_word' id='word_1_460' title='bbox 2438 2095 2809 2166; x_wconf 65' lang='grc' dir='ltr'>ὲμισθοῳόρει,</span> <span class='ocrx_word' id='word_1_461' title='bbox 2828 2098 2887 2149; x_wconf 79' lang='grc' dir='ltr'><strong>τὸ</strong></span> <span class='ocrx_word' id='word_1_462' title='bbox 2909 2097 3057 2149; x_wconf 83' lang='grc' dir='ltr'>δοθὲν</span> <span class='ocrx_word' id='word_1_463' title='bbox 3084 2097 3401 2165; x_wconf 80' lang='grc' dir='ltr'>λαμϐάνων,</span> <span class='ocrx_word' id='word_1_464' title='bbox 3426 2099 3500 2161; x_wconf 84' lang='grc' dir='ltr'><strong>ὡς</strong></span> <span class='ocrx_word' id='word_1_465' title='bbox 3528 2098 3785 2167; x_wconf 78' lang='grc' dir='ltr'>ἀφίεσθαι</span> <span class='ocrx_word' id='word_1_466' title='bbox 3808 2098 4025 2166; x_wconf 74' lang='grc' dir='ltr'>ἔμελλε,</span> 
     </span>
    </p>
   </div>
   <div class='ocr_carea' id='block_1_64' title="bbox 2440 2188 4021 2257">
    <p class='ocr_par' dir='ltr' id='par_1_64' title="bbox 2440 2188 4021 2257">
     <span class='ocr_line' id='line_1_64' title="bbox 2440 2188 4021 2257; baseline 0 -18"><span class='ocrx_word' id='word_1_467' title='bbox 2440 2190 2817 2255; x_wconf 72' lang='grc' dir='ltr'>προσεποιεῖτο</span> <span class='ocrx_word' id='word_1_468' title='bbox 2840 2188 3017 2253; x_wconf 83' lang='grc' dir='ltr'>λέγειν</span> <span class='ocrx_word' id='word_1_469' title='bbox 3045 2188 3181 2257; x_wconf 83' lang='grc' dir='ltr'>πρὸς</span> <span class='ocrx_word' id='word_1_470' title='bbox 3206 2189 3431 2241; x_wconf 79' lang='grc' dir='ltr'>σεαυτὸν</span> <span class='ocrx_word' id='word_1_471' title='bbox 3460 2190 3538 2251; x_wconf 85' lang='grc' dir='ltr'><strong>είς</strong></span> <span class='ocrx_word' id='word_1_472' title='bbox 3573 2190 3740 2252; x_wconf 72' lang='grc' dir='ltr'>ἀκοὰς</span> <span class='ocrx_word' id='word_1_473' title='bbox 3772 2191 4021 2242; x_wconf 73' lang='grc' dir='ltr'>πάνεων·</span> 
     </span>
    </p>
   </div>
   <div class='ocr_carea' id='block_1_65' title="bbox 2454 2279 4022 2353">
    <p class='ocr_par' dir='ltr' id='par_1_65' title="bbox 2454 2279 4022 2353">
     <span class='ocr_line' id='line_1_65' title="bbox 2454 2279 4022 2353; baseline 0.004 -23"><span class='ocrx_word' id='word_1_474' title='bbox 2454 2279 2727 2348; x_wconf 81' lang='grc' dir='ltr'>’Λπίωμεν</span> <span class='ocrx_word' id='word_1_475' title='bbox 2764 2280 2908 2349; x_wconf 81' lang='grc' dir='ltr'>ἄρτι,</span> <span class='ocrx_word' id='word_1_476' title='bbox 2955 2282 3179 2333; x_wconf 84' lang='grc' dir='ltr'>ταπεινὲ</span> <span class='ocrx_word' id='word_1_477' title='bbox 3218 2282 3425 2353; x_wconf 84' lang='grc' dir='ltr'>γέρων⁶</span> <span class='ocrx_word' id='word_1_478' title='bbox 3456 2280 3602 2345; x_wconf 79' lang='grc' dir='ltr'>οἶδας</span> <span class='ocrx_word' id='word_1_479' title='bbox 3632 2283 3742 2352; x_wconf 85' lang='grc' dir='ltr'><strong>γάρ</strong></span> <span class='ocrx_word' id='word_1_480' title='bbox 3800 2286 3951 2345; x_wconf 84' lang='grc' dir='ltr'>ὅπως</span> <span class='ocrx_word' id='word_1_481' title='bbox 3989 2286 4022 2351; x_wconf 84' lang='grc' dir='ltr'>ἡ</span> 
     </span>
    </p>
   </div>
   <div class='ocr_carea' id='block_1_66' title="bbox 2440 2371 4032 2445">
    <p class='ocr_par' dir='ltr' id='par_1_66' title="bbox 2440 2371 4032 2445">
     <span class='ocr_line' id='line_1_66' title="bbox 2440 2371 4032 2445; baseline 0.003 -22"><span class='ocrx_word' id='word_1_482' title='bbox 2440 2371 2590 2424; x_wconf 86' lang='grc' dir='ltr'>δεῖνα</span> <span class='ocrx_word' id='word_1_483' title='bbox 2619 2372 2902 2440; x_wconf 77' lang='grc' dir='ltr'>περιμένει</span> <span class='ocrx_word' id='word_1_484' title='bbox 2934 2389 2994 2424; x_wconf 89' lang='grc' dir='ltr'><strong>σε</strong></span> <span class='ocrx_word' id='word_1_485' title='bbox 3016 2390 3030 2405; x_wconf 88' lang='grc'><strong>·</strong></span> <span class='ocrx_word' id='word_1_486' title='bbox 3067 2373 3283 2443; x_wconf 78' lang='grc' dir='ltr'>ἐκείνην</span> <span class='ocrx_word' id='word_1_487' title='bbox 3312 2373 3492 2441; x_wconf 79' lang='grc' dir='ltr'>δηλῶν</span> <span class='ocrx_word' id='word_1_488' title='bbox 3525 2376 3661 2443; x_wconf 81' lang='grc' dir='ltr'>πρὸς</span> <span class='ocrx_word' id='word_1_489' title='bbox 3692 2379 3757 2445; x_wconf 84' lang='grc' dir='ltr'>ἢν</span> <span class='ocrx_word' id='word_1_490' title='bbox 3793 2378 3905 2444; x_wconf 84' lang='grc' dir='ltr'><strong>ἆρα</strong></span> <span class='ocrx_word' id='word_1_491' title='bbox 3938 2378 4032 2427; x_wconf 73' lang='grc' dir='ltr'>καὶ</span> 
     </span>
    </p>
   </div>
   <div class='ocr_carea' id='block_1_67' title="bbox 2444 2462 4031 2534">
    <p class='ocr_par' dir='ltr' id='par_1_67' title="bbox 2444 2462 4031 2534">
     <span class='ocr_line' id='line_1_67' title="bbox 2444 2462 4031 2534; baseline 0.002 -20"><span class='ocrx_word' id='word_1_492' title='bbox 2444 2462 2777 2529; x_wconf 73' lang='grc' dir='ltr'>κατάγεσθαι</span> <span class='ocrx_word' id='word_1_493' title='bbox 2821 2463 3033 2531; x_wconf 80' lang='grc' dir='ltr'>ἔμελλε.</span> <span class='ocrx_word' id='word_1_494' title='bbox 3074 2465 3215 2533; x_wconf 78' lang='grc' dir='ltr'>Πρὸς</span> <span class='ocrx_word' id='word_1_495' title='bbox 3278 2466 3465 2534; x_wconf 83' lang='grc' dir='ltr'>μέντοι</span> <span class='ocrx_word' id='word_1_496' title='bbox 3495 2467 3619 2527; x_wconf 75' lang='grc' dir='ltr'>τοὺς</span> <span class='ocrx_word' id='word_1_497' title='bbox 3668 2468 4031 2527; x_wconf 73' lang='grc' dir='ltr'>σκώπτοντας</span> 
     </span>
    </p>
   </div>
   <div class='ocr_carea' id='block_1_68' title="bbox 2444 2553 4033 2625">
    <p class='ocr_par' dir='ltr' id='par_1_68' title="bbox 2444 2553 4033 2625">
     <span class='ocr_line' id='line_1_68' title="bbox 2444 2553 4033 2625; baseline 0 -18"><span class='ocrx_word' id='word_1_498' title='bbox 2444 2554 2604 2607; x_wconf 68' lang='grc' dir='ltr'>αὐτὸν</span> <span class='ocrx_word' id='word_1_499' title='bbox 2623 2556 2717 2606; x_wconf 68' lang='grc' dir='ltr'><strong>καὶ</strong></span> <span class='ocrx_word' id='word_1_500' title='bbox 2743 2553 2971 2605; x_wconf 84' lang='grc' dir='ltr'>ὀνείδεσι</span> <span class='ocrx_word' id='word_1_501' title='bbox 3005 2554 3296 2621; x_wconf 80' lang='grc' dir='ltr'>βάλλοντας</span> <span class='ocrx_word' id='word_1_502' title='bbox 3327 2555 3766 2624; x_wconf 77' lang='grc' dir='ltr'>ἀπολογούμενος</span> <span class='ocrx_word' id='word_1_503' title='bbox 3792 2558 3868 2620; x_wconf 85' lang='grc' dir='ltr'>ὼς</span> <span class='ocrx_word' id='word_1_504' title='bbox 3903 2560 4033 2625; x_wconf 76' lang='grc' dir='ltr'>περί</span> 
     </span>
    </p>
   </div>
   <div class='ocr_carea' id='block_1_69' title="bbox 2444 2644 4034 2719">
    <p class='ocr_par' dir='ltr' id='par_1_69' title="bbox 2444 2644 4034 2719">
     <span class='ocr_line' id='line_1_69' title="bbox 2444 2644 4034 2719; baseline 0.003 -23"><span class='ocrx_word' id='word_1_505' title='bbox 2444 2662 2587 2707; x_wconf 77' lang='grc' dir='ltr'>τινος</span> <span class='ocrx_word' id='word_1_506' title='bbox 2624 2644 2827 2713; x_wconf 77' lang='grc' dir='ltr'>φαύλου</span> <span class='ocrx_word' id='word_1_507' title='bbox 2860 2645 3111 2715; x_wconf 73' lang='grc' dir='ltr'>πράξεως</span> <span class='ocrx_word' id='word_1_508' title='bbox 3144 2647 3281 2716; x_wconf 83' lang='grc' dir='ltr'>πρὸς</span> <span class='ocrx_word' id='word_1_509' title='bbox 3312 2648 3572 2717; x_wconf 78' lang='grc' dir='ltr'>ἀλήθειαν</span> <span class='ocrx_word' id='word_1_510' title='bbox 3610 2650 3933 2719; x_wconf 75' lang='grc' dir='ltr'>γινομένης.</span> <span class='ocrx_word' id='word_1_511' title='bbox 3970 2651 4034 2701; x_wconf 76' lang='grc' dir='ltr'>ΤΞ</span> 
     </span>
    </p>
   </div>
   <div class='ocr_carea' id='block_1_70' title="bbox 2446 2737 4031 2811">
    <p class='ocr_par' dir='ltr' id='par_1_70' title="bbox 2446 2737 4031 2811">
     <span class='ocr_line' id='line_1_70' title="bbox 2446 2737 4031 2811; baseline 0.003 -22"><span class='ocrx_word' id='word_1_512' title='bbox 2446 2737 2528 2803; x_wconf 85' lang='grc' dir='ltr'><strong>δέ;</strong></span> <span class='ocrx_word' id='word_1_513' title='bbox 2551 2739 2725 2805; x_wconf 77' lang='grc' dir='ltr'>ἔλεγε,</span> <span class='ocrx_word' id='word_1_514' title='bbox 2754 2739 2830 2805; x_wconf 84' lang='grc' dir='ltr'>μὴ</span> <span class='ocrx_word' id='word_1_515' title='bbox 2864 2740 2970 2808; x_wconf 83' lang='grc' dir='ltr'><strong>γάρ</strong></span> <span class='ocrx_word' id='word_1_516' title='bbox 3002 2740 3095 2790; x_wconf 76' lang='grc' dir='ltr'><strong>καὶ</strong></span> <span class='ocrx_word' id='word_1_517' title='bbox 3127 2740 3287 2800; x_wconf 70' lang='grc' dir='ltr'>αὐτὸς</span> <span class='ocrx_word' id='word_1_518' title='bbox 3308 2741 3406 2791; x_wconf 83' lang='grc' dir='ltr'><strong>ούκ</strong></span> <span class='ocrx_word' id='word_1_519' title='bbox 3434 2742 3548 2808; x_wconf 70' lang='grc' dir='ltr'>εἰμὶ</span> <span class='ocrx_word' id='word_1_520' title='bbox 3576 2741 3684 2791; x_wconf 77' lang='grc' dir='ltr'>τῶν</span> <span class='ocrx_word' id='word_1_521' title='bbox 3717 2743 3901 2811; x_wconf 72' lang='grc' dir='ltr'>σάρκα</span> <span class='ocrx_word' id='word_1_522' title='bbox 3938 2760 4031 2809; x_wconf 61' lang='grc' dir='ltr'><strong>φο-</strong></span> 
     </span>
    </p>
   </div>
   <div class='ocr_carea' id='block_1_71' title="bbox 2448 2832 4036 2904">
    <p class='ocr_par' dir='ltr' id='par_1_71' title="bbox 2448 2832 4036 2904">
     <span class='ocr_line' id='line_1_71' title="bbox 2448 2832 4036 2904; baseline 0.001 -20"><span class='ocrx_word' id='word_1_523' title='bbox 2448 2833 2686 2901; x_wconf 87' lang='grc' dir='ltr'>ρούντων</span> <span class='ocrx_word' id='word_1_524' title='bbox 2722 2832 2961 2894; x_wconf 70' lang='grc' dir='ltr'>καὶτοῖς</span> <span class='ocrx_word' id='word_1_525' title='bbox 3013 2833 3199 2901; x_wconf 80' lang='grc' dir='ltr'>νόμοις</span> <span class='ocrx_word' id='word_1_526' title='bbox 3262 2832 3434 2902; x_wconf 79' lang='grc' dir='ltr'>αὐτῆς</span> <span class='ocrx_word' id='word_1_527' title='bbox 3485 2834 3785 2898; x_wconf 81' lang='grc' dir='ltr'>εἰκόντων;</span> <span class='ocrx_word' id='word_1_528' title='bbox 3849 2836 3882 2904; x_wconf 75' lang='grc' dir='ltr'>ἢ</span> <span class='ocrx_word' id='word_1_529' title='bbox 3924 2838 4036 2896; x_wconf 72' lang='grc' dir='ltr'>τοῖς</span> 
     </span>
    </p>
   </div>
   <div class='ocr_carea' id='block_1_72' title="bbox 2450 2924 4037 2994">
    <p class='ocr_par' dir='ltr' id='par_1_72' title="bbox 2450 2924 4037 2994">
     <span class='ocr_line' id='line_1_72' title="bbox 2450 2924 4037 2994; baseline 0.004 -21"><span class='ocrx_word' id='word_1_530' title='bbox 2450 2926 2701 2991; x_wconf 80' lang='grc' dir='ltr'>μοναχοῖς</span> <span class='ocrx_word' id='word_1_531' title='bbox 2730 2924 3027 2994; x_wconf 78' lang='grc' dir='ltr'>ἀπείρηται</span> <span class='ocrx_word' id='word_1_532' title='bbox 3056 2926 3260 2993; x_wconf 82' lang='grc' dir='ltr'>μόνοις,</span> <span class='ocrx_word' id='word_1_533' title='bbox 3280 2926 3389 2979; x_wconf 83' lang='grc' dir='ltr'><strong>τῶν</strong></span> <span class='ocrx_word' id='word_1_534' title='bbox 3414 2926 3504 2977; x_wconf 83' lang='grc' dir='ltr'><strong>τοῦ</strong></span> <span class='ocrx_word' id='word_1_535' title='bbox 3539 2927 3792 2994; x_wconf 77' lang='grc' dir='ltr'>σώματος</span> <span class='ocrx_word' id='word_1_536' title='bbox 3826 2928 4037 2994; x_wconf 66' lang='grc' dir='ltr'>ήδονᾲν</span> 
     </span>
    </p>
   </div>
   <div class='ocr_carea' id='block_1_73' title="bbox 2446 3018 4038 3087">
    <p class='ocr_par' dir='ltr' id='par_1_73' title="bbox 2446 3018 4038 3087">
     <span class='ocr_line' id='line_1_73' title="bbox 2446 3018 4038 3087; baseline 0.001 -18"><span class='ocrx_word' id='word_1_537' title='bbox 2446 3019 2551 3082; x_wconf 79' lang='grc' dir='ltr'><strong>ἐξω</strong></span> <span class='ocrx_word' id='word_1_538' title='bbox 2608 3018 2823 3087; x_wconf 71' lang='grc' dir='ltr'>μὲνεινς</span> <span class='ocrx_word' id='word_1_539' title='bbox 2860 3020 2918 3070; x_wconf 81' lang='grc' dir='ltr'><strong>ού</strong></span> <span class='ocrx_word' id='word_1_540' title='bbox 2965 3020 3256 3087; x_wconf 82' lang='grc' dir='ltr'>μετέχουσι</span> <span class='ocrx_word' id='word_1_541' title='bbox 3314 3022 3410 3072; x_wconf 68' lang='grc' dir='ltr'><strong>καὶ</strong></span> <span class='ocrx_word' id='word_1_542' title='bbox 3445 3020 3598 3072; x_wconf 81' lang='grc' dir='ltr'><strong>αύτοί</strong></span> <span class='ocrx_word' id='word_1_543' title='bbox 3639 3022 3749 3071; x_wconf 75' lang='grc' dir='ltr'><strong>τῶν</strong></span> <span class='ocrx_word' id='word_1_544' title='bbox 3780 3022 4038 3087; x_wconf 64' lang='grc' dir='ltr'>φυτικῶν</span> 
     </span>
    </p>
   </div>
   <div class='ocr_carea' id='block_1_74' title="bbox 2448 3108 4037 3181">
    <p class='ocr_par' dir='ltr' id='par_1_74' title="bbox 2448 3108 4037 3181">
     <span class='ocr_line' id='line_1_74' title="bbox 2448 3108 4037 3181; baseline 0.002 -19"><span class='ocrx_word' id='word_1_545' title='bbox 2448 3111 2636 3162; x_wconf 84' lang='grc' dir='ltr'>παθῶν</span> <span class='ocrx_word' id='word_1_546' title='bbox 2673 3113 2784 3173; x_wconf 85' lang='grc' dir='ltr'>τοῖς</span> <span class='ocrx_word' id='word_1_547' title='bbox 2841 3111 3021 3173; x_wconf 78' lang='grc' dir='ltr'>ἄλλοις</span> <span class='ocrx_word' id='word_1_548' title='bbox 3070 3113 3305 3181; x_wconf 75' lang='grc' dir='ltr'>ὁμοίωςς</span> <span class='ocrx_word' id='word_1_549' title='bbox 3364 3108 3497 3164; x_wconf 80' lang='grc' dir='ltr'>Εἶτα</span> <span class='ocrx_word' id='word_1_550' title='bbox 3546 3112 4037 3181; x_wconf 79' lang='grc' dir='ltr'>συμὸουλευόντων</span> 
     </span>
    </p>
   </div>
   <div class='ocr_carea' id='block_1_75' title="bbox 2444 3201 4039 3273">
    <p class='ocr_par' dir='ltr' id='par_1_75' title="bbox 2444 3201 4039 3273">
     <span class='ocr_line' id='line_1_75' title="bbox 2444 3201 4039 3273; baseline 0.004 -20"><span class='ocrx_word' id='word_1_551' title='bbox 2444 3201 2615 3263; x_wconf 46' lang='grc' dir='ltr'>τινῶν,</span> <span class='ocrx_word' id='word_1_552' title='bbox 2642 3203 2758 3266; x_wconf 59' lang='grc' dir='ltr'>καὶ,</span> <span class='ocrx_word' id='word_1_553' title='bbox 2795 3202 2942 3254; x_wconf 75' lang='grc' dir='ltr'>Λάὅε</span> <span class='ocrx_word' id='word_1_554' title='bbox 3000 3202 3129 3270; x_wconf 88' lang='grc' dir='ltr'>γοῦν</span> <span class='ocrx_word' id='word_1_555' title='bbox 3171 3203 3302 3272; x_wconf 83' lang='grc' dir='ltr'>μίαν</span> <span class='ocrx_word' id='word_1_556' title='bbox 3338 3204 3570 3273; x_wconf 80' lang='grc' dir='ltr'>σεαυτῷ,</span> <span class='ocrx_word' id='word_1_557' title='bbox 3606 3204 3907 3271; x_wconf 79' lang='grc' dir='ltr'>λεγόντων,</span> <span class='ocrx_word' id='word_1_558' title='bbox 3940 3206 4039 3273; x_wconf 69' lang='grc' dir='ltr'><strong>τὴν</strong></span> 
     </span>
    </p>
   </div>
   <div class='ocr_carea' id='block_1_76' title="bbox 2447 3297 4037 3367">
    <p class='ocr_par' dir='ltr' id='par_1_76' title="bbox 2447 3297 4037 3367">
     <span class='ocr_line' id='line_1_76' title="bbox 2447 3297 4037 3367; baseline 0.001 -20"><span class='ocrx_word' id='word_1_559' title='bbox 2447 3298 2639 3366; x_wconf 79' lang='grc' dir='ltr'>στολὴν</span> <span class='ocrx_word' id='word_1_560' title='bbox 2674 3297 2917 3367; x_wconf 58' lang='grc' dir='ltr'>ἀμείψας</span> <span class='ocrx_word' id='word_1_561' title='bbox 2946 3299 3040 3347; x_wconf 78' lang='grc' dir='ltr'><strong>καὶ</strong></span> <span class='ocrx_word' id='word_1_562' title='bbox 3066 3297 3139 3367; x_wconf 82' lang='grc' dir='ltr'>μὴ</span> <span class='ocrx_word' id='word_1_563' title='bbox 3174 3299 3471 3351; x_wconf 78' lang='grc' dir='ltr'>σκάνδαλον</span> <span class='ocrx_word' id='word_1_564' title='bbox 3492 3299 3637 3351; x_wconf 73' lang='grc' dir='ltr'>οὕτω</span> <span class='ocrx_word' id='word_1_565' title='bbox 3670 3302 3782 3360; x_wconf 76' lang='grc' dir='ltr'>τοῖς</span> <span class='ocrx_word' id='word_1_566' title='bbox 3814 3300 4037 3362; x_wconf 81' lang='grc' dir='ltr'>πολλοῖς</span> 
     </span>
    </p>
   </div>
   <div class='ocr_carea' id='block_1_77' title="bbox 2446 3386 4038 3459">
    <p class='ocr_par' dir='ltr' id='par_1_77' title="bbox 2446 3386 4038 3459">
     <span class='ocr_line' id='line_1_77' title="bbox 2446 3386 4038 3459; baseline 0.003 -22"><span class='ocrx_word' id='word_1_567' title='bbox 2446 3387 2557 3449; x_wconf 81' lang='grc' dir='ltr'>ἔσο,</span> <span class='ocrx_word' id='word_1_568' title='bbox 2590 3386 2683 3438; x_wconf 87' lang='grc' dir='ltr'><strong>τοῦ</strong></span> <span class='ocrx_word' id='word_1_569' title='bbox 2714 3390 2850 3456; x_wconf 88' lang='grc' dir='ltr'>μήτε</span> <span class='ocrx_word' id='word_1_570' title='bbox 2874 3390 2966 3440; x_wconf 78' lang='grc' dir='ltr'><strong>τὸν</strong></span> <span class='ocrx_word' id='word_1_571' title='bbox 2999 3388 3131 3440; x_wconf 82' lang='grc' dir='ltr'>Θεὸν</span> <span class='ocrx_word' id='word_1_572' title='bbox 3162 3388 3249 3440; x_wconf 79' lang='grc' dir='ltr'><strong>διὰ</strong></span> <span class='ocrx_word' id='word_1_573' title='bbox 3277 3388 3368 3440; x_wconf 88' lang='grc' dir='ltr'><strong>σοῦ</strong></span> <span class='ocrx_word' id='word_1_574' title='bbox 3404 3389 3871 3459; x_wconf 74' lang='grc' dir='ltr'>βλασφημεῖσθαι,</span> <span class='ocrx_word' id='word_1_575' title='bbox 3897 3392 4038 3459; x_wconf 65' lang='grc' dir='ltr'>μήτε</span> 
     </span>
    </p>
   </div>
   <div class='ocr_carea' id='block_1_78' title="bbox 2446 3479 4039 3552">
    <p class='ocr_par' dir='ltr' id='par_1_78' title="bbox 2446 3479 4039 3552">
     <span class='ocr_line' id='line_1_78' title="bbox 2446 3479 4039 3552; baseline 0.001 -21"><span class='ocrx_word' id='word_1_576' title='bbox 2446 3483 2505 3531; x_wconf 78' lang='grc' dir='ltr'><strong>τὸ</strong></span> <span class='ocrx_word' id='word_1_577' title='bbox 2536 3480 2642 3530; x_wconf 81' lang='grc' dir='ltr'>τῶν</span> <span class='ocrx_word' id='word_1_578' title='bbox 2673 3482 2926 3548; x_wconf 84' lang='grc' dir='ltr'>μοναχῶν</span> <span class='ocrx_word' id='word_1_579' title='bbox 2957 3482 3136 3549; x_wconf 79' lang='grc' dir='ltr'>τίμιον</span> <span class='ocrx_word' id='word_1_580' title='bbox 3182 3479 3563 3551; x_wconf 75' lang='grc' dir='ltr'>ἐξυϐρίζεσθαι</span> <span class='ocrx_word' id='word_1_581' title='bbox 3606 3484 3814 3552; x_wconf 79' lang='grc' dir='ltr'>σχῆμα,</span> <span class='ocrx_word' id='word_1_582' title='bbox 3849 3488 3945 3533; x_wconf 66' lang='grc' dir='ltr'><strong>καὶ</strong></span> <span class='ocrx_word' id='word_1_583' title='bbox 3980 3485 4039 3533; x_wconf 75' lang='grc' dir='ltr'>τό</span> 
     </span>
    </p>
   </div>
   <div class='ocr_carea' id='block_1_79' title="bbox 2451 3572 4035 3642">
    <p class='ocr_par' dir='ltr' id='par_1_79' title="bbox 2451 3572 4035 3642">
     <span class='ocr_line' id='line_1_79' title="bbox 2451 3572 4035 3642; baseline 0.002 -21"><span class='ocrx_word' id='word_1_584' title='bbox 2451 3575 2623 3639; x_wconf 84' lang='grc' dir='ltr'>κρῖμα</span> <span class='ocrx_word' id='word_1_585' title='bbox 2652 3572 2871 3624; x_wconf 74' lang='grc' dir='ltr'>πάντων</span> <span class='ocrx_word' id='word_1_586' title='bbox 2902 3572 3042 3623; x_wconf 77' lang='grc' dir='ltr'>κατα</span> <span class='ocrx_word' id='word_1_587' title='bbox 3078 3572 3174 3639; x_wconf 81' lang='grc' dir='ltr'>τῆς</span> <span class='ocrx_word' id='word_1_588' title='bbox 3208 3572 3434 3625; x_wconf 80' lang='grc' dir='ltr'>σεαυτοῦ</span> <span class='ocrx_word' id='word_1_589' title='bbox 3469 3573 3733 3642; x_wconf 81' lang='grc' dir='ltr'>φέρεσθαι</span> <span class='ocrx_word' id='word_1_590' title='bbox 3760 3575 4035 3640; x_wconf 61' lang='grc' dir='ltr'>κεφαλῆς·</span> 
     </span>
    </p>
   </div>
   <div class='ocr_carea' id='block_1_80' title="bbox 2446 3662 4040 3734">
    <p class='ocr_par' dir='ltr' id='par_1_80' title="bbox 2446 3662 4040 3734">
     <span class='ocr_line' id='line_1_80' title="bbox 2446 3662 4040 3734; baseline 0.002 -20"><span class='ocrx_word' id='word_1_591' title='bbox 2446 3662 2669 3714; x_wconf 81' lang='grc' dir='ltr'>τοιαῦτα</span> <span class='ocrx_word' id='word_1_592' title='bbox 2703 3662 2912 3714; x_wconf 83' lang='grc' dir='ltr'>πολλῶν</span> <span class='ocrx_word' id='word_1_593' title='bbox 2942 3663 3211 3730; x_wconf 82' lang='grc' dir='ltr'>λεγόντων</span> <span class='ocrx_word' id='word_1_594' title='bbox 3254 3664 3425 3733; x_wconf 80' lang='grc' dir='ltr'>αύτῷ,</span> <span class='ocrx_word' id='word_1_595' title='bbox 3458 3667 3665 3726; x_wconf 83' lang='grc' dir='ltr'>ἐκεῖνος</span> <span class='ocrx_word' id='word_1_596' title='bbox 3694 3665 3789 3716; x_wconf 64' lang='grc' dir='ltr'><strong>τὸν</strong></span> <span class='ocrx_word' id='word_1_597' title='bbox 3816 3668 4040 3734; x_wconf 63' lang='grc' dir='ltr'>ὀργιζὲ-</span> 
     </span>
    </p>
   </div>
   <div class='ocr_carea' id='block_1_81' title="bbox 2455 3753 4039 3825">
    <p class='ocr_par' dir='ltr' id='par_1_81' title="bbox 2455 3753 4039 3825">
     <span class='ocr_line' id='line_1_81' title="bbox 2455 3753 4039 3825; baseline 0.004 -23"><span class='ocrx_word' id='word_1_598' title='bbox 2455 3770 2612 3820; x_wconf 84' lang='grc' dir='ltr'>μενον</span> <span class='ocrx_word' id='word_1_599' title='bbox 2636 3755 2729 3804; x_wconf 74' lang='grc' dir='ltr'><strong>καὶ</strong></span> <span class='ocrx_word' id='word_1_600' title='bbox 2749 3753 3223 3806; x_wconf 77' lang='grc' dir='ltr'>ἀποδυσπετοῦντα</span> <span class='ocrx_word' id='word_1_601' title='bbox 3264 3755 3717 3825; x_wconf 76' lang='grc' dir='ltr'>ὑποκρινόμενος,</span> <span class='ocrx_word' id='word_1_602' title='bbox 3769 3758 3913 3808; x_wconf 77' lang='grc' dir='ltr'>Ἀλλ’</span> <span class='ocrx_word' id='word_1_603' title='bbox 3938 3759 4039 3808; x_wconf 68' lang='grc' dir='ltr'>οὐκ</span> 
     </span>
    </p>
   </div>
   <div class='ocr_carea' id='block_1_82' title="bbox 2452 3844 4039 3919">
    <p class='ocr_par' dir='ltr' id='par_1_82' title="bbox 2452 3844 4039 3919">
     <span class='ocr_line' id='line_1_82' title="bbox 2452 3844 4039 3919; baseline 0.004 -25"><span class='ocrx_word' id='word_1_604' title='bbox 2452 3844 2626 3909; x_wconf 77' lang='grc' dir='ltr'>ἔγωγε</span> <span class='ocrx_word' id='word_1_605' title='bbox 2675 3846 2980 3913; x_wconf 84' lang='grc' dir='ltr'>ἀκούσομαι</span> <span class='ocrx_word' id='word_1_606' title='bbox 3038 3845 3213 3911; x_wconf 80' lang='grc' dir='ltr'>ὑμῶν,</span> <span class='ocrx_word' id='word_1_607' title='bbox 3268 3846 3420 3913; x_wconf 74' lang='grc' dir='ltr'>ἔλεγε</span> <span class='ocrx_word' id='word_1_608' title='bbox 3479 3847 3617 3915; x_wconf 78' lang='grc' dir='ltr'>μετᾶ</span> <span class='ocrx_word' id='word_1_609' title='bbox 3668 3849 3879 3917; x_wconf 73' lang='grc' dir='ltr'>πολλῆς</span> <span class='ocrx_word' id='word_1_610' title='bbox 3938 3851 4039 3919; x_wconf 69' lang='grc' dir='ltr'>τῆς</span> 
     </span>
    </p>
   </div>
   <div class='ocr_carea' id='block_1_83' title="bbox 2452 3935 4040 4005">
    <p class='ocr_par' dir='ltr' id='par_1_83' title="bbox 2452 3935 4040 4005">
     <span class='ocr_line' id='line_1_83' title="bbox 2452 3935 4040 4005; baseline 0.005 -22"><span class='ocrx_word' id='word_1_611' title='bbox 2452 3935 2723 4003; x_wconf 71' lang='grc' dir='ltr'>κραυγῆς.</span> <span class='ocrx_word' id='word_1_612' title='bbox 2759 3936 2821 3985; x_wconf 81' lang='grc' dir='ltr'>Τί</span> <span class='ocrx_word' id='word_1_613' title='bbox 2856 3936 2910 3986; x_wconf 81' lang='grc' dir='ltr'><strong>δὲ</strong></span> <span class='ocrx_word' id='word_1_614' title='bbox 2943 3936 3035 3986; x_wconf 74' lang='grc' dir='ltr'><strong>καὶ</strong></span> <span class='ocrx_word' id='word_1_615' title='bbox 3066 3937 3207 4004; x_wconf 72' lang='grc' dir='ltr'>ἐμοὶ,</span> <span class='ocrx_word' id='word_1_616' title='bbox 3241 3938 3337 3990; x_wconf 65' lang='lat' dir='ltr'><strong>Liv</strong></span> <span class='ocrx_word' id='word_1_617' title='bbox 3359 3938 3537 4005; x_wconf 73' lang='grc' dir='ltr'>ὑμεῖς,</span> <span class='ocrx_word' id='word_1_618' title='bbox 3558 3938 3632 4000; x_wconf 82' lang='grc' dir='ltr'>ὦς</span> <span class='ocrx_word' id='word_1_619' title='bbox 3660 3955 3833 4005; x_wconf 54' lang='lat' dir='ltr'><strong>pate,</strong></span> <span class='ocrx_word' id='word_1_620' title='bbox 3869 3956 4040 3991; x_wconf 72' lang='grc' dir='ltr'>σκαν-</span> 
     </span>
    </p>
   </div>
   <div class='ocr_carea' id='block_1_84' title="bbox 2451 4027 4039 4098">
    <p class='ocr_par' dir='ltr' id='par_1_84' title="bbox 2451 4027 4039 4098">
     <span class='ocr_line' id='line_1_84' title="bbox 2451 4027 4039 4098; baseline 0.003 -21"><span class='ocrx_word' id='word_1_621' title='bbox 2451 4027 2769 4095; x_wconf 72' lang='grc' dir='ltr'>δαλίζησθες</span> <span class='ocrx_word' id='word_1_622' title='bbox 2800 4028 3075 4097; x_wconf 78' lang='grc' dir='ltr'>ἀπόστητε</span> <span class='ocrx_word' id='word_1_623' title='bbox 3102 4029 3196 4080; x_wconf 78' lang='grc' dir='ltr'>ἀπ’</span> <span class='ocrx_word' id='word_1_624' title='bbox 3216 4028 3372 4098; x_wconf 79' lang='grc' dir='ltr'>ἐμοῦ·</span> <span class='ocrx_word' id='word_1_625' title='bbox 3405 4031 3455 4081; x_wconf 81' lang='grc' dir='ltr'><strong>τί</strong></span> <span class='ocrx_word' id='word_1_626' title='bbox 3485 4031 3660 4081; x_wconf 72' lang='grc' dir='ltr'>κοινὸν</span> <span class='ocrx_word' id='word_1_627' title='bbox 3690 4031 3815 4098; x_wconf 75' lang='grc' dir='ltr'>ἐμοί</span> <span class='ocrx_word' id='word_1_628' title='bbox 3844 4049 3904 4082; x_wconf 84' lang='grc' dir='ltr'><strong>τε</strong></span> <span class='ocrx_word' id='word_1_629' title='bbox 3942 4034 4039 4083; x_wconf 67' lang='grc' dir='ltr'><strong>καὶ</strong></span> 
     </span>
    </p>
   </div>
   <div class='ocr_carea' id='block_1_85' title="bbox 2452 4120 4042 4189">
    <p class='ocr_par' dir='ltr' id='par_1_85' title="bbox 2452 4120 4042 4189">
     <span class='ocr_line' id='line_1_85' title="bbox 2452 4120 4042 4189; baseline 0.006 -25"><span class='ocrx_word' id='word_1_630' title='bbox 2452 4120 2613 4187; x_wconf 74' lang='grc' dir='ltr'>ὑμῖυς</span> <span class='ocrx_word' id='word_1_631' title='bbox 2657 4120 2746 4181; x_wconf 75' lang='grc' dir='ltr'>Ἐξ</span> <span class='ocrx_word' id='word_1_632' title='bbox 2777 4120 3071 4188; x_wconf 83' lang='grc' dir='ltr'>ὑμετέρας,</span> <span class='ocrx_word' id='word_1_633' title='bbox 3129 4123 3283 4189; x_wconf 68' lang='grc' dir='ltr'>φησὶ,</span> <span class='ocrx_word' id='word_1_634' title='bbox 3318 4121 3630 4189; x_wconf 79' lang='grc' dir='ltr'>συμϐουλῆς</span> <span class='ocrx_word' id='word_1_635' title='bbox 3664 4124 3896 4187; x_wconf 78' lang='grc' dir='ltr'>γυναικὶ</span> <span class='ocrx_word' id='word_1_636' title='bbox 3927 4124 4042 4187; x_wconf 60' lang='grc' dir='ltr'>ἐγὼ</span> 
     </span>
    </p>
   </div>
   <div class='ocr_carea' id='block_1_86' title="bbox 2454 4209 4038 4281">
    <p class='ocr_par' dir='ltr' id='par_1_86' title="bbox 2454 4209 4038 4281">
     <span class='ocr_line' id='line_1_86' title="bbox 2454 4209 4038 4281; baseline 0.004 -21"><span class='ocrx_word' id='word_1_637' title='bbox 2454 4209 2887 4278; x_wconf 77' lang='grc' dir='ltr'>συναφθήσομαι,</span> <span class='ocrx_word' id='word_1_638' title='bbox 2927 4211 3018 4263; x_wconf 79' lang='grc' dir='ltr'>καὶ</span> <span class='ocrx_word' id='word_1_639' title='bbox 3051 4212 3332 4279; x_wconf 76' lang='grc' dir='ltr'>βιωτικαῖς</span> <span class='ocrx_word' id='word_1_640' title='bbox 3364 4213 3755 4281; x_wconf 71' lang='grc' dir='ltr'>περιστάσεσιν</span> <span class='ocrx_word' id='word_1_641' title='bbox 3790 4214 4038 4281; x_wconf 72' lang='grc' dir='ltr'>ἐμαυταὶν</span> 
     </span>
    </p>
   </div>
   <div class='ocr_carea' id='block_1_87' title="bbox 2449 4300 4039 4369">
    <p class='ocr_par' dir='ltr' id='par_1_87' title="bbox 2449 4300 4039 4369">
     <span class='ocr_line' id='line_1_87' title="bbox 2449 4300 4039 4369; baseline 0.003 -19"><span class='ocrx_word' id='word_1_642' title='bbox 2449 4300 2695 4366; x_wconf 76' lang='grc' dir='ltr'><strong>ὲμὸαλῶ;</strong></span> <span class='ocrx_word' id='word_1_643' title='bbox 2730 4300 3023 4352; x_wconf 85' lang='grc' dir='ltr'>Παύσασθε</span> <span class='ocrx_word' id='word_1_644' title='bbox 3055 4302 3225 4353; x_wconf 77' lang='grc' dir='ltr'>δὲκαὶ</span> <span class='ocrx_word' id='word_1_645' title='bbox 3259 4301 3351 4353; x_wconf 82' lang='grc' dir='ltr'><strong>τοῦ</strong></span> <span class='ocrx_word' id='word_1_646' title='bbox 3382 4303 3447 4354; x_wconf 68' lang='grc' dir='ltr'><strong>τε</strong></span> <span class='ocrx_word' id='word_1_647' title='bbox 3479 4304 3585 4369; x_wconf 78' lang='grc' dir='ltr'><strong>ἐ.μά</strong></span> <span class='ocrx_word' id='word_1_648' title='bbox 3612 4304 3895 4355; x_wconf 79' lang='grc' dir='ltr'>σκώπτειν</span> <span class='ocrx_word' id='word_1_649' title='bbox 3943 4307 4039 4355; x_wconf 67' lang='grc' dir='ltr'><strong>καὶ</strong></span> 
     </span>
    </p>
   </div>
   <div class='ocr_carea' id='block_1_88' title="bbox 2449 4392 4041 4462">
    <p class='ocr_par' dir='ltr' id='par_1_88' title="bbox 2449 4392 4041 4462">
     <span class='ocr_line' id='line_1_88' title="bbox 2449 4392 4041 4462; baseline 0.003 -19"><span class='ocrx_word' id='word_1_650' title='bbox 2449 4392 2752 4445; x_wconf 79' lang='grc' dir='ltr'>διαὸἀλλειν</span> <span class='ocrx_word' id='word_1_651' title='bbox 2774 4407 2790 4420; x_wconf 86' lang='grc'><strong><em>⁸</em></strong></span> <span class='ocrx_word' id='word_1_652' title='bbox 2818 4394 2893 4460; x_wconf 84' lang='grc' dir='ltr'>μὴ</span> <span class='ocrx_word' id='word_1_653' title='bbox 2922 4396 3029 4460; x_wconf 77' lang='grc' dir='ltr'>γὰρ</span> <span class='ocrx_word' id='word_1_654' title='bbox 3053 4394 3207 4461; x_wconf 79' lang='grc' dir='ltr'>ὑμεῖς</span> <span class='ocrx_word' id='word_1_655' title='bbox 3239 4395 3536 4462; x_wconf 81' lang='grc' dir='ltr'>κατέστητε</span> <span class='ocrx_word' id='word_1_656' title='bbox 3560 4395 3669 4447; x_wconf 71' lang='grc' dir='ltr'><strong>τῶν</strong></span> <span class='ocrx_word' id='word_1_657' title='bbox 3698 4396 3852 4461; x_wconf 67' lang='grc' dir='ltr'>ἐμῶν</span> <span class='ocrx_word' id='word_1_658' title='bbox 3886 4398 4041 4447; x_wconf 68' lang='grc' dir='ltr'>δεκα-</span> 
     </span>
    </p>
   </div>
   <div class='ocr_carea' id='block_1_89' title="bbox 774 4482 4045 4557">
    <p class='ocr_par' dir='ltr' id='par_1_89' title="bbox 774 4482 4045 4557">
     <span class='ocr_line' id='line_1_89' title="bbox 774 4482 4045 4557; baseline 0.002 -22"><span class='ocrx_word' id='word_1_659' title='bbox 774 4484 937 4549; x_wconf 82' lang='grc' dir='ltr'>σταί;</span> <span class='ocrx_word' id='word_1_660' title='bbox 978 4482 1113 4550; x_wconf 79' lang='grc' dir='ltr'>Περὶ</span> <span class='ocrx_word' id='word_1_661' title='bbox 1142 4482 1249 4533; x_wconf 84' lang='grc' dir='ltr'><strong>τῶν</strong></span> <span class='ocrx_word' id='word_1_662' title='bbox 1273 4482 1494 4535; x_wconf 88' lang='grc' dir='ltr'>οἰκείων</span> <span class='ocrx_word' id='word_1_663' title='bbox 1524 4484 1679 4551; x_wconf 82' lang='grc' dir='ltr'>ὑμῶν</span> <span class='ocrx_word' id='word_1_664' title='bbox 1713 4484 1923 4553; x_wconf 85' lang='grc' dir='ltr'>μελέτω</span> <span class='ocrx_word' id='word_1_665' title='bbox 1948 4502 1961 4515; x_wconf 83' lang='grc'><em>’</em></span> <span class='ocrx_word' id='word_1_666' title='bbox 2008 4487 2194 4556; x_wconf 76' lang='grc' dir='ltr'>ἕτερος</span> <span class='ocrx_word' id='word_1_667' title='bbox 2234 4487 2341 4555; x_wconf 81' lang='grc' dir='ltr'>γάρ</span> <span class='ocrx_word' id='word_1_668' title='bbox 2382 4488 2533 4539; x_wconf 79' lang='grc' dir='ltr'>ἐστιν</span> <span class='ocrx_word' id='word_1_669' title='bbox 2590 4491 2617 4540; x_wconf 85' lang='grc' dir='ltr'>ὁ</span> <span class='ocrx_word' id='word_1_670' title='bbox 2683 4491 2869 4556; x_wconf 81' lang='grc' dir='ltr'>κρῖναι</span> <span class='ocrx_word' id='word_1_671' title='bbox 2908 4488 3119 4555; x_wconf 78' lang='grc' dir='ltr'>μέλλων</span> <span class='ocrx_word' id='word_1_672' title='bbox 3155 4489 3251 4557; x_wconf 76' lang='grc' dir='ltr'><strong>τὴν</strong></span> <span class='ocrx_word' id='word_1_673' title='bbox 3280 4488 3626 4557; x_wconf 79' lang='grc' dir='ltr'>οἰκουμένην,</span> <span class='ocrx_word' id='word_1_674' title='bbox 3673 4488 3729 4549; x_wconf 79' lang='grc' dir='ltr'>ὃς</span> <span class='ocrx_word' id='word_1_675' title='bbox 3769 4491 3867 4540; x_wconf 79' lang='grc' dir='ltr'><strong>καὶ</strong></span> <span class='ocrx_word' id='word_1_676' title='bbox 3900 4492 4045 4541; x_wconf 59' lang='lat' dir='ltr'><strong>timo</strong></span> 
     </span>
    </p>
   </div>
   <div class='ocr_carea' id='block_1_90' title="bbox 770 4576 1840 4646">
    <p class='ocr_par' dir='ltr' id='par_1_90' title="bbox 770 4576 1840 4646">
     <span class='ocr_line' id='line_1_90' title="bbox 770 4576 1840 4646; baseline 0.001 -15"><span class='ocrx_word' id='word_1_677' title='bbox 770 4577 931 4631; x_wconf 84' lang='grc' dir='ltr'>δώσει</span> <span class='ocrx_word' id='word_1_678' title='bbox 962 4578 1177 4646; x_wconf 81' lang='grc' dir='ltr'>ὲκάστῳ</span> <span class='ocrx_word' id='word_1_679' title='bbox 1204 4576 1345 4628; x_wconf 84' lang='grc' dir='ltr'><strong>κατά</strong></span> <span class='ocrx_word' id='word_1_680' title='bbox 1376 4578 1436 4629; x_wconf 82' lang='grc' dir='ltr'><strong>τὸ</strong></span> <span class='ocrx_word' id='word_1_681' title='bbox 1463 4577 1622 4646; x_wconf 83' lang='grc' dir='ltr'>ἔργον</span> <span class='ocrx_word' id='word_1_682' title='bbox 1654 4579 1840 4633; x_wconf 84' lang='grc' dir='ltr'>αὐτοῦ.</span> 
     </span>
    </p>
   </div>
   <div class='ocr_carea' id='block_1_91' title="bbox 846 4670 2421 4739">
    <p class='ocr_par' dir='ltr' id='par_1_91' title="bbox 846 4670 2421 4739">
     <span class='ocr_line' id='line_1_91' title="bbox 846 4670 2421 4739; baseline 0.005 -16"><span class='ocrx_word' id='word_1_683' title='bbox 846 4670 982 4725; x_wconf 76' lang='lat' dir='ltr'><strong>LXI.</strong></span> <span class='ocrx_word' id='word_1_684' title='bbox 1027 4671 1174 4725; x_wconf 82' lang='lat' dir='ltr'><strong>Multi</strong></span> <span class='ocrx_word' id='word_1_685' title='bbox 1209 4686 1337 4739; x_wconf 84' lang='lat' dir='ltr'><strong>ergo</strong></span> <span class='ocrx_word' id='word_1_686' title='bbox 1373 4670 1486 4724; x_wconf 64' lang='lat' dir='ltr'><strong>haec</strong></span> <span class='ocrx_word' id='word_1_687' title='bbox 1516 4672 1677 4725; x_wconf 89' lang='lat' dir='ltr'><strong>verba</strong></span> <span class='ocrx_word' id='word_1_688' title='bbox 1713 4676 1993 4728; x_wconf 85' lang='lat' dir='ltr'><strong>audientes</strong></span> <span class='ocrx_word' id='word_1_689' title='bbox 2028 4689 2149 4728; x_wconf 90' lang='lat' dir='ltr'><strong>cum</strong></span> <span class='ocrx_word' id='word_1_690' title='bbox 2186 4687 2341 4728; x_wconf 86' lang='lat' dir='ltr'><strong>acer-</strong></span> <span class='ocrx_word' id='word_1_691' title='bbox 2379 4676 2421 4731; x_wconf 89' lang='lat' dir='ltr'><strong>D</strong></span> 
     </span>
    </p>
   </div>
   <div class='ocr_carea' id='block_1_92' title="bbox 770 4750 2339 4832">
    <p class='ocr_par' dir='ltr' id='par_1_92' title="bbox 770 4750 2339 4832">
     <span class='ocr_line' id='line_1_92' title="bbox 770 4750 2339 4832; baseline 0.003 -19"><span class='ocrx_word' id='word_1_692' title='bbox 770 4763 943 4816; x_wconf 86' lang='lat' dir='ltr'><strong>bitate</strong></span> <span class='ocrx_word' id='word_1_693' title='bbox 971 4771 1023 4816; x_wconf 93' lang='lat' dir='ltr'><strong>et</strong></span> <span class='ocrx_word' id='word_1_694' title='bbox 1053 4750 1457 4824; x_wconf 79' lang='lat' dir='ltr'><strong>vociferatione,</strong></span> <span class='ocrx_word' id='word_1_695' title='bbox 1483 4761 1571 4814; x_wconf 92' lang='lat' dir='ltr'><strong>alii</strong></span> <span class='ocrx_word' id='word_1_696' title='bbox 1602 4762 1812 4830; x_wconf 86' lang='lat' dir='ltr'><strong>quidem</strong></span> <span class='ocrx_word' id='word_1_697' title='bbox 1846 4766 2129 4819; x_wconf 87' lang='lat' dir='ltr'><strong>cessabant</strong></span> <span class='ocrx_word' id='word_1_698' title='bbox 2158 4778 2339 4832; x_wconf 88' lang='lat' dir='ltr'><strong>repre-</strong></span> 
     </span>
    </p>
   </div>
   <div class='ocr_carea' id='block_1_93' title="bbox 774 4852 2334 4921">
    <p class='ocr_par' dir='ltr' id='par_1_93' title="bbox 774 4852 2334 4921">
     <span class='ocr_line' id='line_1_93' title="bbox 774 4852 2334 4921; baseline 0.002 -16"><span class='ocrx_word' id='word_1_699' title='bbox 774 4854 1041 4918; x_wconf 84' lang='lat' dir='ltr'><strong>hendere,</strong></span> <span class='ocrx_word' id='word_1_700' title='bbox 1088 4852 1203 4921; x_wconf 84' lang='lat' dir='ltr'><strong>ejus</strong></span> <span class='ocrx_word' id='word_1_701' title='bbox 1234 4853 1616 4920; x_wconf 84' lang='lat' dir='ltr'><strong>impudentiam</strong></span> <span class='ocrx_word' id='word_1_702' title='bbox 1652 4856 1903 4909; x_wconf 90' lang='lat' dir='ltr'><strong>timentes</strong></span> <span class='ocrx_word' id='word_1_703' title='bbox 1935 4866 1987 4909; x_wconf 88' lang='lat' dir='ltr'><strong>et</strong></span> <span class='ocrx_word' id='word_1_704' title='bbox 2023 4857 2334 4919; x_wconf 87' lang='lat' dir='ltr'><strong>audaciam;</strong></span> 
     </span>
    </p>
   </div>
   <div class='ocr_carea' id='block_1_94' title="bbox 773 4945 2335 5014">
    <p class='ocr_par' dir='ltr' id='par_1_94' title="bbox 773 4945 2335 5014">
     <span class='ocr_line' id='line_1_94' title="bbox 773 4945 2335 5014; baseline 0.001 -17"><span class='ocrx_word' id='word_1_705' title='bbox 773 4945 861 4997; x_wconf 82' lang='lat' dir='ltr'><strong>alii</strong></span> <span class='ocrx_word' id='word_1_706' title='bbox 894 4959 1020 4997; x_wconf 79' lang='lat' dir='ltr'><strong>vero</strong></span> <span class='ocrx_word' id='word_1_707' title='bbox 1046 4945 1385 4997; x_wconf 86' lang='lat' dir='ltr'><strong>conabantur</strong></span> <span class='ocrx_word' id='word_1_708' title='bbox 1412 4959 1533 4999; x_wconf 86' lang='lat' dir='ltr'><strong>eum</strong></span> <span class='ocrx_word' id='word_1_709' title='bbox 1582 4947 1720 5014; x_wconf 87' lang='lat' dir='ltr'><strong>apud</strong></span> <span class='ocrx_word' id='word_1_710' title='bbox 1752 4956 1994 5000; x_wconf 84' lang='lat' dir='ltr'><strong>sanctum</strong></span> <span class='ocrx_word' id='word_1_711' title='bbox 2035 4946 2335 5000; x_wconf 88' lang='lat' dir='ltr'><strong>criminari.</strong></span> 
     </span>
    </p>
   </div>
   <div class='ocr_carea' id='block_1_95' title="bbox 774 5035 2339 5106">
    <p class='ocr_par' dir='ltr' id='par_1_95' title="bbox 774 5035 2339 5106">
     <span class='ocr_line' id='line_1_95' title="bbox 774 5035 2339 5106; baseline 0.002 -19"><span class='ocrx_word' id='word_1_712' title='bbox 774 5036 880 5089; x_wconf 91' lang='lat' dir='ltr'><strong>Sed</strong></span> <span class='ocrx_word' id='word_1_713' title='bbox 912 5035 1026 5099; x_wconf 91' lang='lat' dir='ltr'><strong>ille,</strong></span> <span class='ocrx_word' id='word_1_714' title='bbox 1068 5046 1125 5088; x_wconf 90' lang='lat' dir='ltr'><strong>ut</strong></span> <span class='ocrx_word' id='word_1_715' title='bbox 1155 5038 1241 5103; x_wconf 89' lang='lat' dir='ltr'><strong>qui</strong></span> <span class='ocrx_word' id='word_1_716' title='bbox 1274 5051 1303 5087; x_wconf 91' lang='lat' dir='ltr'><strong>a</strong></span> <span class='ocrx_word' id='word_1_717' title='bbox 1333 5035 1757 5101; x_wconf 85' lang='lat' dir='ltr'><strong>Dendidicerat,</strong></span> <span class='ocrx_word' id='word_1_718' title='bbox 1789 5041 1930 5106; x_wconf 88' lang='lat' dir='ltr'><strong>quali</strong></span> <span class='ocrx_word' id='word_1_719' title='bbox 1973 5040 2169 5093; x_wconf 80' lang='lat' dir='ltr'><strong>virtute</strong></span> <span class='ocrx_word' id='word_1_720' title='bbox 2200 5048 2339 5093; x_wconf 81' lang='lat' dir='ltr'><strong>esset</strong></span> 
     </span>
    </p>
   </div>
   <div class='ocr_carea' id='block_1_96' title="bbox 772 5126 2339 5199">
    <p class='ocr_par' dir='ltr' id='par_1_96' title="bbox 772 5126 2339 5199">
     <span class='ocr_line' id='line_1_96' title="bbox 772 5126 2339 5199; baseline 0.003 -20"><span class='ocrx_word' id='word_1_721' title='bbox 772 5141 960 5189; x_wconf 77' lang='lat' dir='ltr'><strong>senex,</strong></span> <span class='ocrx_word' id='word_1_722' title='bbox 1004 5126 1223 5182; x_wconf 90' lang='lat' dir='ltr'><strong>minime</strong></span> <span class='ocrx_word' id='word_1_723' title='bbox 1269 5130 1581 5183; x_wconf 74' lang='lat' dir='ltr'><strong>attendebat</strong></span> <span class='ocrx_word' id='word_1_724' title='bbox 1628 5146 1725 5194; x_wconf 89' lang='lat' dir='ltr'><strong>ea,</strong></span> <span class='ocrx_word' id='word_1_725' title='bbox 1766 5146 1887 5199; x_wconf 63' lang='lat' dir='ltr'><strong>quae</strong></span> <span class='ocrx_word' id='word_1_726' title='bbox 1930 5132 2247 5185; x_wconf 83' lang='lat' dir='ltr'><strong>dicebantur</strong></span> <span class='ocrx_word' id='word_1_727' title='bbox 2274 5136 2339 5184; x_wconf 83' lang='lat' dir='ltr'><strong>ab</strong></span> 
     </span>
    </p>
   </div>
   <div class='ocr_carea' id='block_1_97' title="bbox 773 5219 2341 5291">
    <p class='ocr_par' dir='ltr' id='par_1_97' title="bbox 773 5219 2341 5291">
     <span class='ocr_line' id='line_1_97' title="bbox 773 5219 2341 5291; baseline 0.003 -21"><span class='ocrx_word' id='word_1_728' title='bbox 773 5219 930 5285; x_wconf 83' lang='lat' dir='ltr'><strong>ipsis,</strong></span> <span class='ocrx_word' id='word_1_729' title='bbox 959 5229 1015 5271; x_wconf 92' lang='lat' dir='ltr'><strong>ut</strong></span> <span class='ocrx_word' id='word_1_730' title='bbox 1038 5219 1126 5289; x_wconf 92' lang='lat' dir='ltr'><strong>qui</strong></span> <span class='ocrx_word' id='word_1_731' title='bbox 1158 5230 1281 5273; x_wconf 90' lang='lat' dir='ltr'><strong>aute</strong></span> <span class='ocrx_word' id='word_1_732' title='bbox 1306 5222 1492 5274; x_wconf 84' lang='lat' dir='ltr'><strong>oculos</strong></span> <span class='ocrx_word' id='word_1_733' title='bbox 1517 5237 1730 5290; x_wconf 87' lang='lat' dir='ltr'><strong>semper</strong></span> <span class='ocrx_word' id='word_1_734' title='bbox 1761 5224 2088 5291; x_wconf 89' lang='lat' dir='ltr'><strong>descriptum</strong></span> <span class='ocrx_word' id='word_1_735' title='bbox 2121 5223 2341 5276; x_wconf 83' lang='lat' dir='ltr'><strong>haberet</strong></span> 
     </span>
    </p>
   </div>
   <div class='ocr_carea' id='block_1_98' title="bbox 772 5311 2339 5369">
    <p class='ocr_par' dir='ltr' id='par_1_98' title="bbox 772 5311 2339 5369">
     <span class='ocr_line' id='line_1_98' title="bbox 772 5311 2339 5369; baseline 0.002 -5"><span class='ocrx_word' id='word_1_736' title='bbox 772 5311 905 5365; x_wconf 82' lang='lat' dir='ltr'><strong>illud</strong></span> <span class='ocrx_word' id='word_1_737' title='bbox 930 5312 1093 5366; x_wconf 79' lang='lat' dir='ltr'><strong>excisi</strong></span> <span class='ocrx_word' id='word_1_738' title='bbox 1119 5313 1385 5367; x_wconf 83' lang='lat' dir='ltr'><strong>monachi.</strong></span> <span class='ocrx_word' id='word_1_739' title='bbox 1420 5312 1691 5368; x_wconf 83' lang='lat' dir='ltr'><strong>Suadebat</strong></span> <span class='ocrx_word' id='word_1_740' title='bbox 1718 5326 1893 5369; x_wconf 87' lang='lat' dir='ltr'><strong>autem</strong></span> <span class='ocrx_word' id='word_1_741' title='bbox 1922 5316 2144 5369; x_wconf 81' lang='lat' dir='ltr'><strong>omnino</strong></span> <span class='ocrx_word' id='word_1_742' title='bbox 2174 5316 2339 5367; x_wconf 81' lang='lat' dir='ltr'><strong>vitare</strong></span> 
     </span>
    </p>
   </div>
   <div class='ocr_carea' id='block_1_99' title="bbox 773 5402 2337 5474">
    <p class='ocr_par' dir='ltr' id='par_1_99' title="bbox 773 5402 2337 5474">
     <span class='ocr_line' id='line_1_99' title="bbox 773 5402 2337 5474; baseline 0.004 -21"><span class='ocrx_word' id='word_1_743' title='bbox 773 5402 1150 5455; x_wconf 84' lang='lat' dir='ltr'><strong>accusationes</strong></span> <span class='ocrx_word' id='word_1_744' title='bbox 1174 5417 1291 5471; x_wconf 66' lang='lat' dir='ltr'><strong>quae</strong></span> <span class='ocrx_word' id='word_1_745' title='bbox 1324 5402 1523 5457; x_wconf 86' lang='lat' dir='ltr'><strong>fiebant</strong></span> <span class='ocrx_word' id='word_1_746' title='bbox 1551 5405 1809 5459; x_wconf 90' lang='lat' dir='ltr'><strong>adversus</strong></span> <span class='ocrx_word' id='word_1_747' title='bbox 1842 5408 2129 5459; x_wconf 69' lang='lat' dir='ltr'><strong>monachos</strong></span> <span class='ocrx_word' id='word_1_748' title='bbox 2151 5446 2164 5467; x_wconf 92' lang='lat'><strong>,</strong></span> <span class='ocrx_word' id='word_1_749' title='bbox 2205 5420 2337 5474; x_wconf 71' lang='lat' dir='ltr'><strong>prac-</strong></span> 
     </span>
    </p>
   </div>
   <div class='ocr_carea' id='block_1_100' title="bbox 772 5492 2340 5564">
    <p class='ocr_par' dir='ltr' id='par_1_100' title="bbox 772 5492 2340 5564">
     <span class='ocr_line' id='line_1_100' title="bbox 772 5492 2340 5564; baseline 0.003 -19"><span class='ocrx_word' id='word_1_750' title='bbox 772 5492 979 5547; x_wconf 84' lang='lat' dir='ltr'><strong>clarum</strong></span> <span class='ocrx_word' id='word_1_751' title='bbox 1012 5493 1142 5547; x_wconf 88' lang='lat' dir='ltr'><strong>illud</strong></span> <span class='ocrx_word' id='word_1_752' title='bbox 1176 5496 1395 5547; x_wconf 81' lang='lat' dir='ltr'><strong>verbum</strong></span> <span class='ocrx_word' id='word_1_753' title='bbox 1430 5494 1771 5564; x_wconf 82' lang='lat' dir='ltr'><strong>imperatoris</strong></span> <span class='ocrx_word' id='word_1_754' title='bbox 1799 5498 2165 5558; x_wconf 80' lang='lat' dir='ltr'><strong>Constantini,</strong></span> <span class='ocrx_word' id='word_1_755' title='bbox 2200 5499 2340 5551; x_wconf 84' lang='lat' dir='ltr'><strong>inter</strong></span> 
     </span>
    </p>
   </div>
   <div class='ocr_carea' id='block_1_101' title="bbox 773 5584 2339 5659">
    <p class='ocr_par' dir='ltr' id='par_1_101' title="bbox 773 5584 2339 5659">
     <span class='ocr_line' id='line_1_101' title="bbox 773 5584 2339 5659; baseline 0.003 -23"><span class='ocrx_word' id='word_1_756' title='bbox 773 5584 1122 5650; x_wconf 78' lang='lat' dir='ltr'><strong>imperatores</strong></span> <span class='ocrx_word' id='word_1_757' title='bbox 1142 5585 1498 5650; x_wconf 90' lang='lat' dir='ltr'><strong>celeberrimi,</strong></span> <span class='ocrx_word' id='word_1_758' title='bbox 1518 5589 1566 5641; x_wconf 91' lang='lat' dir='ltr'><strong>in</strong></span> <span class='ocrx_word' id='word_1_759' title='bbox 1587 5603 1678 5643; x_wconf 87' lang='lat' dir='ltr'><strong>ore</strong></span> <span class='ocrx_word' id='word_1_760' title='bbox 1702 5590 1925 5653; x_wconf 90' lang='lat' dir='ltr'><strong>habens,</strong></span> <span class='ocrx_word' id='word_1_761' title='bbox 1947 5591 2033 5659; x_wconf 86' lang='lat' dir='ltr'><strong>qui</strong></span> <span class='ocrx_word' id='word_1_762' title='bbox 2056 5592 2105 5645; x_wconf 94' lang='lat' dir='ltr'><strong>in</strong></span> <span class='ocrx_word' id='word_1_763' title='bbox 2134 5590 2339 5643; x_wconf 74' lang='lat' dir='ltr'><strong>Nicazna</strong></span> 
     </span>
    </p>
   </div>
   <div class='ocr_carea' id='block_1_102' title="bbox 774 5674 2339 5751">
    <p class='ocr_par' dir='ltr' id='par_1_102' title="bbox 774 5674 2339 5751">
     <span class='ocr_line' id='line_1_102' title="bbox 774 5674 2339 5751; baseline 0.006 -24"><span class='ocrx_word' id='word_1_764' title='bbox 774 5675 981 5741; x_wconf 81' lang='lat' dir='ltr'><strong>synodo</strong></span> <span class='ocrx_word' id='word_1_765' title='bbox 1017 5674 1217 5729; x_wconf 91' lang='lat' dir='ltr'><strong>libellos</strong></span> <span class='ocrx_word' id='word_1_766' title='bbox 1242 5679 1647 5733; x_wconf 85' lang='lat' dir='ltr'><strong>accusationum</strong></span> <span class='ocrx_word' id='word_1_767' title='bbox 1669 5681 1821 5733; x_wconf 90' lang='lat' dir='ltr'><strong>datos</strong></span> <span class='ocrx_word' id='word_1_768' title='bbox 1846 5683 2104 5735; x_wconf 74' lang='lat' dir='ltr'><strong>adversus</strong></span> <span class='ocrx_word' id='word_1_769' title='bbox 2131 5683 2339 5751; x_wconf 86' lang='lat' dir='ltr'><strong>aliquos</strong></span> 
     </span>
    </p>
   </div>
   <div class='ocr_carea' id='block_1_103' title="bbox 771 5766 2333 5845">
    <p class='ocr_par' dir='ltr' id='par_1_103' title="bbox 771 5766 2333 5845">
     <span class='ocr_line' id='line_1_103' title="bbox 771 5766 2333 5845; baseline 0.008 -30"><span class='ocrx_word' id='word_1_770' title='bbox 771 5766 1053 5832; x_wconf 70' lang='lat' dir='ltr'><strong>episcopos</strong></span> <span class='ocrx_word' id='word_1_771' title='bbox 1078 5781 1181 5819; x_wconf 90' lang='lat' dir='ltr'><strong>non</strong></span> <span class='ocrx_word' id='word_1_772' title='bbox 1214 5768 1451 5831; x_wconf 81' lang='lat' dir='ltr'><strong>admisit,</strong></span> <span class='ocrx_word' id='word_1_773' title='bbox 1484 5773 1701 5831; x_wconf 82' lang='lat' dir='ltr'><strong>dicens:</strong></span> <span class='ocrx_word' id='word_1_774' title='bbox 1736 5776 1788 5827; x_wconf 84' lang='lat' dir='ltr'><strong>Si</strong></span> <span class='ocrx_word' id='word_1_775' title='bbox 1834 5778 1882 5829; x_wconf 87' lang='lat' dir='ltr'><strong>in</strong></span> <span class='ocrx_word' id='word_1_776' title='bbox 1910 5779 2215 5845; x_wconf 61' lang='lat' dir='ltr'><strong>episcopum</strong></span> <span class='ocrx_word' id='word_1_777' title='bbox 2248 5786 2333 5829; x_wconf 90' lang='lat' dir='ltr'><strong>aut</strong></span> 
     </span>
    </p>
   </div>
   <div class='ocr_carea' id='block_1_104' title="bbox 776 5860 2332 5925">
    <p class='ocr_par' dir='ltr' id='par_1_104' title="bbox 776 5860 2332 5925">
     <span class='ocr_line' id='line_1_104' title="bbox 776 5860 2332 5925; baseline 0.008 -18"><span class='ocrx_word' id='word_1_778' title='bbox 776 5860 1094 5910; x_wconf 61' lang='lat' dir='ltr'><strong>Iil&#39;JIJWIiIlllll</strong></span> <span class='ocrx_word' id='word_1_779' title='bbox 1162 5860 1512 5916; x_wconf 64' lang='lat' dir='ltr'><strong>ft&#39;l‘ttit&#39;.’tttll.‘m</strong></span> <span class='ocrx_word' id='word_1_780' title='bbox 1581 5866 1927 5925; x_wconf 59' lang='grc' dir='ltr'><strong>ἱυιὶηῑεεδριει,</strong></span> <span class='ocrx_word' id='word_1_781' title='bbox 1997 5873 2332 5925; x_wconf 49' lang='grc' dir='ltr'>διιμίιιίιξξνιιι</span> 
     </span>
    </p>
   </div>
   <div class='ocr_carea' id='block_1_105' title="bbox 2519 4668 4037 4742">
    <p class='ocr_par' dir='ltr' id='par_1_105' title="bbox 2519 4668 4037 4742">
     <span class='ocr_line' id='line_1_105' title="bbox 2519 4668 4037 4742; baseline 0.003 -21"><span class='ocrx_word' id='word_1_782' title='bbox 2519 4668 2644 4722; x_wconf 58' lang='grc' dir='ltr'><strong>ΞΑἏ</strong></span> <span class='ocrx_word' id='word_1_783' title='bbox 2684 4668 2901 4721; x_wconf 78' lang='grc' dir='ltr'>Τούτων</span> <span class='ocrx_word' id='word_1_784' title='bbox 2940 4668 3033 4721; x_wconf 78' lang='grc' dir='ltr'><strong>οῦν</strong></span> <span class='ocrx_word' id='word_1_785' title='bbox 3087 4669 3270 4721; x_wconf 73' lang='grc' dir='ltr'>πολλοὶ</span> <span class='ocrx_word' id='word_1_786' title='bbox 3324 4669 3432 4721; x_wconf 86' lang='grc' dir='ltr'>τῶν</span> <span class='ocrx_word' id='word_1_787' title='bbox 3469 4673 3564 4721; x_wconf 74' lang='grc' dir='ltr'><strong>σὺν</strong></span> <span class='ocrx_word' id='word_1_788' title='bbox 3618 4670 3901 4742; x_wconf 71' lang='grc' dir='ltr'>αὖστηρίᾳ</span> <span class='ocrx_word' id='word_1_789' title='bbox 3944 4678 4037 4726; x_wconf 70' lang='grc' dir='ltr'><strong>καὶ</strong></span> 
     </span>
    </p>
   </div>
   <div class='ocr_carea' id='block_1_106' title="bbox 2450 4760 4037 4831">
    <p class='ocr_par' dir='ltr' id='par_1_106' title="bbox 2450 4760 4037 4831">
     <span class='ocr_line' id='line_1_106' title="bbox 2450 4760 4037 4831; baseline 0 -18"><span class='ocrx_word' id='word_1_790' title='bbox 2450 4762 2542 4831; x_wconf 84' lang='grc' dir='ltr'><strong>βοῇ</strong></span> <span class='ocrx_word' id='word_1_791' title='bbox 2572 4762 2743 4827; x_wconf 80' lang='grc' dir='ltr'>λόγων</span> <span class='ocrx_word' id='word_1_792' title='bbox 2780 4762 3069 4823; x_wconf 77' lang='grc' dir='ltr'>ἀκούοντες</span> <span class='ocrx_word' id='word_1_793' title='bbox 3093 4800 3105 4824; x_wconf 86' lang='grc'><strong>,</strong></span> <span class='ocrx_word' id='word_1_794' title='bbox 3138 4763 3187 4812; x_wconf 77' lang='lat' dir='ltr'><strong>ot</strong></span> <span class='ocrx_word' id='word_1_795' title='bbox 3247 4760 3346 4827; x_wconf 82' lang='grc' dir='ltr'><strong>μὲν</strong></span> <span class='ocrx_word' id='word_1_796' title='bbox 3397 4760 3663 4812; x_wconf 80' lang='grc' dir='ltr'>ἐπαύοντο</span> <span class='ocrx_word' id='word_1_797' title='bbox 3724 4765 3835 4813; x_wconf 77' lang='grc' dir='ltr'>τῶν</span> <span class='ocrx_word' id='word_1_798' title='bbox 3880 4765 4037 4831; x_wconf 71' lang='grc' dir='ltr'>ἐλέγ-</span> 
     </span>
    </p>
   </div>
   <div class='ocr_carea' id='block_1_107' title="bbox 2456 4853 4036 4922">
    <p class='ocr_par' dir='ltr' id='par_1_107' title="bbox 2456 4853 4036 4922">
     <span class='ocr_line' id='line_1_107' title="bbox 2456 4853 4036 4922; baseline 0.004 -19"><span class='ocrx_word' id='word_1_799' title='bbox 2456 4873 2587 4922; x_wconf 83' lang='grc' dir='ltr'>χων,</span> <span class='ocrx_word' id='word_1_800' title='bbox 2620 4853 3073 4922; x_wconf 86' lang='grc' dir='ltr'>ύποστελλόμενοι</span> <span class='ocrx_word' id='word_1_801' title='bbox 3095 4853 3190 4919; x_wconf 80' lang='grc' dir='ltr'><strong>τὴν</strong></span> <span class='ocrx_word' id='word_1_802' title='bbox 3229 4853 3391 4919; x_wconf 76' lang='grc' dir='ltr'>δῆθεν</span> <span class='ocrx_word' id='word_1_803' title='bbox 3422 4854 3700 4907; x_wconf 81' lang='grc' dir='ltr'>ἀναίδειαν</span> <span class='ocrx_word' id='word_1_804' title='bbox 3735 4857 3907 4907; x_wconf 78' lang='grc' dir='ltr'>αὑτοῦ</span> <span class='ocrx_word' id='word_1_805' title='bbox 3939 4864 4036 4910; x_wconf 76' lang='grc' dir='ltr'><strong>καὶ</strong></span> 
     </span>
    </p>
   </div>
   <div class='ocr_carea' id='block_1_108' title="bbox 2446 4944 4034 5015">
    <p class='ocr_par' dir='ltr' id='par_1_108' title="bbox 2446 4944 4034 5015">
     <span class='ocr_line' id='line_1_108' title="bbox 2446 4944 4034 5015; baseline 0.003 -20"><span class='ocrx_word' id='word_1_806' title='bbox 2446 4946 2502 4997; x_wconf 74' lang='grc' dir='ltr'><strong>τὸ</strong></span> <span class='ocrx_word' id='word_1_807' title='bbox 2535 4946 2730 5013; x_wconf 76' lang='grc' dir='ltr'>θράσος</span> <span class='ocrx_word' id='word_1_808' title='bbox 2754 4961 2766 4974; x_wconf 93' lang='grc'><strong>·</strong></span> <span class='ocrx_word' id='word_1_809' title='bbox 2796 4946 2844 4995; x_wconf 73' lang='grc' dir='ltr'>οἱ</span> <span class='ocrx_word' id='word_1_810' title='bbox 2891 4945 2946 4995; x_wconf 80' lang='grc' dir='ltr'><strong>δὲ</strong></span> <span class='ocrx_word' id='word_1_811' title='bbox 2986 4944 3295 4997; x_wconf 80' lang='grc' dir='ltr'>διαόἀλλειν</span> <span class='ocrx_word' id='word_1_812' title='bbox 3320 4946 3456 5015; x_wconf 75' lang='grc' dir='ltr'>πρὸς</span> <span class='ocrx_word' id='word_1_813' title='bbox 3497 4948 3585 4997; x_wconf 80' lang='grc' dir='ltr'><strong>τὸν</strong></span> <span class='ocrx_word' id='word_1_814' title='bbox 3626 4948 3774 4997; x_wconf 84' lang='grc' dir='ltr'>δσιον</span> <span class='ocrx_word' id='word_1_815' title='bbox 3810 4952 4034 5015; x_wconf 49' lang='lat' dir='ltr'><strong>saeva-f-</strong></span> 
     </span>
    </p>
   </div>
   <div class='ocr_carea' id='block_1_109' title="bbox 2449 5032 4033 5106">
    <p class='ocr_par' dir='ltr' id='par_1_109' title="bbox 2449 5032 4033 5106">
     <span class='ocr_line' id='line_1_109' title="bbox 2449 5032 4033 5106; baseline 0.003 -18"><span class='ocrx_word' id='word_1_816' title='bbox 2449 5054 2599 5105; x_wconf 85' lang='grc' dir='ltr'>ρουν.</span> <span class='ocrx_word' id='word_1_817' title='bbox 2651 5035 2790 5087; x_wconf 75' lang='grc' dir='ltr'>Ἀλλ’</span> <span class='ocrx_word' id='word_1_818' title='bbox 2819 5037 3025 5097; x_wconf 80' lang='grc' dir='ltr'>ἐκεῖνος</span> <span class='ocrx_word' id='word_1_819' title='bbox 3060 5032 3170 5097; x_wconf 76' lang='grc' dir='ltr'>οἷος</span> <span class='ocrx_word' id='word_1_820' title='bbox 3198 5032 3265 5105; x_wconf 80' lang='grc' dir='ltr'>ἦν</span> <span class='ocrx_word' id='word_1_821' title='bbox 3292 5037 3391 5105; x_wconf 79' lang='grc' dir='ltr'><strong>τὴν</strong></span> <span class='ocrx_word' id='word_1_822' title='bbox 3420 5037 3621 5105; x_wconf 78' lang='grc' dir='ltr'>ἀρετὴν</span> <span class='ocrx_word' id='word_1_823' title='bbox 3656 5040 3683 5089; x_wconf 76' lang='grc' dir='ltr'>ὁ</span> <span class='ocrx_word' id='word_1_824' title='bbox 3714 5040 3897 5106; x_wconf 76' lang='grc' dir='ltr'>γέρων</span> <span class='ocrx_word' id='word_1_825' title='bbox 3927 5045 4033 5093; x_wconf 65' lang='grc' dir='ltr'><strong>ύτὸ</strong></span> 
     </span>
    </p>
   </div>
   <div class='ocr_carea' id='block_1_110' title="bbox 2444 5128 4029 5197">
    <p class='ocr_par' dir='ltr' id='par_1_110' title="bbox 2444 5128 4029 5197">
     <span class='ocr_line' id='line_1_110' title="bbox 2444 5128 4029 5197; baseline 0.002 -18"><span class='ocrx_word' id='word_1_826' title='bbox 2444 5130 2575 5180; x_wconf 66' lang='grc' dir='ltr'>θεοῦ</span> <span class='ocrx_word' id='word_1_827' title='bbox 2609 5128 3021 5196; x_wconf 77' lang='grc' dir='ltr'>διδασκόμενος,</span> <span class='ocrx_word' id='word_1_828' title='bbox 3053 5129 3253 5197; x_wconf 71' lang='grc' dir='ltr'>ἣκιστα</span> <span class='ocrx_word' id='word_1_829' title='bbox 3280 5130 3533 5196; x_wconf 75' lang='grc' dir='ltr'>προσεῖχε</span> <span class='ocrx_word' id='word_1_830' title='bbox 3550 5132 3664 5189; x_wconf 75' lang='grc' dir='ltr'>τοῖς</span> <span class='ocrx_word' id='word_1_831' title='bbox 3683 5133 3809 5197; x_wconf 82' lang='grc' dir='ltr'>παρ’</span> <span class='ocrx_word' id='word_1_832' title='bbox 3844 5133 4029 5182; x_wconf 63' lang='grc' dir='ltr'>αὐτῶν</span> 
     </span>
    </p>
   </div>
   <div class='ocr_carea' id='block_1_111' title="bbox 2448 5218 4027 5288">
    <p class='ocr_par' dir='ltr' id='par_1_111' title="bbox 2448 5218 4027 5288">
     <span class='ocr_line' id='line_1_111' title="bbox 2448 5218 4027 5288; baseline 0.001 -18"><span class='ocrx_word' id='word_1_833' title='bbox 2448 5220 2781 5287; x_wconf 77' lang='grc' dir='ltr'>λεγομένοις,</span> <span class='ocrx_word' id='word_1_834' title='bbox 2826 5220 3178 5287; x_wconf 83' lang='grc' dir='ltr'>ἀνάγραπτον</span> <span class='ocrx_word' id='word_1_835' title='bbox 3212 5220 3269 5269; x_wconf 72' lang='grc' dir='ltr'><strong>τὸ</strong></span> <span class='ocrx_word' id='word_1_836' title='bbox 3318 5218 3408 5270; x_wconf 85' lang='grc' dir='ltr'><strong>τοῦ</strong></span> <span class='ocrx_word' id='word_1_837' title='bbox 3462 5219 3746 5271; x_wconf 74' lang='grc' dir='ltr'>ἀποκόπου</span> <span class='ocrx_word' id='word_1_838' title='bbox 3785 5222 4027 5288; x_wconf 60' lang='grc' dir='ltr'>μοναχῆ-Σ</span> 
     </span>
    </p>
   </div>
   <div class='ocr_carea' id='block_1_112' title="bbox 2446 5310 4029 5381">
    <p class='ocr_par' dir='ltr' id='par_1_112' title="bbox 2446 5310 4029 5381">
     <span class='ocr_line' id='line_1_112' title="bbox 2446 5310 4029 5381; baseline 0.001 -18"><span class='ocrx_word' id='word_1_839' title='bbox 2446 5314 2538 5363; x_wconf 65' lang='grc' dir='ltr'><strong>καὶ</strong></span> <span class='ocrx_word' id='word_1_840' title='bbox 2575 5312 2678 5379; x_wconf 69' lang='grc' dir='ltr'>πρὸ</span> <span class='ocrx_word' id='word_1_841' title='bbox 2713 5313 2975 5379; x_wconf 77' lang='grc' dir='ltr'>ὀμμάτων</span> <span class='ocrx_word' id='word_1_842' title='bbox 3039 5312 3125 5363; x_wconf 70' lang='grc' dir='ltr'><strong>ἀεὶ</strong></span> <span class='ocrx_word' id='word_1_843' title='bbox 3176 5310 3476 5378; x_wconf 84' lang='grc' dir='ltr'>τιθέμενος.</span> <span class='ocrx_word' id='word_1_844' title='bbox 3540 5312 3783 5381; x_wconf 77' lang='grc' dir='ltr'>Παρῄνει</span> <span class='ocrx_word' id='word_1_845' title='bbox 3817 5313 3872 5363; x_wconf 72' lang='grc' dir='ltr'>δὲ</span> <span class='ocrx_word' id='word_1_846' title='bbox 3931 5318 4029 5365; x_wconf 76' lang='grc' dir='ltr'><strong>καί</strong></span> 
     </span>
    </p>
   </div>
   <div class='ocr_carea' id='block_1_113' title="bbox 2447 5394 4031 5474">
    <p class='ocr_par' dir='ltr' id='par_1_113' title="bbox 2447 5394 4031 5474">
     <span class='ocr_line' id='line_1_113' title="bbox 2447 5394 4031 5474; baseline 0 -17"><span class='ocrx_word' id='word_1_847' title='bbox 2447 5404 2695 5468; x_wconf 75' lang='grc' dir='ltr'>καθάπαξ</span> <span class='ocrx_word' id='word_1_848' title='bbox 2747 5404 3015 5456; x_wconf 80' lang='grc' dir='ltr'>ἐκκλίνειν</span> <span class='ocrx_word' id='word_1_849' title='bbox 3074 5405 3171 5471; x_wconf 84' lang='grc' dir='ltr'>τῆς</span> <span class='ocrx_word' id='word_1_850' title='bbox 3197 5394 3335 5456; x_wconf 71' lang='grc' dir='ltr'><strong>κατά</strong></span> <span class='ocrx_word' id='word_1_851' title='bbox 3357 5405 3467 5455; x_wconf 78' lang='grc' dir='ltr'>τῶν</span> <span class='ocrx_word' id='word_1_852' title='bbox 3501 5406 3751 5473; x_wconf 82' lang='grc' dir='ltr'>μοναχὼν</span> <span class='ocrx_word' id='word_1_853' title='bbox 3792 5423 4031 5474; x_wconf 77' lang='grc' dir='ltr'>κατηγο-</span> 
     </span>
    </p>
   </div>
   <div class='ocr_carea' id='block_1_114' title="bbox 2450 5494 4025 5566">
    <p class='ocr_par' dir='ltr' id='par_1_114' title="bbox 2450 5494 4025 5566">
     <span class='ocr_line' id='line_1_114' title="bbox 2450 5494 4025 5566; baseline 0 -19"><span class='ocrx_word' id='word_1_854' title='bbox 2450 5496 2589 5566; x_wconf 75' lang='grc' dir='ltr'>ρίας,</span> <span class='ocrx_word' id='word_1_855' title='bbox 2627 5498 2687 5547; x_wconf 74' lang='grc' dir='ltr'>τὸ</span> <span class='ocrx_word' id='word_1_856' title='bbox 2708 5495 3066 5565; x_wconf 74' lang='grc' dir='ltr'>ἀξιοζήλωτον</span> <span class='ocrx_word' id='word_1_857' title='bbox 3102 5496 3279 5547; x_wconf 73' lang='grc' dir='ltr'>ἐκεῖνο</span> <span class='ocrx_word' id='word_1_858' title='bbox 3308 5494 3456 5563; x_wconf 70' lang='grc' dir='ltr'>ῥῆμα</span> <span class='ocrx_word' id='word_1_859' title='bbox 3488 5496 3900 5546; x_wconf 75' lang='grc' dir='ltr'>Κωνσταντίνου</span> <span class='ocrx_word' id='word_1_860' title='bbox 3929 5496 4025 5547; x_wconf 70' lang='grc' dir='ltr'><strong>τοῦ</strong></span> 
     </span>
    </p>
   </div>
   <div class='ocr_carea' id='block_1_115' title="bbox 2451 5588 4021 5659">
    <p class='ocr_par' dir='ltr' id='par_1_115' title="bbox 2451 5588 4021 5659">
     <span class='ocr_line' id='line_1_115' title="bbox 2451 5588 4021 5659; baseline -0.003 -18"><span class='ocrx_word' id='word_1_861' title='bbox 2451 5594 2511 5643; x_wconf 82' lang='grc' dir='ltr'>ἐν</span> <span class='ocrx_word' id='word_1_862' title='bbox 2553 5590 2865 5659; x_wconf 75' lang='grc' dir='ltr'>βασιλεῦσιν</span> <span class='ocrx_word' id='word_1_863' title='bbox 2923 5589 3166 5657; x_wconf 77' lang='grc' dir='ltr'>ἀοιδίμου</span> <span class='ocrx_word' id='word_1_864' title='bbox 3192 5588 3691 5656; x_wconf 56' lang='grc' dir='ltr'>ὲπιᾳθεγγςιμενος·</span> <span class='ocrx_word' id='word_1_865' title='bbox 3751 5588 3808 5649; x_wconf 75' lang='grc' dir='ltr'>ὃς</span> <span class='ocrx_word' id='word_1_866' title='bbox 3868 5590 3925 5638; x_wconf 79' lang='grc' dir='ltr'><strong>ἐν</strong></span> <span class='ocrx_word' id='word_1_867' title='bbox 3956 5593 4021 5653; x_wconf 65' lang='grc' dir='ltr'>τῆ</span> 
     </span>
    </p>
   </div>
   <div class='ocr_carea' id='block_1_116' title="bbox 2447 5682 4023 5751">
    <p class='ocr_par' dir='ltr' id='par_1_116' title="bbox 2447 5682 4023 5751">
     <span class='ocr_line' id='line_1_116' title="bbox 2447 5682 4023 5751; baseline -0.005 -14"><span class='ocrx_word' id='word_1_868' title='bbox 2447 5684 2588 5737; x_wconf 73' lang='grc' dir='ltr'>κατὰ</span> <span class='ocrx_word' id='word_1_869' title='bbox 2626 5685 2861 5737; x_wconf 74' lang='grc' dir='ltr'>Νῖκαιαν</span> <span class='ocrx_word' id='word_1_870' title='bbox 2913 5683 3112 5751; x_wconf 66' lang='grc' dir='ltr'>συνόδῳ</span> <span class='ocrx_word' id='word_1_871' title='bbox 3166 5682 3439 5743; x_wconf 74' lang='grc' dir='ltr'>λιϐέλλους</span> <span class='ocrx_word' id='word_1_872' title='bbox 3498 5682 3846 5749; x_wconf 68' lang='grc' dir='ltr'>κατηγοριῶν</span> <span class='ocrx_word' id='word_1_873' title='bbox 3880 5698 4023 5732; x_wconf 78' lang='grc' dir='ltr'>κατα</span> 
     </span>
    </p>
   </div>
   <div class='ocr_carea' id='block_1_117' title="bbox 2442 5772 4019 5840">
    <p class='ocr_par' dir='ltr' id='par_1_117' title="bbox 2442 5772 4019 5840">
     <span class='ocr_line' id='line_1_117' title="bbox 2442 5772 4019 5840; baseline -0.003 -15"><span class='ocrx_word' id='word_1_874' title='bbox 2442 5793 2604 5827; x_wconf 81' lang='grc' dir='ltr'>τινων</span> <span class='ocrx_word' id='word_1_875' title='bbox 2632 5775 2940 5827; x_wconf 74' lang='grc' dir='ltr'>ἐπισκόπων</span> <span class='ocrx_word' id='word_1_876' title='bbox 2960 5774 3361 5838; x_wconf 68' lang='grc' dir='ltr'>ὲπιδιδομένούς</span> <span class='ocrx_word' id='word_1_877' title='bbox 3385 5774 3445 5823; x_wconf 71' lang='grc' dir='ltr'><strong>ού</strong></span> <span class='ocrx_word' id='word_1_878' title='bbox 3474 5772 3830 5840; x_wconf 69' lang='grc' dir='ltr'>παρεδέξατο,</span> <span class='ocrx_word' id='word_1_879' title='bbox 3876 5775 4019 5837; x_wconf 55' lang='grc' dir='ltr'>εἰρὴ-</span> 
     </span>
    </p>
   </div>
   <div class='ocr_carea' id='block_1_118' title="bbox 3252 5864 3576 5917">
    <p class='ocr_par' dir='ltr' id='par_1_118' title="bbox 3252 5864 3576 5917">
     <span class='ocr_line' id='line_1_118' title="bbox 3252 5864 3576 5917; baseline 0.009 -25"><span class='ocrx_word' id='word_1_880' title='bbox 3252 5866 3495 5917; x_wconf 33' lang='grc' dir='ltr'><strong>,ιτνλτηλ</strong></span> <span class='ocrx_word' id='word_1_881' title='bbox 3552 5864 3576 5895; x_wconf 56' lang='grc' dir='ltr'><strong>α</strong></span> 
     </span>
    </p>
   </div>
   <div class='ocr_carea' id='block_1_119' title="bbox 2445 5866 3302 5936">
    <p class='ocr_par' dir='ltr' id='par_1_119' title="bbox 2445 5866 3302 5936">
     <span class='ocr_line' id='line_1_119' title="bbox 2445 5866 3302 5936; baseline -0.002 -19"><span class='ocrx_word' id='word_1_882' title='bbox 2445 5867 2571 5933; x_wconf 50' lang='grc' dir='ltr'>Μαίᾳ,</span> <span class='ocrx_word' id='word_1_883' title='bbox 2605 5870 2681 5919; x_wconf 61' lang='grc' dir='ltr'><strong>ντί</strong></span> <span class='ocrx_word' id='word_1_884' title='bbox 2718 5869 2831 5919; x_wconf 61' lang='lat' dir='ltr'><strong>HE}?</strong></span> <span class='ocrx_word' id='word_1_885' title='bbox 2871 5867 3176 5936; x_wconf 45' lang='grc' dir='ltr'><strong>τοίπεη’&lt;.τ’</strong></span> <span class='ocrx_word' id='word_1_886' title='bbox 3220 5866 3302 5916; x_wconf 76' lang='grc' dir='ltr'><strong>ἒ·;</strong></span> 
     </span>
    </p>
   </div>
   <div class='ocr_carea' id='block_1_120' title="bbox 3806 5864 4021 5911">
    <p class='ocr_par' dir='ltr' id='par_1_120' title="bbox 3806 5864 4021 5911">
     <span class='ocr_line' id='line_1_120' title="bbox 3806 5864 4021 5911; baseline 0 0"><span class='ocrx_word' id='word_1_887' title='bbox 3806 5864 4021 5911; x_wconf 65' lang='grc' dir='ltr'><strong>ἷ-τ-ἰῖ-</strong></span> 
     </span>
    </p>
   </div>
   <div class='ocr_carea' id='block_1_121' title="bbox 3571 5880 3821 5931">
    <p class='ocr_par' dir='ltr' id='par_1_121' title="bbox 3571 5880 3821 5931">
     <span class='ocr_line' id='line_1_121' title="bbox 3571 5880 3821 5931; baseline 0.004 -2"><span class='ocrx_word' id='word_1_888' title='bbox 3571 5880 3681 5931; x_wconf 50' lang='lat' dir='ltr'><strong>:r&#39;o</strong></span> <span class='ocrx_word' id='word_1_889' title='bbox 3727 5882 3821 5931; x_wconf 61' lang='grc' dir='ltr'>τγει</span> 
     </span>
    </p>
   </div>
  </div>
