4148 6486
737 429 834 497 951

1964 422 2243 483 MENSIS
2282 420 2414 483 J:\.\'
2432 423 2738 483 UAltlUS.

3885 414 4002 477 95!

730 539 888 590 batur
922 542 1202 604 correptus
1236 549 1264 587 a
1313 536 1552 587 daemone
1582 576 1596 599 ,
1635 541 1690 586 ut
1726 533 1791 586 ad
1827 533 1999 600 ipsum
2039 531 2139 585 fuit
2173 547 2308 586 eon-

2427 533 2542 598 γοῦν
2572 534 2600 584 ὁ
2642 533 2825 593 ἄθλιος
2855 532 3098 585 ἐκυλίετο
3126 532 3397 599 δαιμονῶν
3418 547 3431 561 ο
3459 529 3551 581 καὶ
3600 526 4005 594 συνηθροίσθη-

728 637 945 696 gregata
993 636 1101 680 tota
1146 624 1265 679 fere
1308 624 1669 684 Alexandria,
1711 623 1849 678 sicut
1880 623 1969 679 ille
2009 626 2091 677 vir
2128 624 2307 692 justus

732 721 1075 785 prmdixerat.
1120 713 1253 769 Cum
1294 717 1475 781 itaque
1530 701 1614 767 vix
1662 714 1874 766 tandem
1921 723 2039 783 post
2082 714 2305 767 multum

732 814 946 875 tempus
978 804 1044 858 ad
1082 818 1141 859 se
1174 804 1429 863 redisset,
1478 804 1679 870 rumpit
1736 810 1947 866 vestes,
1990 814 2042 857 et
2081 818 2306 872 surgens

731 913 892 952 cursu
948 896 1228 951 contendit
1269 896 1332 947 ad
1378 895 1549 950 sancti
1592 895 2007 957 domunculam,
2054 895 2310 951 Miserere

732 990 861 1055 mei,
887 990 1150 1054 clamans,
1184 1004 1339 1043 serve
1368 988 1461 1041 Dei
1492 987 1717 1053 Vitatis,
1756 990 1847 1059 qui
1882 990 1932 1043 in
1972 990 2137 1043 Deum
2169 1000 2223 1043 et
2256 989 2307 1042 in

734 1093 787 1137 te
820 1083 1044 1136 multum
1084 1082 1326 1150 peccavi.
1367 1079 1628 1135 Omnibus
1662 1097 1791 1151 ergo
1837 1082 2172 1146 videntibus,
2217 1083 2309 1150 qui

735 1176 999 1242 aderant,
1055 1186 1339 1245 postquam
1394 1175 1576 1230 domui
1636 1176 1777 1230 senis
1835 1175 2308 1246 appropinquavit,

738 1267 915 1335 ipsum
939 1270 1149 1339 jaciens
1182 1276 1236 1323 et
1272 1268 1589 1340 discerpeus
1622 1270 1944 1325 dmmouium
1977 1270 2202 1325 dimisit.

809 1446 972 1501 LXV.
1009 1446 1145 1502 Cum
1184 1462 1313 1518 ergo
1343 1447 1460 1501 haec
1492 1446 1785 1513 vidissent,
1817 1447 2047 1517 ingressi
2078 1448 2310 1501 domuu-

738 1537 944 1603 rulam,
994 1540 1311 1593 invenerunt
1355 1545 1633 1604 sanctum,
1678 1540 1765 1608 qui
1808 1554 1945 1607 genu
1996 1538 2219 1594 ﬂexerat
2259 1551 2313 1594 et

740 1629 850 1683 Deo
881 1645 975 1697 per
1019 1633 1386 1699 precationem
1429 1629 1664 1682 animam
1708 1632 2139 1685 commendatam
2178 1634 2313 1686 emi-

739 1728 904 1777 serat.
943 1722 1142 1777 Deinde
1175 1724 1320 1779 humi
1370 1725 1715 1793 aspicientes,
1771 1725 1953 1778 vident
1985 1724 2308 1793 scripturam

737 1830 856 1880 qua:
894 1816 973 1870 sic
1010 1815 1285 1871 habebat:
1334 1816 1441 1869 Viri
1481 1818 1860 1880 Alexandrini,
1908 1817 2065 1869 nolite
2109 1816 2312 1885 aliquid

732 1906 986 1973 judicare
1018 1918 1137 1960 ante
1168 1917 1398 1975 tempus,
1432 1910 1594 1963 donec
1628 1912 1819 1963 venerit
1863 1909 2137 1963 Dominus.
2173 1908 2310 1963 Con-
2341 1888 2389 1949 Β

742 1997 996 2051 ﬁtebatur
1022 1998 1204 2069 itaque
1223 2000 1475 2054 omnibus
1503 2002 1861 2070 praesentibus
1892 2001 1959 2065 is,
2001 2001 2091 2069 qui
2118 2001 2317 2055 libera-

742 2093 829 2140 tus
860 2084 1038 2140 fuerat
1074 2102 1104 2141 a
1162 2088 1422 2154 daatnone,
1460 2091 1601 2143 mala
1634 2104 1753 2158 quae
1785 2100 1973 2144 saneto
2008 2092 2231 2155 fecerat,
2262 2099 2316 2144 et

741 2194 863 2248 quae
887 2179 1088 2233 audivit
1109 2181 1419 2250 prophetice
1439 2180 1506 2234 ab
1526 2196 1590 2235 eo
1610 2183 1775 2248 dicta,
1797 2198 1917 2252 qua:
1940 2184 2101 2236 etiam
2124 2198 2317 2252 passus

742 2280 849 2323 εει.
873 2267 1114 2323 Fuerunt
1140 2286 1269 2339 ergo
1297 2272 1406 2323 haec
1437 2272 1619 2323 statim
1648 2272 1950 2325 renuntiata
1972 2271 2315 2341 patriarchm,

743 2369 799 2413 et
830 2359 944 2428 ipse
979 2375 1102 2413 cum
1138 2360 1295 2414 simul
1325 2361 1704 2415 venissetcum
1730 2368 1840 2416 toto
1864 2362 2033 2426 clero,
2072 2362 2160 2415 ubi
2192 2363 2319 2431 legit

744 2466 889 2518 eam,
922 2468 1042 2523 qua:
1073 2462 1189 2507 erat
1224 2455 1393 2517 humi,
1430 2454 1777 2523 scripturam,
1809 2457 1965 2526 paulo
1998 2464 2119 2525 post
2151 2456 2315 2510 dixit:

746 2545 802 2597 Si
830 2546 1055 2606 fuissem
1090 2546 1342 2599 inductus
1384 2546 1567 2601 verbis
1610 2562 1834 2611 eorum,
1886 2549 1975 2616 qui
2021 2548 2319 2602 calumnia-

746 2638 968 2701 bantur,
997 2637 1189 2691 fuisset
1223 2638 1355 2691 mihi
1390 2639 1644 2693 incussus
1674 2638 1763 2693 ille
1798 2640 2074 2709 colaphus.

817 2726 1003 2782 LXVI.
1040 2729 1193 2783 Tunc
1217 2728 1380 2782 etiam
1406 2740 1765 2799 congregatur
1788 2730 2099 2784 universum
2128 2740 2321 2799 agmen

747 2822 1094 2875 meretricum
1136 2820 1201 2874 ad
1250 2824 1394 2891 justa
1439 2822 1683 2877 facienda
1728 2823 2035 2877 venerando
2085 2824 2320 2893 corpori.

749 2915 880 2977 Ome
929 2914 1146 2983 quidem
1200 2929 1322 2969 eum
1370 2912 1667 2970 efferebant
1714 2930 1833 2968 cum
1896 2916 2233 2971 aromatibus
2273 2930 2327 2971 et

750 3009 1109 3077 lampadibus,
1135 3007 1290 3061 valde
1316 3008 1574 3063 deﬂentes
1603 3008 1957 3077 privationem
1982 3009 2100 3078 ejus
2126 3010 2326 3064 doetri—

754 3118 857 3167 me,
889 3119 918 3155 a
952 3119 1057 3173 qua
1094 3104 1158 3157 ad
1187 3120 1280 3158 eas
1309 3121 1500 3175 magna
1540 3106 1791 3160 manabat
1836 3106 2072 3171 utilitas,
2108 3118 2161 3161 et
2203 3116 2328 3161 tunc

752 3197 1096 3264 exponebant
1134 3197 1251 3268 ejus
1300 3199 1500 3262 vitam,
1543 3198 1609 3253 iis
1643 3215 1762 3268 quae
1808 3200 2126 3254 dicebantur
2170 3200 2325 3255 tidem

751 3289 1003 3346 omnibus
1035 3291 1205 3347 modis
1236 3291 1515 3357 facientes,
1555 3293 1696 3361 quod
1737 3308 1839 3345 non
1870 3293 1939 3347 ob
1966 3294 2181 3362 aliquod
2214 3308 2325 3346 nta-

754 3383 863 3435 lum
896 3383 960 3435 ad
992 3398 1084 3437 eas
1111 3382 1533 3452 ingrediebatur,
1562 3392 1736 3437 etnec
1770 3382 1915 3436 visus
1940 3386 2009 3437 sit
2036 3383 2124 3436 ulli
2144 3400 2325 3436 earum

755 3493 823 3530 ne
850 3491 1067 3529 manum
1102 3478 1316 3547 quidem
1348 3476 1676 3538 admovisse,
1711 3486 1802 3530 aut
1834 3478 1897 3531 ad
1936 3477 2074 3532 latus
2108 3480 2327 3532 omniuo

757 3568 1098 3621 accubuisse.
1133 3567 1211 3620 Ad
1239 3582 1332 3621 eos
1363 3576 1566 3630 autem,
1596 3570 1685 3637 qui
1721 3569 1931 3621 illarum
1970 3568 2329 3635 reprehende-

758 3660 887 3713 bant
916 3660 1189 3714 silentium
1214 3700 1229 3723 ,
1264 3668 1317 3714 et
1348 3660 1603 3715 dicebant
1644 3677 1735 3715 eas
1768 3662 1933 3714 fuisse
1984 3662 2167 3714 multis
2204 3676 2331 3713 cau-

758 3768 873 3805 sam
911 3748 1248 3815 oﬂensiouis,
1297 3752 1439 3805 illius
1486 3762 1813 3820 praeceptum
1869 3753 2213 3805 adducebant
2262 3752 2329 3803 ad

760 3844 841 3898 sui
873 3846 1274 3899 excusationem
1301 3885 1314 3908 ,
1341 3854 1395 3899 et
1416 3860 1538 3914 qua!
1567 3864 1594 3899 a
1621 3846 1864 3900 daemone
1901 3844 2100 3899 inﬂicta
2134 3848 2325 3908 fuerat,

758 3932 994 4003 plagam,
1025 3933 1088 3987 ad
1122 3932 1461 4001 disciplinam
1499 3934 1547 3987 ei
1584 3950 1702 4002 qua:
1742 3951 1846 3988 non
1880 3936 2173 3989 obedierat.
2216 3934 2333 4003 lpse

762 4034 962 4086 autem,
995 4025 1082 4090 qui
1127 4025 1411 4093 colaphum
1454 4027 1670 4080 dederat
1711 4036 1762 4081 et
1808 4038 1995 4081 contra
2025 4037 2327 4094 acceperat,

764 4130 1041 4182 nunquam
1091 4116 1401 4177 intermisit,
1442 4132 1561 4170 cum
1589 4117 1797 4171 daamon
1839 4134 1959 4171 eum
2000 4119 2328 4187 reliquisset,

764 4203 905 4257 beati
936 4205 1223 4272 sepulchro
1248 4207 1508 4271 assidere,
1543 4208 1683 4277 quod
1719 4208 1965 4261 eﬂectum
1995 4218 2079 4264 est
2114 4210 2329 4262 thesau-

764 4308 855 4347 rus
885 4293 1174 4348 multornm
1216 4296 1634 4361 miraculorum,
1673 4307 1728 4350 et
1765 4297 1908 4351 illius
1945 4312 2334 4351 commemora-

767 4383 967 4436 tionem
1013 4387 1080 4437 de
1132 4398 1281 4437 more
1329 4400 1452 4439 eum
1516 4384 1738 4453 psalmis
1787 4402 2069 4455 peragere.
2129 4387 2333 4440 Deinde

763 4475 950 4542 paucis
970 4485 1089 4545 post
1112 4477 1268 4530 annis
1287 4478 1611 4531 detondetur
1643 4479 1695 4531 in
1726 4480 2053 4533 monasterio
2082 4480 2329 4531 monachi

2413 641 2511 676 σαν
2551 624 2638 676 ἐπ’
2695 623 2845 694 αὐτῷ
2883 624 3080 695 μικροῦ
3118 625 3269 677 πᾶσα
3319 625 3351 692 ἡ
3414 620 3816 688 ’Λλεξά-ιδρεια,
3853 620 4004 670 κατὰ

2407 714 2503 784 τὴν
2537 714 2629 767 τοῦ
2674 715 2884 768 δικαίου
2936 716 3264 786 πρόρρησιν.
3322 714 3489 773 Μόλις
3521 712 3651 779 γοῦν
3686 728 3815 762 ποτε
3856 712 4005 777 μετα

2410 808 2608 877 πολλὴν
2640 807 2863 879 ὕστερον
2894 809 2990 879 τὴν
3023 809 3173 878 ὤραν
3210 806 3401 860 ἑαυτοῦ
3432 804 3723 873 γενόμενος
3758 804 3999 872 ῥήγνυσι

2408 900 2475 952 τά
2509 900 2716 969 ἱμάτια,
2750 902 2844 953 καὶ
2866 900 3156 961 διαναστὰς
3204 898 3392 968 δρόμῳ
3441 897 3577 964 προς
3606 895 3695 946 τὸν
3724 892 3820 945 τοῦ
3844 895 4003 944 ὁσίου

2409 990 2649 1042 οἰκίσκον
2683 989 2900 1060 ἐχώρει.
2966 988 3218 1056 Ἐλέησόν
3265 1004 3354 1054 με,
3412 985 3653 1055 κράζων,
3700 982 3797 1034 τοῦ
3855 980 4001 1033 Θεοῦ

2410 1081 2559 1134 δοῦλε
2591 1082 2825 1145 Βιτάλιε,
2860 1081 3072 1150 μεγάλα
3094 1082 3172 1142 εἰς
3200 1078 3333 1130 Θεὸν
3361 1078 3454 1129 καὶ
3483 1078 3539 1129 σὲ
3572 1076 4001 1143 ἀμαρτήσαντα.

2416 1174 2637 1226 Πάντων
2679 1170 2773 1228 οὖν
2797 1172 3046 1244 ὁρώντων
3094 1174 3207 1225 ὅσοι
3241 1170 3509 1240 παρόντες
3542 1167 3733 1235 ἔτυχον
3759 1207 3772 1228 ,
3812 1164 3886 1227 ὡς
3918 1164 4005 1231 τῷ

2412 1264 2638 1334 οἰκίσκῳ
2667 1266 2756 1318 τοῦ
2807 1265 3061 1335 γέροντος
3100 1265 3319 1332 ἣγγισε,
3364 1260 3524 1331 ῥίψαν
3559 1258 3720 1312 αὐτὸν
3774 1257 3837 1308 το
3878 1257 4002 1307 δαι-

2419 1359 2599 1426 μόνιον
2621 1358 2714 1410 καὶ
2747 1356 3029 1427 σπαράξαν
3057 1358 3289 1425 ἀφῆκεν.

2483 1450 2599 1503 ΞΕ’.
2638 1450 2792 1503 Ἐπεὶ
2825 1445 2918 1502 οὖν
2974 1449 3146 1502 ταῦτα
3176 1445 3353 1507 εἶδον,
3411 1446 3542 1498 εἴσω
3592 1442 3683 1494 τοῦ
3743 1440 3997 1493 οἰκίσκον

2416 1542 2718 1610 γενόμενοι,
2752 1534 2911 1611 εὖρον
2960 1541 3052 1594 τὸν
3089 1543 3235 1593 ὅσιον
3281 1539 3373 1592 ἐπὶ
3424 1539 3552 1605 γόνυ
3590 1535 3868 1597 κλιθέντα,
3905 1534 4002 1585 καὶ

2415 1636 2535 1705 Θεῷ
2565 1637 2653 1689 διὰ
2700 1635 3008 1707 προσευχῆς
3037 1636 3135 1703 τὴν
3186 1634 3365 1703 ψυχὴν
3416 1631 3825 1699 παραθέμενον.
3868 1623 4004 1678 Εἶτα

2416 1730 2494 1797 τῷ
2528 1730 2713 1796 ἐδάφει
2756 1728 3194 1797 προσκύψαντες,
3239 1728 3461 1794 γραφὴν
3508 1724 3703 1792 ὁρῶσιν
3763 1719 4003 1787 ἔχουσαν

2416 1821 2587 1883 οὕτως
2608 1838 2620 1851 ⁸
2662 1820 2914 1889 Ἄνδρες
2962 1818 3401 1887 Ἀλεξανδρεῖς,
3430 1817 3515 1885 μὴ
3545 1814 3656 1881 πρὸ
3703 1812 3915 1879 καιροῦ
3947 1828 4006 1863 τι

2418 1914 2670 1981 κρίνετε,
2722 1913 2836 1977 ἕως
2888 1913 2963 1967 ἂν
3019 1912 3167 1979 ἔλθῃ
3204 1914 3235 1965 ό
3295 1912 3527 1975 Κύριος.
3578 1905 4007 1971 Ἐξωμολογεῖτο

2416 2005 2707 2075 τοιγαροῦν
2734 2007 2827 2058 ἐπὶ
2866 2005 3082 2058 πάντων
3126 2006 3152 2056 ὁ
3192 2002 3287 2054 τοῦ
3337 2002 3588 2070 δαίμονος
3625 1997 3841 2059 ἀνεθεὶς
3877 1996 3912 2047 ἃ.
3943 2010 4004 2045 τε

2420 2100 2707 2169 εἴργασται
2733 2097 2944 2166 πονηρὰ
2971 2096 3111 2147 κατὰ
3136 2094 3229 2146 τοῦ
3258 2094 3489 2154 δικαίου,
3518 2093 3613 2144 καὶ
3636 2091 3780 2157 άπερ
3802 2089 4005 2157 ἤκουσε

2421 2189 2774 2259 προφητικῶς
2802 2190 2936 2259 παρ’
2975 2186 3141 2241 αὐτοῦ
3182 2186 3435 2258 ρηθέντα,
3470 2184 3505 2236 ἀ
3533 2185 3597 2255 δὴ
3654 2183 3747 2235 καὶ
3804 2182 4010 2232 πέπονι

2422 2281 2532 2335 θεν.
2579 2281 2879 2351 Ἀνηγγὲλη
2912 2281 3004 2334 οὖν
3037 2281 3208 2333 ταῦτα
3244 2279 3586 2348 παραχρῆμα
3610 2276 3687 2345 τῷ
3723 2274 4002 2341 πατριάρ-

2421 2387 2513 2442 χῃ,
2547 2374 2642 2423 καὶ
2673 2372 2835 2433 αὐτὸς
2867 2370 2982 2440 ἅμα
3012 2370 3176 2422 παντὶ
3198 2368 3275 2437 τῷ
3310 2367 3497 2436 κλήρῳ
3525 2364 4005 2432 παραγενόμενος,

2420 2466 2492 2523 ὡς
2516 2464 2725 2528 ἀνέγνω
2750 2463 2848 2530 τὴν
2874 2460 3079 2513 ἐπὶτοῦ
3112 2461 3343 2528 ἐδάφους
3374 2458 3615 2527 γραφὴν,
3659 2455 3787 2523 παρ’
3823 2455 4011 2519 ὀλίγον

2421 2554 2596 2612 εἶπεν·
2624 2556 2805 2617 Εἱτοῖς
2828 2554 3003 2620 λόγοις
3021 2552 3126 2605 τῶν
3147 2552 3605 2604 ὲνδιαὸαλλόντων
3622 2546 3893 2615 ὑπαχθεὶς
3919 2541 4011 2614 ἦν,

2424 2650 2548 2719 ἐμοὶ
2580 2648 2646 2700 ἂν
2668 2648 2841 2700 ἐκεῖνο
2876 2644 3221 2714 ὲπεκροτήθη
3248 2644 3307 2696 τὸ
3334 2642 3604 2713 ῥάπισμα.

2500 2736 2637 2803 Ξιτ.
2675 2739 2809 2790 Τότε
2853 2736 2917 2805 δὴ
2950 2734 3393 2803 συναθροίζονται
3436 2732 3529 2783 καὶ
3555 2730 3616 2781 τὸ
3647 2729 3757 2781 τῶν
3799 2728 4021 2797 πορνῶν

2426 2832 2572 2885 ἆπαν
2601 2830 2803 2899 σμῆνος
2832 2827 2968 2899 πρὸς
2996 2825 3094 2896 τὴν
3146 2825 3239 2877 τοῦ
3267 2823 3451 2893 τιμίου
3479 2822 3728 2890 σώματος
3756 2819 4013 2886 κηδείαν·

2427 2919 2852 2991 προεκομίζοντό
2897 2935 2955 2969 τε
2989 2917 3118 2969 αὐτὸ
3143 2916 3399 2987 ἀρώμασι
3456 2913 3549 2964 καὶ
3584 2910 3862 2979 λαμπάσι,
3915 2918 4021 2976 τὴν

2429 3014 2681 3083 στέρησιν
2710 3010 2964 3079 ἐκθύμως
2988 3008 3415 3069 ἀποκλαιόμεναι
3442 3005 3541 3071 τῆς
3574 3003 3707 3054 πολὺ
3732 3003 3789 3053 τό
3817 3000 4025 3067 (Dari/t-

2432 3123 2530 3174 μον
2562 3102 2789 3174 ῥεούσης
2817 3101 2981 3155 αὑτοῦ
3010 3100 3251 3170 διδαχῆς,
3304 3100 3593 3167 ἐξηγοῦντο
3624 3112 3682 3147 τε
3720 3096 3815 3147 τὸν
3845 3092 4020 3145 αὑτοῦ

2432 3197 2565 3265 βίον,
2592 3197 2772 3248 πᾶσαν
2802 3196 2981 3246 πίστιν
3015 3195 3125 3254 τοῖς
3145 3192 3458 3259 λεγομένοις
3491 3192 3820 3253 ὲπάγουσαι,
3859 3186 3935 3247 ὼ,
3961 3186 4021 3236 οὐ

2432 3290 2575 3342 κατά
2617 3306 2669 3339 τι
2722 3286 2959 3355 πονηρὸν
2999 3285 3097 3353 τὴν
3154 3285 3287 3353 πρὸς
3319 3283 3488 3343 αὐτας
3522 3280 3724 3331 εἴσοδον
3780 3280 4021 3339 ποιοῖτο,

2430 3380 2550 3432 οὔτε
2586 3380 2690 3448 μὴν
2743 3378 2934 3446 ὀφθείη
2967 3378 3093 3427 ποτε
3124 3376 3227 3427 ὑπδ
3276 3376 3402 3443 μιᾶς
3464 3370 3642 3425 αὐτῶν
3689 3370 3812 3421 οὐδὲ
3873 3370 4027 3437 χειρὶ

2430 3475 2584 3542 χεῖρα
2606 3468 2947 3541 προσϐαλὼν,
2982 3468 3013 3537 ἦ
3050 3468 3139 3520 ἐπὶ
3178 3466 3417 3533 πλευρὰν
3445 3466 3580 3526 ὅλως
3632 3463 4022 3516 κατακλιθείς.

2432 3566 2571 3634 Πρὸς
2612 3565 2792 3633 μέντοι
2820 3564 2946 3623 τοὺς
2988 3558 3349 3626 ἐγκαλοῦντας
3382 3558 3604 3617 ταύταις
3651 3555 3750 3624 τὴν
3778 3556 4024 3619 σιωπὴν,

2432 3658 2525 3710 καὶ
2552 3658 2631 3708 ὅτι
2666 3655 2876 3716 πολλοῖς
2898 3651 3145 3704 ἐντεῦθεν
3171 3650 3466 3702 σκανδάλου
3494 3647 3786 3714 γεγόνασιν
3823 3646 4025 3702 αἴτιαι,

2432 3750 2528 3816 τὴν
2551 3748 2759 3799 ἐκείνου
2794 3745 3170 3814 παραγγελίαν
3211 3744 3289 3803 εἰς
3330 3741 3629 3806 ἀπολογίαν
3663 3740 4025 3806 προέτειναν,

2433 3842 2527 3893 καὶ
2555 3839 2650 3908 τὴν
2678 3838 2781 3890 ὑπὸ
2820 3837 3071 3904 δαίμονος
3113 3833 3498 3902 ἐπισκήψει-ταν
3533 3832 3611 3891 εἰς
3655 3830 3917 3880 παιδείαν
3955 3831 4023 3895 τῇ

2434 3929 2828 4000 παρακουσάσῃ
2863 3928 3123 3995 μάστιγα.
3172 3924 3341 3983 Αὐτὸς
3386 3922 3442 3972 δὲ
3479 3922 3505 3970 ὁ
3552 3920 3611 3970 τὸ
3641 3920 3903 3986 ῥάπισμα
3939 3918 4031 3967 δε-

2433 4023 2620 4082 δωκὼς
2655 4021 2747 4071 καὶ
2773 4016 3075 4071 ἀντιλαϐὼν
3106 4017 3165 4067 οὑ
3198 4014 3433 4066 διέλειπέ
3462 4029 3609 4069 ποτε.
3645 4009 3741 4061 τοῦ
3766 4010 4029 4076 δαίμονος

2433 4114 2593 4165 αὑτὸν
2616 4112 2847 4171 ἀνέντος,
2877 4108 2953 4177 τῷ
2986 4109 3141 4173 τάφῳ
3166 4105 3540 4175 προσεδρεύων
3582 4100 3674 4153 τοῦ
3712 4118 3865 4167 pax:
3880 4103 4023 4167 ρίου,

2435 4204 2691 4275 θησαυρῷ
2731 4202 2939 4253 πολλῶν
2966 4200 3264 4269 χρημάτων
3293 4195 3689 4260 ἀποδειχθέντι,
3748 4192 3850 4259 τὴν
3888 4194 4028 4257 μνής

2440 4315 2543 4366 μην
2566 4314 2624 4348 τε
2656 4296 2749 4348 καὶ
2773 4294 2867 4363 τὴν
2902 4295 3111 4345 ἐκείνου
3144 4289 3281 4343 κατὰ
3331 4288 3389 4339 τὸ
3424 4287 3541 4347 ἔθος
3568 4286 3655 4336 δια
3688 4284 4028 4351 eaquae-La;

2436 4389 2776 4457 ποιούμενος.
2832 4382 2965 4437 Εἶτα
3001 4385 3097 4436 καὶ
3147 4382 3360 4451 χρόνοις
3421 4379 3617 4443 ὀλιγοις
3676 4375 3909 4442 ὕστερον
3961 4376 4028 4439 τῇ

3474 4472 3483 4484 1

2442 4484 2573 4550 μονῇ
2600 4480 2688 4530 τοῦ
2719 4478 2950 4547 μοναχού
2976 4475 3267 4543 Σερίδωνος
3288 4467 3781 4539 ἁποκείῳταιάτό]
3808 4484 3899 4516 καθ
3930 4464 4028 4514 τοῦ

767 4567 1048 4623 Saridouis
1080 4586 1092 4621 :
1120 4578 1172 4622 et
1203 4584 1321 4623 cum
1355 4567 1426 4622 illi
1452 4567 1641 4624 luisset
1671 4571 1861 4623 tradita
1892 4569 1948 4623 Β.
1978 4570 2167 4624 Vitalis
2199 4570 2325 4624 cella

2442 4572 2583 4623 θείου
2618 4569 2861 4621 Βιταλίου
2890 4568 3096 4619 κελλίον
3128 4567 3268 4619 κατὰ
3297 4564 3496 4632 πολλὴν
3526 4564 3622 4630 τὴν
3665 4560 3803 4627 πρὸς
3857 4558 4031 4609 αὐτοι

768 4674 991 4730 propter
1011 4677 1255 4731 magnam
1286 4663 1337 4716 in
1369 4664 1540 4731 ipsum
1568 4664 1747 4731 ﬁdem,
1774 4664 1879 4717 illic
1911 4664 2072 4716 vitam
2096 4664 2335 4731 quietam

767 4750 823 4806 in
884 4755 1098 4809 silentio
1148 4756 1410 4825 transegit
1454 4766 1735 4826 perpetuo,
1782 4757 1953 4810 donec
1994 4759 2237 4825 pervenit
2272 4757 2336 4809 ad

769 4846 931 4899 ﬁnem
973 4847 1095 4899 vitae
1135 4849 1439 4915 praesentis.
1486 4848 1753 4903 Praeterea
1800 4861 1977 4902 autem
2026 4848 2335 4917 patriarcha

770 4954 984 5009 quoque
1014 4956 1239 5007 magnas
1270 4941 1377 4995 Deo
1406 4942 1600 5010 agebat
1628 4941 1854 5011 gratias,
1890 4942 2030 5009 quod
2072 4957 2176 4995 non
2212 4954 2333 5007 per-

769 5031 1031 5093 misisset,
1069 5040 1127 5084 ut
1156 5031 1355 5099 aliquid
1380 5033 1579 5086 diceret
1614 5042 1706 5087 aut
1750 5035 2018 5100 cogitaret
2058 5033 2334 5100 indignum

771 5123 927 5175 beata
962 5121 1048 5175 illa
1098 5131 1150 5175 et
1186 5122 1415 5192 gloriosa
1460 5126 1663 5178 anima.
1709 5126 1921 5193 Alioqui
1962 5136 2136 5178 autem
2187 5124 2337 5177 multi

772 5227 986 5282 quoque
1034 5228 1099 5267 ex
1150 5215 1233 5277 iis,
1278 5216 1364 5282 qui
1418 5216 1732 5270 habitabant
1785 5217 2192 5280 Alemudriam,
2231 5232 2339 5270 tue-

773 5303 939 5358 tiores
963 5314 1267 5367 evaserunt,
1296 5308 1384 5375 qui
1412 5308 1665 5376 propensi
1692 5317 1848 5359 erant
1876 5309 1942 5361 ad
1972 5307 2340 5361 condemnau-

775 5394 921 5459 dum,
948 5404 1000 5449 et
1025 5396 1161 5451 hanc
1186 5397 1377 5451 tnalam
1398 5398 1700 5453 didicerant
1726 5401 2193 5454 consuetudinem.
2231 5400 2337 5454 Sed

778 5487 900 5540 talis
944 5487 1161 5557 quidem
1215 5498 1332 5544 erat
1404 5493 1483 5546 vir
1530 5492 1617 5547 ille
1663 5503 1922 5559 sanctus;
1987 5504 2039 5547 et
2086 5509 2172 5549 res
2227 5495 2343 5563 ejus

782 5582 878 5634 hoc
909 5582 1064 5637 modo
1094 5596 1150 5638 οε
1182 5582 1469 5639 habebant.

2438 4665 2621 4717 πίστιν
2648 4660 3011 4730 ἐγχειρισθεὶς
3041 4658 3340 4711 διετέλεσεν
3372 4655 3513 4707 οὕτω
3534 4654 3623 4703 τὸν
3646 4655 3852 4720 ἥσυχον
3886 4651 4031 4699 ἐκεῖ·

2438 4774 2494 4808 σε
2526 4754 2725 4825 μετιὼν
2758 4753 2893 4820 βίον,
2930 4753 3058 4820 ἄχρι
3090 4750 3184 4802 καὶ
3207 4748 3301 4800 τοῦ
3340 4748 3599 4816 παρόντος
3627 4746 3744 4811 ’ῥίμυ
3776 4748 3833 4792 το
3872 4742 4032 4797 τέλος

2438 4851 2688 4917 ἔσχηκεν.
2728 4846 2846 4896 Ἔτι
2876 4862 2935 4911 γε
2958 4846 3065 4912 μὴν
3097 4844 3186 4894 καὶ
3218 4844 3243 4892 ο
3271 4839 3612 4908 πατριάρχης
3642 4834 3843 4895 πολλὰς
3865 4834 4029 4891 duo-

2438 4942 2584 5004 λὸγει
2646 4938 2720 5008 τῷ
2774 4937 2895 5006 Θεῷ
2958 4937 3188 5005 χάριτας
3245 4933 3377 5000 παρ’
3428 4931 3454 4981 ὃ
3504 4928 3579 4997 μὴ
3636 4924 4029 4993 συγχωρηθείη

2439 5032 2655 5097 ἀνάξιόν
2676 5048 2726 5081 τι
2746 5028 3076 5096 φθέγξασθαι
3105 5026 3135 5095 ἢ
3163 5024 3417 5090 ἐννοῆσαι
3446 5022 3541 5088 τῆς
3576 5022 3857 5086 μακαρίας
3885 5018 4033 5067 ὲκεί-

2442 5144 2537 5190 νης
2558 5124 2648 5175 καὶ
2678 5123 2923 5189 ἀοιδίμου
2956 5118 3165 5186 ψυχῆς’
3202 5116 3375 5177 ἄλλως
3414 5130 3468 5163 τε
3500 5112 3557 5162 δὲ.
3581 5113 3675 5162 καὶ
3709 5110 3895 5161 πολλοὶ
3918 5111 4030 5159 τὼν

2444 5219 2543 5287 τὴν
2582 5216 2987 5284 Ἀλεξάνδρειαν
3041 5212 3463 5268 κατοικοῦντων,
3500 5209 3568 5260 τά
3622 5206 3839 5274 μεγάλα
3871 5205 4031 5257 ἐείλ-

2446 5311 2740 5378 τιώθησαν,
2791 5308 3092 5378 προχείρως
3149 5307 3271 5373 περὶ
3301 5305 3360 5357 τὸ
3392 5302 3748 5371 κατακρίνειν
3782 5302 4026 5368 ἔχοντες,

2444 5402 2533 5454 καὶ
2576 5403 2675 5470 τὴν
2728 5400 2967 5469 πονηρὰν
3013 5398 3215 5465 ταύτην
3270 5396 3648 5464 ἀπομαθὸντες
3706 5393 4022 5459 συνήθειαν.

2458 5493 2621 5546 Ἀλλά
2642 5491 2809 5543 ταῦτα
2835 5492 2929 5559 μὲν
2954 5490 3044 5543 τοῦ
3068 5491 3212 5543 ὁσίου
3238 5488 3426 5558 ἀνδρὸς
3448 5487 3658 5538 ἐκείνου
3680 5485 3915 5538 τοιαῦτα
3933 5487 4025 5536 καὶ

2446 5584 2847 5651 omnip-.1.
