  <div class='ocr_page' id='page_1' title='image "/cluster/home/n/w/nwhite01/storage/ocr_20150623/114/nnc1.0046980210/491.png"; bbox 0 0 4148 6486; ppageno 0'>
   <div class='ocr_carea' id='block_1_1' title="bbox 745 440 853 502">
    <p class='ocr_par' dir='ltr' id='par_1_1' title="bbox 745 440 853 502">
     <span class='ocr_line' id='line_1_1' title="bbox 745 440 853 502; baseline -0.019 0"><span class='ocrx_word' id='word_1_1' title='bbox 745 440 853 502; x_wconf 75' lang='lat'><strong>955</strong></span> 
     </span>
    </p>
   </div>
   <div class='ocr_carea' id='block_1_2' title="bbox 1972 424 2757 488">
    <p class='ocr_par' dir='ltr' id='par_1_2' title="bbox 1972 424 2757 488">
     <span class='ocr_line' id='line_1_2' title="bbox 1972 424 2757 488; baseline -0.003 0"><span class='ocrx_word' id='word_1_2' title='bbox 1972 425 2257 488; x_wconf 78' lang='lat' dir='ltr'><strong>MENSIS</strong></span> <span class='ocrx_word' id='word_1_3' title='bbox 2295 424 2757 486; x_wconf 72' lang='lat' dir='ltr'><strong>JANUARIUS.</strong></span> 
     </span>
    </p>
   </div>
   <div class='ocr_carea' id='block_1_3' title="bbox 3923 426 4025 489">
    <p class='ocr_par' dir='ltr' id='par_1_3' title="bbox 3923 426 4025 489">
     <span class='ocr_line' id='line_1_3' title="bbox 3923 426 4025 489; baseline 0 0"><span class='ocrx_word' id='word_1_4' title='bbox 3923 426 4025 489; x_wconf 78' lang='lat'><strong>955</strong></span> 
     </span>
    </p>
   </div>
   <div class='ocr_carea' id='block_1_4' title="bbox 747 525 2336 610">
    <p class='ocr_par' dir='ltr' id='par_1_4' title="bbox 747 538 2332 610">
     <span class='ocr_line' id='line_1_4' title="bbox 747 538 2332 610; baseline -0.011 -5"><span class='ocrx_word' id='word_1_5' title='bbox 747 550 1012 608; x_wconf 74' lang='lat' dir='ltr'><strong>ciouihus,</strong></span> <span class='ocrx_word' id='word_1_6' title='bbox 1041 553 1091 598; x_wconf 88' lang='lat' dir='ltr'><strong>et</strong></span> <span class='ocrx_word' id='word_1_7' title='bbox 1121 543 1351 595; x_wconf 76' lang='lat' dir='ltr'><strong>maxime</strong></span> <span class='ocrx_word' id='word_1_8' title='bbox 1371 540 1460 610; x_wconf 88' lang='lat' dir='ltr'><strong>qui</strong></span> <span class='ocrx_word' id='word_1_9' title='bbox 1495 551 1624 593; x_wconf 83' lang='lat' dir='ltr'><strong>sunt</strong></span> <span class='ocrx_word' id='word_1_10' title='bbox 1667 539 1790 591; x_wconf 78' lang='lat' dir='ltr'><strong>ntuli</strong></span> <span class='ocrx_word' id='word_1_11' title='bbox 1836 548 1890 591; x_wconf 89' lang='lat' dir='ltr'><strong>et</strong></span> <span class='ocrx_word' id='word_1_12' title='bbox 1941 538 2216 608; x_wconf 70' lang='lat' dir='ltr'><strong>ﬂagitiosi,</strong></span> <span class='ocrx_word' id='word_1_13' title='bbox 2278 548 2332 590; x_wconf 81' lang='lat' dir='ltr'><strong>et</strong></span> 
     </span>
    </p>
   </div>
   <div class='ocr_carea' id='block_1_5' title="bbox 2444 525 4026 610">
    <p class='ocr_par' dir='ltr' id='par_1_5' title="bbox 2444 525 4026 605">
     <span class='ocr_line' id='line_1_5' title="bbox 2444 525 4026 605; baseline 0.001 -19"><span class='ocrx_word' id='word_1_14' title='bbox 2444 537 2557 596; x_wconf 89' lang='grc' dir='ltr'>ταῖς</span> <span class='ocrx_word' id='word_1_15' title='bbox 2600 525 2905 596; x_wconf 65' lang='grc' dir='ltr'>ιλπονοίαις,</span> <span class='ocrx_word' id='word_1_16' title='bbox 2971 533 3064 584; x_wconf 75' lang='grc' dir='ltr'><strong>καὶ</strong></span> <span class='ocrx_word' id='word_1_17' title='bbox 3108 535 3339 602; x_wconf 78' lang='grc' dir='ltr'>μάλιστα</span> <span class='ocrx_word' id='word_1_18' title='bbox 3377 534 3566 600; x_wconf 62' lang='grc' dir='ltr'>φαῦλοι</span> <span class='ocrx_word' id='word_1_19' title='bbox 3617 537 3708 587; x_wconf 75' lang='grc' dir='ltr'><strong>καὶ</strong></span> <span class='ocrx_word' id='word_1_20' title='bbox 3759 537 4026 605; x_wconf 58' lang='grc' dir='ltr'>μοχθηροὶ</span> 
     </span>
    </p>
   </div>
   <div class='ocr_carea' id='block_1_6' title="bbox 751 627 2328 702">
    <p class='ocr_par' dir='ltr' id='par_1_6' title="bbox 751 627 2328 702">
     <span class='ocr_line' id='line_1_6' title="bbox 751 627 2328 702; baseline -0.009 -8"><span class='ocrx_word' id='word_1_21' title='bbox 751 655 781 694; x_wconf 76' lang='lat' dir='ltr'><strong>a</strong></span> <span class='ocrx_word' id='word_1_22' title='bbox 814 656 872 692; x_wconf 88' lang='lat' dir='ltr'><strong>se</strong></span> <span class='ocrx_word' id='word_1_23' title='bbox 905 638 1104 689; x_wconf 89' lang='lat' dir='ltr'><strong>habent</strong></span> <span class='ocrx_word' id='word_1_24' title='bbox 1134 643 1411 702; x_wconf 85' lang='lat' dir='ltr'><strong>acceptam</strong></span> <span class='ocrx_word' id='word_1_25' title='bbox 1453 631 1706 685; x_wconf 89' lang='lat' dir='ltr'><strong>credendi</strong></span> <span class='ocrx_word' id='word_1_26' title='bbox 1740 630 2102 684; x_wconf 78' lang='lat' dir='ltr'><strong>occasionem.</strong></span> <span class='ocrx_word' id='word_1_27' title='bbox 2134 627 2328 681; x_wconf 86' lang='lat' dir='ltr'><strong>Statim</strong></span> 
     </span>
    </p>
   </div>
   <div class='ocr_carea' id='block_1_7' title="bbox 747 719 2330 794">
    <p class='ocr_par' dir='ltr' id='par_1_7' title="bbox 747 719 2330 794">
     <span class='ocr_line' id='line_1_7' title="bbox 747 719 2330 794; baseline -0.009 -9"><span class='ocrx_word' id='word_1_28' title='bbox 747 732 888 785; x_wconf 77' lang='lat' dir='ltr'><strong>cllilll</strong></span> <span class='ocrx_word' id='word_1_29' title='bbox 922 739 1171 794; x_wconf 80' lang='lat' dir='ltr'><strong>tanquam</strong></span> <span class='ocrx_word' id='word_1_30' title='bbox 1216 740 1247 779; x_wconf 89' lang='lat' dir='ltr'><strong>e</strong></span> <span class='ocrx_word' id='word_1_31' title='bbox 1297 725 1598 794; x_wconf 84' lang='lat' dir='ltr'><strong>propinquo</strong></span> <span class='ocrx_word' id='word_1_32' title='bbox 1627 722 1834 790; x_wconf 85' lang='lat' dir='ltr'><strong>seipsos</strong></span> <span class='ocrx_word' id='word_1_33' title='bbox 1867 732 2031 775; x_wconf 89' lang='lat' dir='ltr'><strong>testes</strong></span> <span class='ocrx_word' id='word_1_34' title='bbox 2061 719 2330 789; x_wconf 82' lang='lat' dir='ltr'><strong>accipien-</strong></span> 
     </span>
    </p>
   </div>
   <div class='ocr_carea' id='block_1_8' title="bbox 752 813 2332 883">
    <p class='ocr_par' dir='ltr' id='par_1_8' title="bbox 752 813 2332 883">
     <span class='ocr_line' id='line_1_8' title="bbox 752 813 2332 883; baseline -0.006 -10"><span class='ocrx_word' id='word_1_35' title='bbox 752 833 849 880; x_wconf 87' lang='lat' dir='ltr'><strong>tes.</strong></span> <span class='ocrx_word' id='word_1_36' title='bbox 884 820 1021 873; x_wconf 86' lang='lat' dir='ltr'><strong>alios</strong></span> <span class='ocrx_word' id='word_1_37' title='bbox 1047 823 1305 870; x_wconf 80' lang='lat' dir='ltr'><strong>accusant</strong></span> <span class='ocrx_word' id='word_1_38' title='bbox 1336 815 1492 868; x_wconf 78' lang='lat' dir='ltr'><strong>facile</strong></span> <span class='ocrx_word' id='word_1_39' title='bbox 1522 831 1538 880; x_wconf 71' lang='grc' dir='ltr'><strong>ς</strong></span> <span class='ocrx_word' id='word_1_40' title='bbox 1565 815 1726 868; x_wconf 82' lang='lat' dir='ltr'><strong>simul</strong></span> <span class='ocrx_word' id='word_1_41' title='bbox 1753 815 1972 883; x_wconf 78' lang='lat' dir='ltr'><strong>quidem</strong></span> <span class='ocrx_word' id='word_1_42' title='bbox 2006 829 2064 867; x_wconf 85' lang='lat' dir='ltr'><strong>se</strong></span> <span class='ocrx_word' id='word_1_43' title='bbox 2091 813 2332 865; x_wconf 88' lang='lat' dir='ltr'><strong>volentes</strong></span> 
     </span>
    </p>
   </div>
   <div class='ocr_carea' id='block_1_9' title="bbox 755 906 2328 980">
    <p class='ocr_par' dir='ltr' id='par_1_9' title="bbox 755 906 2328 980">
     <span class='ocr_line' id='line_1_9' title="bbox 755 906 2328 980; baseline -0.008 -14"><span class='ocrx_word' id='word_1_44' title='bbox 755 911 975 980; x_wconf 71' lang='lat' dir='ltr'><strong>explere</strong></span> <span class='ocrx_word' id='word_1_45' title='bbox 1021 910 1229 963; x_wconf 82' lang='lat' dir='ltr'><strong>deliciis</strong></span> <span class='ocrx_word' id='word_1_46' title='bbox 1273 908 1460 960; x_wconf 84' lang='lat' dir='ltr'><strong>talium</strong></span> <span class='ocrx_word' id='word_1_47' title='bbox 1485 906 1874 976; x_wconf 83' lang='lat' dir='ltr'><strong>cogitationum</strong></span> <span class='ocrx_word' id='word_1_48' title='bbox 1920 914 1976 958; x_wconf 93' lang='lat' dir='ltr'><strong>et</strong></span> <span class='ocrx_word' id='word_1_49' title='bbox 2019 907 2328 964; x_wconf 89' lang='lat' dir='ltr'><strong>verborum,</strong></span> 
     </span>
    </p>
   </div>
   <div class='ocr_carea' id='block_1_10' title="bbox 751 983 2331 1074">
    <p class='ocr_par' dir='ltr' id='par_1_10' title="bbox 751 983 2331 1074">
     <span class='ocr_line' id='line_1_10' title="bbox 751 983 2331 1074; baseline -0.004 -19"><span class='ocrx_word' id='word_1_50' title='bbox 751 1014 802 1055; x_wconf 89' lang='lat' dir='ltr'><strong>et</strong></span> <span class='ocrx_word' id='word_1_51' title='bbox 830 1005 1118 1074; x_wconf 82' lang='lat' dir='ltr'><strong>cupientes</strong></span> <span class='ocrx_word' id='word_1_52' title='bbox 1172 1015 1294 1054; x_wconf 88' lang='lat' dir='ltr'><strong>esse</strong></span> <span class='ocrx_word' id='word_1_53' title='bbox 1344 999 1482 1052; x_wconf 82' lang='lat' dir='ltr'><strong>alios</strong></span> <span class='ocrx_word' id='word_1_54' title='bbox 1527 983 1778 1051; x_wconf 83' lang='lat' dir='ltr'><strong>similiter</strong></span> <span class='ocrx_word' id='word_1_55' title='bbox 1818 995 2126 1065; x_wconf 85' lang='lat' dir='ltr'><strong>ituprohos;</strong></span> <span class='ocrx_word' id='word_1_56' title='bbox 2165 1003 2221 1048; x_wconf 87' lang='lat' dir='ltr'><strong>et</strong></span> <span class='ocrx_word' id='word_1_57' title='bbox 2251 995 2331 1048; x_wconf 87' lang='lat' dir='ltr'><strong>sic</strong></span> 
     </span>
    </p>
   </div>
   <div class='ocr_carea' id='block_1_11' title="bbox 753 1087 2333 1161">
    <p class='ocr_par' dir='ltr' id='par_1_11' title="bbox 753 1087 2333 1161">
     <span class='ocr_line' id='line_1_11' title="bbox 753 1087 2333 1161; baseline -0.006 -13"><span class='ocrx_word' id='word_1_58' title='bbox 753 1097 1036 1148; x_wconf 76' lang='lat' dir='ltr'><strong>studentes</strong></span> <span class='ocrx_word' id='word_1_59' title='bbox 1072 1093 1242 1145; x_wconf 86' lang='lat' dir='ltr'><strong>vitare</strong></span> <span class='ocrx_word' id='word_1_60' title='bbox 1285 1093 1492 1161; x_wconf 77' lang='lat' dir='ltr'><strong>plagas.</strong></span> <span class='ocrx_word' id='word_1_61' title='bbox 1529 1105 1646 1158; x_wconf 71' lang='lat' dir='ltr'><strong>qua:</strong></span> <span class='ocrx_word' id='word_1_62' title='bbox 1690 1087 1999 1142; x_wconf 83' lang='lat' dir='ltr'><strong>inferuntur</strong></span> <span class='ocrx_word' id='word_1_63' title='bbox 2035 1087 2115 1140; x_wconf 89' lang='lat' dir='ltr'><strong>eis</strong></span> <span class='ocrx_word' id='word_1_64' title='bbox 2146 1102 2173 1137; x_wconf 86' lang='lat' dir='ltr'><strong>a</strong></span> <span class='ocrx_word' id='word_1_65' title='bbox 2206 1102 2333 1138; x_wconf 82' lang='lat' dir='ltr'><strong>cun-</strong></span> 
     </span>
    </p>
   </div>
   <div class='ocr_carea' id='block_1_12' title="bbox 742 1177 2328 1248">
    <p class='ocr_par' dir='ltr' id='par_1_12' title="bbox 742 1177 2328 1248">
     <span class='ocr_line' id='line_1_12' title="bbox 742 1177 2328 1248; baseline -0.007 -7"><span class='ocrx_word' id='word_1_66' title='bbox 742 1191 1004 1241; x_wconf 72' lang='lat' dir='ltr'><strong>scieutia.</strong></span> <span class='ocrx_word' id='word_1_67' title='bbox 1033 1185 1330 1239; x_wconf 79' lang='lat' dir='ltr'><strong>Monachus</strong></span> <span class='ocrx_word' id='word_1_68' title='bbox 1356 1193 1534 1238; x_wconf 90' lang='lat' dir='ltr'><strong>autem</strong></span> <span class='ocrx_word' id='word_1_69' title='bbox 1577 1197 1697 1236; x_wconf 92' lang='lat' dir='ltr'><strong>cum</strong></span> <span class='ocrx_word' id='word_1_70' title='bbox 1727 1180 2052 1235; x_wconf 88' lang='lat' dir='ltr'><strong>totondisset</strong></span> <span class='ocrx_word' id='word_1_71' title='bbox 2083 1177 2328 1248; x_wconf 84' lang='lat' dir='ltr'><strong>Porphy-</strong></span> 
     </span>
    </p>
   </div>
   <div class='ocr_carea' id='block_1_13' title="bbox 755 1273 2328 1342">
    <p class='ocr_par' dir='ltr' id='par_1_13' title="bbox 755 1273 2328 1342">
     <span class='ocr_line' id='line_1_13' title="bbox 755 1273 2328 1342; baseline -0.006 -7"><span class='ocrx_word' id='word_1_72' title='bbox 755 1285 912 1342; x_wconf 79' lang='lat' dir='ltr'><strong>rium,</strong></span> <span class='ocrx_word' id='word_1_73' title='bbox 937 1290 992 1332; x_wconf 90' lang='lat' dir='ltr'><strong>et</strong></span> <span class='ocrx_word' id='word_1_74' title='bbox 1021 1279 1068 1330; x_wconf 89' lang='lat' dir='ltr'><strong>ei</strong></span> <span class='ocrx_word' id='word_1_75' title='bbox 1099 1277 1456 1332; x_wconf 89' lang='lat' dir='ltr'><strong>mouasticum</strong></span> <span class='ocrx_word' id='word_1_76' title='bbox 1486 1274 1836 1341; x_wconf 81' lang='lat' dir='ltr'><strong>imposuisset</strong></span> <span class='ocrx_word' id='word_1_77' title='bbox 1863 1273 2130 1337; x_wconf 83' lang='lat' dir='ltr'><strong>habitum,</strong></span> <span class='ocrx_word' id='word_1_78' title='bbox 2170 1281 2328 1326; x_wconf 83' lang='lat' dir='ltr'><strong>vocat</strong></span> 
     </span>
    </p>
   </div>
   <div class='ocr_carea' id='block_1_14' title="bbox 755 1365 2326 1439">
    <p class='ocr_par' dir='ltr' id='par_1_14' title="bbox 755 1365 2326 1439">
     <span class='ocr_line' id='line_1_14' title="bbox 755 1365 2326 1439; baseline -0.004 -15"><span class='ocrx_word' id='word_1_79' title='bbox 755 1390 874 1426; x_wconf 80' lang='lat' dir='ltr'><strong>rant</strong></span> <span class='ocrx_word' id='word_1_80' title='bbox 918 1371 1212 1439; x_wconf 80' lang='lat' dir='ltr'><strong>Pelagiani,</strong></span> <span class='ocrx_word' id='word_1_81' title='bbox 1259 1378 1309 1423; x_wconf 89' lang='lat' dir='ltr'><strong>et</strong></span> <span class='ocrx_word' id='word_1_82' title='bbox 1361 1367 1613 1422; x_wconf 88' lang='lat' dir='ltr'><strong>concedit</strong></span> <span class='ocrx_word' id='word_1_83' title='bbox 1655 1367 1728 1429; x_wconf 90' lang='lat' dir='ltr'><strong>cl,</strong></span> <span class='ocrx_word' id='word_1_84' title='bbox 1789 1375 1842 1419; x_wconf 89' lang='lat' dir='ltr'><strong>ut</strong></span> <span class='ocrx_word' id='word_1_85' title='bbox 1893 1365 1946 1418; x_wconf 92' lang='lat' dir='ltr'><strong>in</strong></span> <span class='ocrx_word' id='word_1_86' title='bbox 1998 1365 2326 1419; x_wconf 87' lang='lat' dir='ltr'><strong>monasterio</strong></span> 
     </span>
    </p>
   </div>
   <div class='ocr_carea' id='block_1_15' title="bbox 757 1461 1526 1535">
    <p class='ocr_par' dir='ltr' id='par_1_15' title="bbox 757 1461 1526 1535">
     <span class='ocr_line' id='line_1_15' title="bbox 757 1461 1526 1535; baseline -0.004 -18"><span class='ocrx_word' id='word_1_87' title='bbox 757 1467 1029 1535; x_wconf 70' lang='lat' dir='ltr'><strong>virginum</strong></span> <span class='ocrx_word' id='word_1_88' title='bbox 1071 1471 1195 1531; x_wconf 84' lang='lat' dir='ltr'><strong>agat</strong></span> <span class='ocrx_word' id='word_1_89' title='bbox 1226 1461 1526 1516; x_wconf 79' lang='lat' dir='ltr'><strong>silentium.</strong></span> 
     </span>
    </p>
   </div>
   <div class='ocr_carea' id='block_1_16' title="bbox 833 1663 2328 1734">
    <p class='ocr_par' dir='ltr' id='par_1_16' title="bbox 833 1663 2328 1734">
     <span class='ocr_line' id='line_1_16' title="bbox 833 1663 2328 1734; baseline -0.003 -11"><span class='ocrx_word' id='word_1_90' title='bbox 833 1665 1020 1723; x_wconf 77' lang='lat' dir='ltr'><strong>LXIX.</strong></span> <span class='ocrx_word' id='word_1_91' title='bbox 1049 1665 1184 1720; x_wconf 87' lang='lat' dir='ltr'><strong>Cum</strong></span> <span class='ocrx_word' id='word_1_92' title='bbox 1215 1678 1345 1718; x_wconf 90' lang='lat' dir='ltr'><strong>vero</strong></span> <span class='ocrx_word' id='word_1_93' title='bbox 1383 1664 1742 1734; x_wconf 65' lang='lat' dir='ltr'><strong>prmscivisset</strong></span> <span class='ocrx_word' id='word_1_94' title='bbox 1771 1663 1912 1718; x_wconf 90' lang='lat' dir='ltr'><strong>diem</strong></span> <span class='ocrx_word' id='word_1_95' title='bbox 1948 1666 2029 1716; x_wconf 85' lang='lat' dir='ltr'><strong>sui</strong></span> <span class='ocrx_word' id='word_1_96' title='bbox 2055 1666 2328 1729; x_wconf 86' lang='lat' dir='ltr'><strong>decessus,</strong></span> 
     </span>
    </p>
   </div>
   <div class='ocr_carea' id='block_1_17' title="bbox 757 1755 2328 1828">
    <p class='ocr_par' dir='ltr' id='par_1_17' title="bbox 757 1755 2328 1828">
     <span class='ocr_line' id='line_1_17' title="bbox 757 1755 2328 1828; baseline -0.003 -14"><span class='ocrx_word' id='word_1_97' title='bbox 757 1762 845 1814; x_wconf 83' lang='lat' dir='ltr'><strong>illa</strong></span> <span class='ocrx_word' id='word_1_98' title='bbox 878 1772 1096 1828; x_wconf 85' lang='lat' dir='ltr'><strong>quoque</strong></span> <span class='ocrx_word' id='word_1_99' title='bbox 1121 1765 1366 1823; x_wconf 85' lang='lat' dir='ltr'><strong>accepta,</strong></span> <span class='ocrx_word' id='word_1_100' title='bbox 1401 1756 1540 1810; x_wconf 87' lang='lat' dir='ltr'><strong>redit</strong></span> <span class='ocrx_word' id='word_1_101' title='bbox 1569 1755 1792 1826; x_wconf 85' lang='lat' dir='ltr'><strong>Tyrum.</strong></span> <span class='ocrx_word' id='word_1_102' title='bbox 1827 1755 1956 1809; x_wconf 86' lang='lat' dir='ltr'><strong>Eam</strong></span> <span class='ocrx_word' id='word_1_103' title='bbox 1988 1765 2170 1810; x_wconf 88' lang='lat' dir='ltr'><strong>autem</strong></span> <span class='ocrx_word' id='word_1_104' title='bbox 2200 1771 2328 1825; x_wconf 88' lang='lat' dir='ltr'><strong>puer</strong></span> 
     </span>
    </p>
   </div>
   <div class='ocr_carea' id='block_1_18' title="bbox 756 1847 2330 1922">
    <p class='ocr_par' dir='ltr' id='par_1_18' title="bbox 756 1847 2330 1922">
     <span class='ocr_line' id='line_1_18' title="bbox 756 1847 2330 1922; baseline -0.003 -18"><span class='ocrx_word' id='word_1_105' title='bbox 756 1867 972 1922; x_wconf 89' lang='lat' dir='ltr'><strong>quoque</strong></span> <span class='ocrx_word' id='word_1_106' title='bbox 1019 1849 1376 1920; x_wconf 79' lang='lat' dir='ltr'><strong>sequebatur,</strong></span> <span class='ocrx_word' id='word_1_107' title='bbox 1417 1847 1526 1916; x_wconf 86' lang='lat' dir='ltr'><strong>jam</strong></span> <span class='ocrx_word' id='word_1_108' title='bbox 1568 1857 1772 1914; x_wconf 84' lang='lat' dir='ltr'><strong>septem</strong></span> <span class='ocrx_word' id='word_1_109' title='bbox 1816 1861 1985 1900; x_wconf 90' lang='lat' dir='ltr'><strong>annos</strong></span> <span class='ocrx_word' id='word_1_110' title='bbox 2031 1857 2211 1902; x_wconf 87' lang='lat' dir='ltr'><strong>natus.</strong></span> <span class='ocrx_word' id='word_1_111' title='bbox 2252 1849 2330 1900; x_wconf 82' lang='lat' dir='ltr'><strong>Ad</strong></span> 
     </span>
    </p>
   </div>
   <div class='ocr_carea' id='block_1_19' title="bbox 756 1937 2329 2009">
    <p class='ocr_par' dir='ltr' id='par_1_19' title="bbox 756 1937 2329 2009">
     <span class='ocr_line' id='line_1_19' title="bbox 756 1937 2329 2009; baseline -0.004 -10"><span class='ocrx_word' id='word_1_112' title='bbox 756 1959 946 1999; x_wconf 88' lang='lat' dir='ltr'><strong>omnes</strong></span> <span class='ocrx_word' id='word_1_113' title='bbox 989 1956 1117 1997; x_wconf 82' lang='lat' dir='ltr'><strong>vero</strong></span> <span class='ocrx_word' id='word_1_114' title='bbox 1155 1940 1399 2009; x_wconf 86' lang='lat' dir='ltr'><strong>pervenit</strong></span> <span class='ocrx_word' id='word_1_115' title='bbox 1435 1937 1577 1991; x_wconf 82' lang='lat' dir='ltr'><strong>fama</strong></span> <span class='ocrx_word' id='word_1_116' title='bbox 1618 1954 1804 1992; x_wconf 90' lang='lat' dir='ltr'><strong>eorum</strong></span> <span class='ocrx_word' id='word_1_117' title='bbox 1853 1941 2150 2003; x_wconf 89' lang='lat' dir='ltr'><strong>adventus,</strong></span> <span class='ocrx_word' id='word_1_118' title='bbox 2188 1942 2329 2008; x_wconf 90' lang='lat' dir='ltr'><strong>quod</strong></span> 
     </span>
    </p>
   </div>
   <div class='ocr_carea' id='block_1_20' title="bbox 758 2029 2334 2099">
    <p class='ocr_par' dir='ltr' id='par_1_20' title="bbox 758 2029 2334 2099">
     <span class='ocr_line' id='line_1_20' title="bbox 758 2029 2334 2099; baseline -0.006 -9"><span class='ocrx_word' id='word_1_119' title='bbox 758 2036 966 2090; x_wconf 81' lang='lat' dir='ltr'><strong>scilicet</strong></span> <span class='ocrx_word' id='word_1_120' title='bbox 990 2032 1277 2086; x_wconf 84' lang='lat' dir='ltr'><strong>revertitur</strong></span> <span class='ocrx_word' id='word_1_121' title='bbox 1307 2029 1599 2099; x_wconf 81' lang='lat' dir='ltr'><strong>Porphyria</strong></span> <span class='ocrx_word' id='word_1_122' title='bbox 1628 2044 1748 2083; x_wconf 90' lang='lat' dir='ltr'><strong>cum</strong></span> <span class='ocrx_word' id='word_1_123' title='bbox 1783 2030 2048 2082; x_wconf 90' lang='lat' dir='ltr'><strong>monacho</strong></span> <span class='ocrx_word' id='word_1_124' title='bbox 2077 2044 2176 2082; x_wconf 88' lang='lat' dir='ltr'><strong>suo</strong></span> <span class='ocrx_word' id='word_1_125' title='bbox 2203 2044 2334 2083; x_wconf 87' lang='lat' dir='ltr'><strong>con-</strong></span> 
     </span>
    </p>
   </div>
   <div class='ocr_carea' id='block_1_21' title="bbox 753 2121 2333 2195">
    <p class='ocr_par' dir='ltr' id='par_1_21' title="bbox 753 2121 2333 2195">
     <span class='ocr_line' id='line_1_21' title="bbox 753 2121 2333 2195; baseline -0.003 -18"><span class='ocrx_word' id='word_1_126' title='bbox 753 2127 900 2195; x_wconf 82' lang='lat' dir='ltr'><strong>juge.</strong></span> <span class='ocrx_word' id='word_1_127' title='bbox 932 2125 1137 2179; x_wconf 83' lang='lat' dir='ltr'><strong>Deinde</strong></span> <span class='ocrx_word' id='word_1_128' title='bbox 1167 2139 1288 2178; x_wconf 89' lang='lat' dir='ltr'><strong>cum</strong></span> <span class='ocrx_word' id='word_1_129' title='bbox 1321 2131 1636 2189; x_wconf 80' lang='lat' dir='ltr'><strong>a-grotasset</strong></span> <span class='ocrx_word' id='word_1_130' title='bbox 1668 2121 1984 2185; x_wconf 86' lang='lat' dir='ltr'><strong>monachus,</strong></span> <span class='ocrx_word' id='word_1_131' title='bbox 2017 2129 2069 2173; x_wconf 81' lang='lat' dir='ltr'><strong>et</strong></span> <span class='ocrx_word' id='word_1_132' title='bbox 2095 2123 2159 2174; x_wconf 90' lang='lat' dir='ltr'><strong>ad</strong></span> <span class='ocrx_word' id='word_1_133' title='bbox 2190 2137 2333 2174; x_wconf 91' lang='lat' dir='ltr'><strong>mor-</strong></span> 
     </span>
    </p>
   </div>
   <div class='ocr_carea' id='block_1_22' title="bbox 761 2213 2333 2286">
    <p class='ocr_par' dir='ltr' id='par_1_22' title="bbox 761 2213 2333 2286">
     <span class='ocr_line' id='line_1_22' title="bbox 761 2213 2333 2286; baseline -0.004 -14"><span class='ocrx_word' id='word_1_134' title='bbox 761 2232 869 2272; x_wconf 86' lang='lat' dir='ltr'><strong>tem</strong></span> <span class='ocrx_word' id='word_1_135' title='bbox 901 2219 1010 2286; x_wconf 88' lang='lat' dir='ltr'><strong>jam</strong></span> <span class='ocrx_word' id='word_1_136' title='bbox 1045 2226 1337 2283; x_wconf 86' lang='lat' dir='ltr'><strong>spectaret,</strong></span> <span class='ocrx_word' id='word_1_137' title='bbox 1377 2214 1591 2282; x_wconf 86' lang='lat' dir='ltr'><strong>plurimi</strong></span> <span class='ocrx_word' id='word_1_138' title='bbox 1627 2213 1692 2264; x_wconf 86' lang='lat' dir='ltr'><strong>ad</strong></span> <span class='ocrx_word' id='word_1_139' title='bbox 1733 2227 1855 2265; x_wconf 86' lang='lat' dir='ltr'><strong>eum</strong></span> <span class='ocrx_word' id='word_1_140' title='bbox 1888 2225 2235 2266; x_wconf 88' lang='lat' dir='ltr'><strong>accesserunt</strong></span> <span class='ocrx_word' id='word_1_141' title='bbox 2269 2229 2333 2267; x_wconf 80' lang='lat' dir='ltr'><strong>ex</strong></span> 
     </span>
    </p>
   </div>
   <div class='ocr_carea' id='block_1_23' title="bbox 761 2304 2334 2373">
    <p class='ocr_par' dir='ltr' id='par_1_23' title="bbox 761 2304 2334 2373">
     <span class='ocr_line' id='line_1_23' title="bbox 761 2304 2334 2373; baseline -0.005 -7"><span class='ocrx_word' id='word_1_142' title='bbox 761 2309 1178 2370; x_wconf 84' lang='lat' dir='ltr'><strong>habitatoribus,</strong></span> <span class='ocrx_word' id='word_1_143' title='bbox 1207 2307 1324 2372; x_wconf 82' lang='lat' dir='ltr'><strong>ejus</strong></span> <span class='ocrx_word' id='word_1_144' title='bbox 1356 2306 1606 2360; x_wconf 87' lang='lat' dir='ltr'><strong>visitandi</strong></span> <span class='ocrx_word' id='word_1_145' title='bbox 1639 2307 1832 2373; x_wconf 79' lang='lat' dir='ltr'><strong>gratia.</strong></span> <span class='ocrx_word' id='word_1_146' title='bbox 1866 2304 1918 2356; x_wconf 94' lang='lat' dir='ltr'><strong>lu</strong></span> <span class='ocrx_word' id='word_1_147' title='bbox 1948 2321 2176 2372; x_wconf 89' lang='lat' dir='ltr'><strong>quorum</strong></span> <span class='ocrx_word' id='word_1_148' title='bbox 2205 2323 2334 2359; x_wconf 87' lang='lat' dir='ltr'><strong>con-</strong></span> 
     </span>
    </p>
   </div>
   <div class='ocr_carea' id='block_1_24' title="bbox 760 2396 2330 2474">
    <p class='ocr_par' dir='ltr' id='par_1_24' title="bbox 760 2396 2330 2474">
     <span class='ocr_line' id='line_1_24' title="bbox 760 2396 2330 2474; baseline -0.003 -20"><span class='ocrx_word' id='word_1_149' title='bbox 760 2413 948 2474; x_wconf 75' lang='lat' dir='ltr'><strong>spectu</strong></span> <span class='ocrx_word' id='word_1_150' title='bbox 1001 2416 1122 2454; x_wconf 90' lang='lat' dir='ltr'><strong>cutn</strong></span> <span class='ocrx_word' id='word_1_151' title='bbox 1171 2401 1430 2468; x_wconf 90' lang='lat' dir='ltr'><strong>jnssisset</strong></span> <span class='ocrx_word' id='word_1_152' title='bbox 1487 2396 1669 2450; x_wconf 76' lang='lat' dir='ltr'><strong>afferri</strong></span> <span class='ocrx_word' id='word_1_153' title='bbox 1729 2398 2059 2450; x_wconf 89' lang='lat' dir='ltr'><strong>thuribulum</strong></span> <span class='ocrx_word' id='word_1_154' title='bbox 2117 2397 2330 2466; x_wconf 90' lang='lat' dir='ltr'><strong>plenum</strong></span> 
     </span>
    </p>
   </div>
   <div class='ocr_carea' id='block_1_25' title="bbox 759 2491 2335 2559">
    <p class='ocr_par' dir='ltr' id='par_1_25' title="bbox 759 2491 2335 2559">
     <span class='ocr_line' id='line_1_25' title="bbox 759 2491 2335 2559; baseline -0.003 -10"><span class='ocrx_word' id='word_1_155' title='bbox 759 2495 1113 2549; x_wconf 81' lang='lat' dir='ltr'><strong>candentibus</strong></span> <span class='ocrx_word' id='word_1_156' title='bbox 1159 2491 1510 2555; x_wconf 83' lang='lat' dir='ltr'><strong>carbonibus,</strong></span> <span class='ocrx_word' id='word_1_157' title='bbox 1555 2491 1752 2559; x_wconf 84' lang='lat' dir='ltr'><strong>accipit</strong></span> <span class='ocrx_word' id='word_1_158' title='bbox 1796 2505 1888 2544; x_wconf 88' lang='lat' dir='ltr'><strong>eos</strong></span> <span class='ocrx_word' id='word_1_159' title='bbox 1935 2492 2233 2553; x_wconf 83' lang='lat' dir='ltr'><strong>carbones,</strong></span> <span class='ocrx_word' id='word_1_160' title='bbox 2281 2502 2335 2544; x_wconf 89' lang='lat' dir='ltr'><strong>et</strong></span> 
     </span>
    </p>
   </div>
   <div class='ocr_carea' id='block_1_26' title="bbox 761 2581 2333 2647">
    <p class='ocr_par' dir='ltr' id='par_1_26' title="bbox 761 2581 2333 2647">
     <span class='ocr_line' id='line_1_26' title="bbox 761 2581 2333 2647; baseline -0.003 -6"><span class='ocrx_word' id='word_1_161' title='bbox 761 2587 996 2642; x_wconf 89' lang='lat' dir='ltr'><strong>infundit</strong></span> <span class='ocrx_word' id='word_1_162' title='bbox 1030 2586 1084 2638; x_wconf 91' lang='lat' dir='ltr'><strong>in</strong></span> <span class='ocrx_word' id='word_1_163' title='bbox 1103 2587 1300 2647; x_wconf 84' lang='lat' dir='ltr'><strong>sinum,</strong></span> <span class='ocrx_word' id='word_1_164' title='bbox 1329 2594 1382 2637; x_wconf 92' lang='lat' dir='ltr'><strong>et</strong></span> <span class='ocrx_word' id='word_1_165' title='bbox 1429 2583 1680 2636; x_wconf 81' lang='lat' dir='ltr'><strong>omnibus</strong></span> <span class='ocrx_word' id='word_1_166' title='bbox 1697 2581 2074 2636; x_wconf 84' lang='lat' dir='ltr'><strong>audientibus:</strong></span> <span class='ocrx_word' id='word_1_167' title='bbox 2103 2581 2333 2636; x_wconf 86' lang='lat' dir='ltr'><strong>Benedi-</strong></span> 
     </span>
    </p>
   </div>
   <div class='ocr_carea' id='block_1_27' title="bbox 761 2677 2336 2746">
    <p class='ocr_par' dir='ltr' id='par_1_27' title="bbox 761 2677 2336 2746">
     <span class='ocr_line' id='line_1_27' title="bbox 761 2677 2336 2746; baseline -0.003 -11"><span class='ocrx_word' id='word_1_168' title='bbox 761 2692 904 2746; x_wconf 86' lang='lat' dir='ltr'><strong>ctus,</strong></span> <span class='ocrx_word' id='word_1_169' title='bbox 934 2680 1130 2746; x_wconf 85' lang='lat' dir='ltr'><strong>inquit,</strong></span> <span class='ocrx_word' id='word_1_170' title='bbox 1168 2677 1444 2739; x_wconf 87' lang='lat' dir='ltr'><strong>Dominus,</strong></span> <span class='ocrx_word' id='word_1_171' title='bbox 1479 2677 1570 2745; x_wconf 90' lang='lat' dir='ltr'><strong>qui</strong></span> <span class='ocrx_word' id='word_1_172' title='bbox 1600 2677 1730 2728; x_wconf 78' lang='lat' dir='ltr'><strong>oliui</strong></span> <span class='ocrx_word' id='word_1_173' title='bbox 1765 2678 1954 2729; x_wconf 90' lang='lat' dir='ltr'><strong>rubum</strong></span> <span class='ocrx_word' id='word_1_174' title='bbox 1993 2679 2228 2731; x_wconf 79' lang='lat' dir='ltr'><strong>servavit</strong></span> <span class='ocrx_word' id='word_1_175' title='bbox 2255 2677 2336 2731; x_wconf 85' lang='lat' dir='ltr'><strong>itt-</strong></span> 
     </span>
    </p>
   </div>
   <div class='ocr_carea' id='block_1_28' title="bbox 761 2766 2338 2837">
    <p class='ocr_par' dir='ltr' id='par_1_28' title="bbox 761 2766 2338 2837">
     <span class='ocr_line' id='line_1_28' title="bbox 761 2766 2338 2837; baseline -0.003 -11"><span class='ocrx_word' id='word_1_176' title='bbox 761 2772 1103 2826; x_wconf 89' lang='lat' dir='ltr'><strong>combustum</strong></span> <span class='ocrx_word' id='word_1_177' title='bbox 1134 2788 1146 2821; x_wconf 91' lang='lat'><strong>:</strong></span> <span class='ocrx_word' id='word_1_178' title='bbox 1182 2769 1228 2822; x_wconf 87' lang='lat' dir='ltr'><strong>is</strong></span> <span class='ocrx_word' id='word_1_179' title='bbox 1265 2769 1395 2821; x_wconf 92' lang='lat' dir='ltr'><strong>mihi</strong></span> <span class='ocrx_word' id='word_1_180' title='bbox 1431 2769 1593 2822; x_wconf 87' lang='lat' dir='ltr'><strong>fuerit</strong></span> <span class='ocrx_word' id='word_1_181' title='bbox 1624 2769 1775 2822; x_wconf 87' lang='lat' dir='ltr'><strong>testis</strong></span> <span class='ocrx_word' id='word_1_182' title='bbox 1813 2766 2014 2833; x_wconf 84' lang='lat' dir='ltr'><strong>fidelis,</strong></span> <span class='ocrx_word' id='word_1_183' title='bbox 2045 2770 2186 2837; x_wconf 87' lang='lat' dir='ltr'><strong>quod</strong></span> <span class='ocrx_word' id='word_1_184' title='bbox 2202 2784 2338 2837; x_wconf 86' lang='lat' dir='ltr'><strong>quo-</strong></span> 
     </span>
    </p>
   </div>
   <div class='ocr_carea' id='block_1_29' title="bbox 761 2861 2338 2930">
    <p class='ocr_par' dir='ltr' id='par_1_29' title="bbox 761 2861 2338 2930">
     <span class='ocr_line' id='line_1_29' title="bbox 761 2861 2338 2930; baseline -0.003 -11"><span class='ocrx_word' id='word_1_185' title='bbox 761 2868 922 2919; x_wconf 86' lang='lat' dir='ltr'><strong>modo</strong></span> <span class='ocrx_word' id='word_1_186' title='bbox 963 2879 1112 2918; x_wconf 89' lang='lat' dir='ltr'><strong>meas</strong></span> <span class='ocrx_word' id='word_1_187' title='bbox 1151 2874 1327 2916; x_wconf 84' lang='lat' dir='ltr'><strong>vestes</strong></span> <span class='ocrx_word' id='word_1_188' title='bbox 1353 2877 1461 2915; x_wconf 91' lang='lat' dir='ltr'><strong>non</strong></span> <span class='ocrx_word' id='word_1_189' title='bbox 1498 2861 1675 2928; x_wconf 84' lang='lat' dir='ltr'><strong>attigit</strong></span> <span class='ocrx_word' id='word_1_190' title='bbox 1711 2861 1824 2914; x_wconf 60' lang='lat' dir='ltr'><strong>haec</strong></span> <span class='ocrx_word' id='word_1_191' title='bbox 1856 2876 1978 2929; x_wconf 71' lang='lat' dir='ltr'><strong>qua:</strong></span> <span class='ocrx_word' id='word_1_192' title='bbox 2003 2870 2086 2916; x_wconf 84' lang='lat' dir='ltr'><strong>est</strong></span> <span class='ocrx_word' id='word_1_193' title='bbox 2123 2861 2175 2915; x_wconf 94' lang='lat' dir='ltr'><strong>in</strong></span> <span class='ocrx_word' id='word_1_194' title='bbox 2215 2861 2338 2930; x_wconf 83' lang='lat' dir='ltr'><strong>igne</strong></span> 
     </span>
    </p>
   </div>
   <div class='ocr_carea' id='block_1_30' title="bbox 763 2954 2336 3024">
    <p class='ocr_par' dir='ltr' id='par_1_30' title="bbox 763 2954 2336 3024">
     <span class='ocr_line' id='line_1_30' title="bbox 763 2954 2336 3024; baseline -0.002 -14"><span class='ocrx_word' id='word_1_195' title='bbox 763 2958 954 3011; x_wconf 78' lang='lat' dir='ltr'><strong>ureodi</strong></span> <span class='ocrx_word' id='word_1_196' title='bbox 985 2959 1086 3021; x_wconf 80' lang='lat' dir='ltr'><strong>vis,</strong></span> <span class='ocrx_word' id='word_1_197' title='bbox 1117 2957 1186 3008; x_wconf 82' lang='lat' dir='ltr'><strong>ita</strong></span> <span class='ocrx_word' id='word_1_198' title='bbox 1212 2970 1310 3010; x_wconf 90' lang='lat' dir='ltr'><strong>nec</strong></span> <span class='ocrx_word' id='word_1_199' title='bbox 1344 2969 1444 3024; x_wconf 86' lang='lat' dir='ltr'><strong>ego</strong></span> <span class='ocrx_word' id='word_1_200' title='bbox 1468 2954 1616 3021; x_wconf 80' lang='lat' dir='ltr'><strong>attigi</strong></span> <span class='ocrx_word' id='word_1_201' title='bbox 1645 2954 1927 3007; x_wconf 87' lang='lat' dir='ltr'><strong>mulierem</strong></span> <span class='ocrx_word' id='word_1_202' title='bbox 1957 2960 2070 3007; x_wconf 89' lang='lat' dir='ltr'><strong>toto</strong></span> <span class='ocrx_word' id='word_1_203' title='bbox 2094 2962 2336 3022; x_wconf 77' lang='lat' dir='ltr'><strong>tempore</strong></span> 
     </span>
    </p>
   </div>
   <div class='ocr_carea' id='block_1_31' title="bbox 763 3045 2338 3114">
    <p class='ocr_par' dir='ltr' id='par_1_31' title="bbox 763 3045 2338 3114">
     <span class='ocr_line' id='line_1_31' title="bbox 763 3045 2338 3114; baseline -0.004 -9"><span class='ocrx_word' id='word_1_204' title='bbox 763 3055 888 3105; x_wconf 77' lang='lat' dir='ltr'><strong>vitae</strong></span> <span class='ocrx_word' id='word_1_205' title='bbox 937 3063 1085 3104; x_wconf 63' lang='lat'><strong>&quot;£813.</strong></span> <span class='ocrx_word' id='word_1_206' title='bbox 1137 3048 1230 3102; x_wconf 89' lang='lat' dir='ltr'><strong>llis</strong></span> <span class='ocrx_word' id='word_1_207' title='bbox 1279 3049 1476 3100; x_wconf 90' lang='lat' dir='ltr'><strong>auditis</strong></span> <span class='ocrx_word' id='word_1_208' title='bbox 1523 3061 1711 3100; x_wconf 84' lang='lat' dir='ltr'><strong>outues</strong></span> <span class='ocrx_word' id='word_1_209' title='bbox 1756 3047 2181 3114; x_wconf 91' lang='lat' dir='ltr'><strong>obstupuerunt,</strong></span> <span class='ocrx_word' id='word_1_210' title='bbox 2230 3045 2338 3101; x_wconf 89' lang='lat' dir='ltr'><strong>Deo</strong></span> 
     </span>
    </p>
   </div>
   <div class='ocr_carea' id='block_1_32' title="bbox 764 3138 2339 3214">
    <p class='ocr_par' dir='ltr' id='par_1_32' title="bbox 764 3138 2339 3214">
     <span class='ocr_line' id='line_1_32' title="bbox 764 3138 2339 3214; baseline -0.002 -17"><span class='ocrx_word' id='word_1_211' title='bbox 764 3152 958 3197; x_wconf 85' lang='lat' dir='ltr'><strong>dantes</strong></span> <span class='ocrx_word' id='word_1_212' title='bbox 996 3142 1248 3214; x_wconf 88' lang='lat' dir='ltr'><strong>gloriam,</strong></span> <span class='ocrx_word' id='word_1_213' title='bbox 1288 3141 1377 3207; x_wconf 88' lang='lat' dir='ltr'><strong>qui</strong></span> <span class='ocrx_word' id='word_1_214' title='bbox 1421 3154 1535 3202; x_wconf 86' lang='lat' dir='ltr'><strong>eos,</strong></span> <span class='ocrx_word' id='word_1_215' title='bbox 1568 3140 1657 3207; x_wconf 93' lang='lat' dir='ltr'><strong>qui</strong></span> <span class='ocrx_word' id='word_1_216' title='bbox 1703 3138 1874 3207; x_wconf 89' lang='lat' dir='ltr'><strong>ipsum</strong></span> <span class='ocrx_word' id='word_1_217' title='bbox 1921 3140 1972 3192; x_wconf 93' lang='lat' dir='ltr'><strong>iu</strong></span> <span class='ocrx_word' id='word_1_218' title='bbox 2003 3139 2214 3194; x_wconf 90' lang='lat' dir='ltr'><strong>occulto</strong></span> <span class='ocrx_word' id='word_1_219' title='bbox 2245 3155 2339 3196; x_wconf 86' lang='lat' dir='ltr'><strong>co-</strong></span> 
     </span>
    </p>
   </div>
   <div class='ocr_carea' id='block_1_33' title="bbox 767 3232 2339 3303">
    <p class='ocr_par' dir='ltr' id='par_1_33' title="bbox 767 3232 2339 3303">
     <span class='ocr_line' id='line_1_33' title="bbox 767 3232 2339 3303; baseline -0.001 -13"><span class='ocrx_word' id='word_1_220' title='bbox 767 3241 910 3299; x_wconf 88' lang='lat' dir='ltr'><strong>lunt,</strong></span> <span class='ocrx_word' id='word_1_221' title='bbox 962 3238 1063 3289; x_wconf 90' lang='lat' dir='ltr'><strong>scit</strong></span> <span class='ocrx_word' id='word_1_222' title='bbox 1097 3246 1282 3303; x_wconf 87' lang='lat' dir='ltr'><strong>aperte</strong></span> <span class='ocrx_word' id='word_1_223' title='bbox 1332 3234 1655 3301; x_wconf 82' lang='lat' dir='ltr'><strong>glorificare.</strong></span> <span class='ocrx_word' id='word_1_224' title='bbox 1698 3234 1824 3285; x_wconf 67' lang='lat' dir='ltr'><strong>Haec</strong></span> <span class='ocrx_word' id='word_1_225' title='bbox 1856 3249 1976 3286; x_wconf 90' lang='lat' dir='ltr'><strong>cum</strong></span> <span class='ocrx_word' id='word_1_226' title='bbox 2021 3232 2238 3288; x_wconf 86' lang='lat' dir='ltr'><strong>fecisset</strong></span> <span class='ocrx_word' id='word_1_227' title='bbox 2283 3244 2339 3289; x_wconf 92' lang='lat' dir='ltr'><strong>et</strong></span> 
     </span>
    </p>
   </div>
   <div class='ocr_carea' id='block_1_34' title="bbox 765 3322 2333 3390">
    <p class='ocr_par' dir='ltr' id='par_1_34' title="bbox 765 3322 2333 3390">
     <span class='ocr_line' id='line_1_34' title="bbox 765 3322 2333 3390; baseline 0.001 -13"><span class='ocrx_word' id='word_1_228' title='bbox 765 3328 992 3378; x_wconf 71' lang='lat' dir='ltr'><strong>dixisset</strong></span> <span class='ocrx_word' id='word_1_229' title='bbox 1027 3326 1347 3382; x_wconf 86' lang='lat' dir='ltr'><strong>monachus,</strong></span> <span class='ocrx_word' id='word_1_230' title='bbox 1383 3323 1432 3375; x_wconf 95' lang='lat' dir='ltr'><strong>in</strong></span> <span class='ocrx_word' id='word_1_231' title='bbox 1473 3338 1662 3375; x_wconf 82' lang='lat' dir='ltr'><strong>manus</strong></span> <span class='ocrx_word' id='word_1_232' title='bbox 1701 3322 1792 3376; x_wconf 88' lang='lat' dir='ltr'><strong>Dei</strong></span> <span class='ocrx_word' id='word_1_233' title='bbox 1824 3323 2043 3390; x_wconf 85' lang='lat' dir='ltr'><strong>deponit</strong></span> <span class='ocrx_word' id='word_1_234' title='bbox 2074 3324 2333 3378; x_wconf 86' lang='lat' dir='ltr'><strong>animant.</strong></span> 
     </span>
    </p>
   </div>
   <div class='ocr_carea' id='block_1_35' title="bbox 767 3413 2335 3482">
    <p class='ocr_par' dir='ltr' id='par_1_35' title="bbox 767 3413 2335 3482">
     <span class='ocr_line' id='line_1_35' title="bbox 767 3413 2335 3482; baseline 0.003 -18"><span class='ocrx_word' id='word_1_235' title='bbox 767 3416 1058 3482; x_wconf 77' lang='lat' dir='ltr'><strong>l’mpterea</strong></span> <span class='ocrx_word' id='word_1_236' title='bbox 1096 3415 1246 3466; x_wconf 81' lang='lat' dir='ltr'><strong>vobis</strong></span> <span class='ocrx_word' id='word_1_237' title='bbox 1275 3413 1527 3466; x_wconf 89' lang='lat' dir='ltr'><strong>omnibus</strong></span> <span class='ocrx_word' id='word_1_238' title='bbox 1557 3415 1778 3475; x_wconf 87' lang='lat' dir='ltr'><strong>suadeo,</strong></span> <span class='ocrx_word' id='word_1_239' title='bbox 1816 3429 1848 3466; x_wconf 88' lang='grc' dir='ltr'><strong>ο</strong></span> <span class='ocrx_word' id='word_1_240' title='bbox 1880 3413 1976 3466; x_wconf 87' lang='lat' dir='ltr'><strong>filii</strong></span> <span class='ocrx_word' id='word_1_241' title='bbox 2007 3414 2335 3481; x_wconf 86' lang='lat' dir='ltr'><strong>spirituales,</strong></span> 
     </span>
    </p>
   </div>
   <div class='ocr_carea' id='block_1_36' title="bbox 767 3505 2336 3575">
    <p class='ocr_par' dir='ltr' id='par_1_36' title="bbox 767 3505 2336 3575">
     <span class='ocr_line' id='line_1_36' title="bbox 767 3505 2336 3575; baseline -0.001 -13"><span class='ocrx_word' id='word_1_242' title='bbox 767 3511 906 3562; x_wconf 70' lang='lat' dir='ltr'><strong>sicut</strong></span> <span class='ocrx_word' id='word_1_243' title='bbox 935 3507 1097 3560; x_wconf 89' lang='lat' dir='ltr'><strong>etiam</strong></span> <span class='ocrx_word' id='word_1_244' title='bbox 1133 3505 1281 3573; x_wconf 72' lang='lat' dir='ltr'><strong>prius</strong></span> <span class='ocrx_word' id='word_1_245' title='bbox 1309 3507 1418 3557; x_wconf 71' lang='lat' dir='ltr'><strong>disi</strong></span> <span class='ocrx_word' id='word_1_246' title='bbox 1442 3547 1455 3564; x_wconf 84' lang='lat'><strong>,</strong></span> <span class='ocrx_word' id='word_1_247' title='bbox 1495 3521 1598 3557; x_wconf 90' lang='lat' dir='ltr'><strong>non</strong></span> <span class='ocrx_word' id='word_1_248' title='bbox 1642 3521 1759 3559; x_wconf 89' lang='lat' dir='ltr'><strong>esse</strong></span> <span class='ocrx_word' id='word_1_249' title='bbox 1787 3517 2067 3575; x_wconf 87' lang='lat' dir='ltr'><strong>promptos</strong></span> <span class='ocrx_word' id='word_1_250' title='bbox 2108 3509 2174 3561; x_wconf 85' lang='lat' dir='ltr'><strong>ad</strong></span> <span class='ocrx_word' id='word_1_251' title='bbox 2205 3523 2336 3560; x_wconf 85' lang='lat' dir='ltr'><strong>con-</strong></span> 
     </span>
    </p>
   </div>
   <div class='ocr_carea' id='block_1_37' title="bbox 769 3597 2339 3668">
    <p class='ocr_par' dir='ltr' id='par_1_37' title="bbox 769 3597 2339 3668">
     <span class='ocr_line' id='line_1_37' title="bbox 769 3597 2339 3668; baseline 0.001 -15"><span class='ocrx_word' id='word_1_252' title='bbox 769 3602 1184 3654; x_wconf 84' lang='lat' dir='ltr'><strong>demuationem.</strong></span> <span class='ocrx_word' id='word_1_253' title='bbox 1214 3597 1491 3667; x_wconf 74' lang='lat' dir='ltr'><strong>Colitiugit</strong></span> <span class='ocrx_word' id='word_1_254' title='bbox 1523 3599 1664 3651; x_wconf 89' lang='lat' dir='ltr'><strong>enim</strong></span> <span class='ocrx_word' id='word_1_255' title='bbox 1698 3613 2102 3667; x_wconf 91' lang='lat' dir='ltr'><strong>nonnunquam,</strong></span> <span class='ocrx_word' id='word_1_256' title='bbox 2133 3609 2188 3652; x_wconf 85' lang='grc' dir='ltr'><strong>υι</strong></span> <span class='ocrx_word' id='word_1_257' title='bbox 2219 3601 2339 3668; x_wconf 88' lang='lat' dir='ltr'><strong>ejus</strong></span> 
     </span>
    </p>
   </div>
   <div class='ocr_carea' id='block_1_38' title="bbox 767 3685 2340 3758">
    <p class='ocr_par' dir='ltr' id='par_1_38' title="bbox 767 3685 2340 3758">
     <span class='ocr_line' id='line_1_38' title="bbox 767 3685 2340 3758; baseline 0.001 -15"><span class='ocrx_word' id='word_1_258' title='bbox 767 3692 1010 3758; x_wconf 83' lang='lat' dir='ltr'><strong>quidem,</strong></span> <span class='ocrx_word' id='word_1_259' title='bbox 1050 3688 1139 3757; x_wconf 91' lang='lat' dir='ltr'><strong>qui</strong></span> <span class='ocrx_word' id='word_1_260' title='bbox 1181 3698 1263 3741; x_wconf 75' lang='lat' dir='ltr'><strong>cst</strong></span> <span class='ocrx_word' id='word_1_261' title='bbox 1291 3685 1620 3753; x_wconf 79' lang='lat' dir='ltr'><strong>fornicatus,</strong></span> <span class='ocrx_word' id='word_1_262' title='bbox 1661 3699 1754 3741; x_wconf 90' lang='lat' dir='ltr'><strong>aut</strong></span> <span class='ocrx_word' id='word_1_263' title='bbox 1789 3690 1987 3758; x_wconf 87' lang='lat' dir='ltr'><strong>aliquid</strong></span> <span class='ocrx_word' id='word_1_264' title='bbox 2029 3690 2173 3743; x_wconf 77' lang='lat' dir='ltr'><strong>aliud</strong></span> <span class='ocrx_word' id='word_1_265' title='bbox 2204 3691 2340 3745; x_wconf 81' lang='lat' dir='ltr'><strong>deli-</strong></span> 
     </span>
    </p>
   </div>
   <div class='ocr_carea' id='block_1_39' title="bbox 768 3778 2339 3849">
    <p class='ocr_par' dir='ltr' id='par_1_39' title="bbox 768 3778 2339 3849">
     <span class='ocr_line' id='line_1_39' title="bbox 768 3778 2339 3849; baseline 0.003 -17"><span class='ocrx_word' id='word_1_266' title='bbox 768 3783 915 3849; x_wconf 86' lang='lat' dir='ltr'><strong>quit,</strong></span> <span class='ocrx_word' id='word_1_267' title='bbox 958 3788 1238 3845; x_wconf 77' lang='lat' dir='ltr'><strong>peccntum</strong></span> <span class='ocrx_word' id='word_1_268' title='bbox 1272 3791 1458 3844; x_wconf 89' lang='lat' dir='ltr'><strong>aperte</strong></span> <span class='ocrx_word' id='word_1_269' title='bbox 1494 3778 1693 3833; x_wconf 78' lang='lat' dir='ltr'><strong>factum</strong></span> <span class='ocrx_word' id='word_1_270' title='bbox 1728 3781 1964 3834; x_wconf 85' lang='lat' dir='ltr'><strong>sciamus</strong></span> <span class='ocrx_word' id='word_1_271' title='bbox 1993 3822 2006 3843; x_wconf 94' lang='lat'><strong>,</strong></span> <span class='ocrx_word' id='word_1_272' title='bbox 2039 3782 2089 3834; x_wconf 94' lang='lat' dir='ltr'><strong>in</strong></span> <span class='ocrx_word' id='word_1_273' title='bbox 2125 3783 2339 3837; x_wconf 86' lang='lat' dir='ltr'><strong>occulto</strong></span> 
     </span>
    </p>
   </div>
   <div class='ocr_carea' id='block_1_40' title="bbox 773 3872 2338 3944">
    <p class='ocr_par' dir='ltr' id='par_1_40' title="bbox 773 3872 2338 3944">
     <span class='ocr_line' id='line_1_40' title="bbox 773 3872 2338 3944; baseline 0.002 -19"><span class='ocrx_word' id='word_1_274' title='bbox 773 3882 952 3925; x_wconf 75' lang='lat' dir='ltr'><strong>autem</strong></span> <span class='ocrx_word' id='word_1_275' title='bbox 993 3872 1185 3925; x_wconf 81' lang='lat' dir='ltr'><strong>factum</strong></span> <span class='ocrx_word' id='word_1_276' title='bbox 1227 3873 1532 3940; x_wconf 74' lang='lat' dir='ltr'><strong>ignoremus</strong></span> <span class='ocrx_word' id='word_1_277' title='bbox 1564 3874 1959 3939; x_wconf 58' lang='lat' dir='ltr'><strong>patuiteutiant.</strong></span> <span class='ocrx_word' id='word_1_278' title='bbox 1991 3876 2214 3944; x_wconf 87' lang='lat' dir='ltr'><strong>Oportet</strong></span> <span class='ocrx_word' id='word_1_279' title='bbox 2242 3893 2338 3929; x_wconf 85' lang='lat' dir='ltr'><strong>au-</strong></span> 
     </span>
    </p>
   </div>
   <div class='ocr_carea' id='block_1_41' title="bbox 772 3966 2338 4036">
    <p class='ocr_par' dir='ltr' id='par_1_41' title="bbox 772 3966 2338 4036">
     <span class='ocr_line' id='line_1_41' title="bbox 772 3966 2338 4036; baseline 0.004 -20"><span class='ocrx_word' id='word_1_280' title='bbox 772 3976 877 4016; x_wconf 87' lang='lat' dir='ltr'><strong>tem</strong></span> <span class='ocrx_word' id='word_1_281' title='bbox 919 3966 1246 4016; x_wconf 76' lang='lat' dir='ltr'><strong>Dontinieaut</strong></span> <span class='ocrx_word' id='word_1_282' title='bbox 1281 3979 1492 4031; x_wconf 77' lang='lat' dir='ltr'><strong>quoque</strong></span> <span class='ocrx_word' id='word_1_283' title='bbox 1531 3967 1719 4018; x_wconf 86' lang='lat' dir='ltr'><strong>timere</strong></span> <span class='ocrx_word' id='word_1_284' title='bbox 1761 3981 1978 4030; x_wconf 76' lang='lat' dir='ltr'><strong>vocent,</strong></span> <span class='ocrx_word' id='word_1_285' title='bbox 2022 3985 2140 4036; x_wconf 65' lang='lat' dir='ltr'><strong>quae</strong></span> <span class='ocrx_word' id='word_1_286' title='bbox 2171 3970 2338 4022; x_wconf 71' lang='lat' dir='ltr'><strong>dicit:</strong></span> 
     </span>
    </p>
   </div>
   <div class='ocr_carea' id='block_1_42' title="bbox 775 4053 2112 4125">
    <p class='ocr_par' dir='ltr' id='par_1_42' title="bbox 775 4053 2112 4125">
     <span class='ocr_line' id='line_1_42' title="bbox 775 4053 2112 4125; baseline 0.005 -20"><span class='ocrx_word' id='word_1_287' title='bbox 775 4072 792 4100; x_wconf 64' lang='grc' dir='ltr'><strong>ι</strong></span> <span class='ocrx_word' id='word_1_288' title='bbox 843 4053 896 4106; x_wconf 89' lang='lat' dir='ltr'><strong>ltt</strong></span> <span class='ocrx_word' id='word_1_289' title='bbox 935 4071 1039 4124; x_wconf 85' lang='lat' dir='ltr'><strong>quo</strong></span> <span class='ocrx_word' id='word_1_290' title='bbox 1067 4055 1272 4123; x_wconf 83' lang='lat' dir='ltr'><strong>judicio</strong></span> <span class='ocrx_word' id='word_1_291' title='bbox 1297 4055 1576 4125; x_wconf 83' lang='lat' dir='ltr'><strong>judicatis,</strong></span> <span class='ocrx_word' id='word_1_292' title='bbox 1601 4056 1976 4124; x_wconf 67' lang='lat' dir='ltr'><strong>jutlicabintiul</strong></span> <span class='ocrx_word' id='word_1_293' title='bbox 2007 4063 2046 4111; x_wconf 66' lang='grc' dir='ltr'>θ.</span> <span class='ocrx_word' id='word_1_294' title='bbox 2096 4082 2112 4112; x_wconf 72' lang='grc' dir='ltr'><strong>ι</strong></span> 
     </span>
    </p>
   </div>
   <div class='ocr_carea' id='block_1_43' title="bbox 2441 625 4025 696">
    <p class='ocr_par' dir='ltr' id='par_1_43' title="bbox 2441 625 4025 696">
     <span class='ocr_line' id='line_1_43' title="bbox 2441 625 4025 696; baseline 0.001 -19"><span class='ocrx_word' id='word_1_295' title='bbox 2441 627 2616 688; x_wconf 73' lang='grc' dir='ltr'>ὄντες,</span> <span class='ocrx_word' id='word_1_296' title='bbox 2644 627 2740 678; x_wconf 77' lang='grc' dir='ltr'>καὶ</span> <span class='ocrx_word' id='word_1_297' title='bbox 2778 625 2992 678; x_wconf 68' lang='grc' dir='ltr'>οἴκοθεν</span> <span class='ocrx_word' id='word_1_298' title='bbox 3026 625 3168 694; x_wconf 82' lang='grc' dir='ltr'>ἔχειν</span> <span class='ocrx_word' id='word_1_299' title='bbox 3198 632 3296 688; x_wconf 67' lang='grc' dir='ltr'><strong>τὰς</strong></span> <span class='ocrx_word' id='word_1_300' title='bbox 3327 628 3420 679; x_wconf 78' lang='grc' dir='ltr'>τοῦ</span> <span class='ocrx_word' id='word_1_301' title='bbox 3456 629 3732 679; x_wconf 78' lang='grc' dir='ltr'><strong>πιστεύειν</strong></span> <span class='ocrx_word' id='word_1_302' title='bbox 3769 631 4025 696; x_wconf 61' lang='grc' dir='ltr'>ἀιρορμὰς</span> 
     </span>
    </p>
   </div>
   <div class='ocr_carea' id='block_1_44' title="bbox 2441 718 4028 788">
    <p class='ocr_par' dir='ltr' id='par_1_44' title="bbox 2441 718 4028 788">
     <span class='ocr_line' id='line_1_44' title="bbox 2441 718 4028 788; baseline 0 -18"><span class='ocrx_word' id='word_1_303' title='bbox 2441 718 2753 787; x_wconf 77' lang='grc' dir='ltr'>δυνάμενοι.</span> <span class='ocrx_word' id='word_1_304' title='bbox 2791 718 2964 780; x_wconf 79' lang='grc' dir='ltr'>Εὐθὺς</span> <span class='ocrx_word' id='word_1_305' title='bbox 2991 719 3123 788; x_wconf 79' lang='grc' dir='ltr'>γαρ,</span> <span class='ocrx_word' id='word_1_306' title='bbox 3165 718 3354 786; x_wconf 85' lang='grc' dir='ltr'>ὥσπερ</span> <span class='ocrx_word' id='word_1_307' title='bbox 3382 720 3607 780; x_wconf 73' lang='grc' dir='ltr'>ἑαυτοὺς</span> <span class='ocrx_word' id='word_1_308' title='bbox 3628 721 3692 771; x_wconf 83' lang='grc' dir='ltr'><strong>ἐκ</strong></span> <span class='ocrx_word' id='word_1_309' title='bbox 3730 720 3823 772; x_wconf 76' lang='grc' dir='ltr'>τοῦ</span> <span class='ocrx_word' id='word_1_310' title='bbox 3859 723 4028 785; x_wconf 69' lang='grc' dir='ltr'>ἐγγυ-</span> 
     </span>
    </p>
   </div>
   <div class='ocr_carea' id='block_1_45' title="bbox 2441 810 4027 882">
    <p class='ocr_par' dir='ltr' id='par_1_45' title="bbox 2441 810 4027 882">
     <span class='ocr_line' id='line_1_45' title="bbox 2441 810 4027 882; baseline 0.001 -20"><span class='ocrx_word' id='word_1_311' title='bbox 2441 812 2603 862; x_wconf 80' lang='grc' dir='ltr'>τάτου</span> <span class='ocrx_word' id='word_1_312' title='bbox 2637 810 3002 880; x_wconf 73' lang='grc' dir='ltr'>λαμϐάνοντες</span> <span class='ocrx_word' id='word_1_313' title='bbox 3035 812 3336 881; x_wconf 85' lang='grc' dir='ltr'>μάρτυρας,</span> <span class='ocrx_word' id='word_1_314' title='bbox 3380 813 3743 882; x_wconf 74' lang='grc' dir='ltr'>κατηγοροῦσι</span> <span class='ocrx_word' id='word_1_315' title='bbox 3801 813 3912 863; x_wconf 82' lang='grc' dir='ltr'><strong>τῶν</strong></span> <span class='ocrx_word' id='word_1_316' title='bbox 3943 813 4027 864; x_wconf 76' lang='grc' dir='ltr'><strong>ᾱι-</strong></span> 
     </span>
    </p>
   </div>
   <div class='ocr_carea' id='block_1_46' title="bbox 2439 903 4024 974">
    <p class='ocr_par' dir='ltr' id='par_1_46' title="bbox 2439 903 4024 974">
     <span class='ocr_line' id='line_1_46' title="bbox 2439 903 4024 974; baseline 0.001 -20"><span class='ocrx_word' id='word_1_317' title='bbox 2439 903 2546 954; x_wconf 86' lang='grc' dir='ltr'><strong>λων</strong></span> <span class='ocrx_word' id='word_1_318' title='bbox 2578 903 2798 974; x_wconf 69' lang='grc' dir='ltr'>ῥᾳδίως,</span> <span class='ocrx_word' id='word_1_319' title='bbox 2835 904 2951 972; x_wconf 76' lang='grc' dir='ltr'><strong>ἅμα</strong></span> <span class='ocrx_word' id='word_1_320' title='bbox 2995 903 3093 972; x_wconf 83' lang='grc' dir='ltr'><strong>μὲν</strong></span> <span class='ocrx_word' id='word_1_321' title='bbox 3121 905 3231 966; x_wconf 83' lang='grc' dir='ltr'>τοῖς</span> <span class='ocrx_word' id='word_1_322' title='bbox 3268 905 3530 968; x_wconf 81' lang='grc' dir='ltr'><strong>τοιούτοις</strong></span> <span class='ocrx_word' id='word_1_323' title='bbox 3565 905 3799 974; x_wconf 81' lang='grc' dir='ltr'>νοήμασί</span> <span class='ocrx_word' id='word_1_324' title='bbox 3832 923 3891 956; x_wconf 86' lang='grc' dir='ltr'><strong>τε</strong></span> <span class='ocrx_word' id='word_1_325' title='bbox 3933 907 4024 956; x_wconf 77' lang='grc' dir='ltr'><strong>καὶ</strong></span> 
     </span>
    </p>
   </div>
   <div class='ocr_carea' id='block_1_47' title="bbox 2442 994 4021 1065">
    <p class='ocr_par' dir='ltr' id='par_1_47' title="bbox 2442 994 4021 1065">
     <span class='ocr_line' id='line_1_47' title="bbox 2442 994 4021 1065; baseline -0.001 -19"><span class='ocrx_word' id='word_1_326' title='bbox 2442 996 2681 1065; x_wconf 76' lang='grc' dir='ltr'>ῥήμασιν</span> <span class='ocrx_word' id='word_1_327' title='bbox 2716 995 2991 1064; x_wconf 74' lang='grc' dir='ltr'>ἐντρυφᾷν</span> <span class='ocrx_word' id='word_1_328' title='bbox 3024 994 3359 1063; x_wconf 77' lang='grc' dir='ltr'>βουλόμενοι,</span> <span class='ocrx_word' id='word_1_329' title='bbox 3423 995 3540 1063; x_wconf 75' lang='grc' dir='ltr'><strong>ἅμα</strong></span> <span class='ocrx_word' id='word_1_330' title='bbox 3578 994 3633 1046; x_wconf 79' lang='grc' dir='ltr'><strong>δέ</strong></span> <span class='ocrx_word' id='word_1_331' title='bbox 3669 995 3764 1047; x_wconf 80' lang='grc' dir='ltr'>καὶ</span> <span class='ocrx_word' id='word_1_332' title='bbox 3803 994 4021 1064; x_wconf 75' lang='grc' dir='ltr'>ἐτέρους</span> 
     </span>
    </p>
   </div>
   <div class='ocr_carea' id='block_1_48' title="bbox 2439 1084 4022 1155">
    <p class='ocr_par' dir='ltr' id='par_1_48' title="bbox 2439 1084 4022 1155">
     <span class='ocr_line' id='line_1_48' title="bbox 2439 1084 4022 1155; baseline 0 -16"><span class='ocrx_word' id='word_1_333' title='bbox 2439 1089 2518 1148; x_wconf 77' lang='grc' dir='ltr'>εἰς</span> <span class='ocrx_word' id='word_1_334' title='bbox 2550 1084 2851 1155; x_wconf 71' lang='grc' dir='ltr'><strong>μοχθηρίαν</strong></span> <span class='ocrx_word' id='word_1_335' title='bbox 2879 1085 3096 1155; x_wconf 76' lang='grc' dir='ltr'><strong>ὁμοίους</strong></span> <span class='ocrx_word' id='word_1_336' title='bbox 3123 1085 3269 1153; x_wconf 81' lang='grc' dir='ltr'>ἐχειν</span> <span class='ocrx_word' id='word_1_337' title='bbox 3309 1085 3724 1154; x_wconf 73' lang='grc' dir='ltr'>ἐπιθυμοῦντες.</span> <span class='ocrx_word' id='word_1_338' title='bbox 3751 1087 3847 1138; x_wconf 55' lang='grc' dir='ltr'><strong>καὶ⁵</strong></span> <span class='ocrx_word' id='word_1_339' title='bbox 3877 1087 4022 1139; x_wconf 77' lang='grc' dir='ltr'>οὕτω</span> 
     </span>
    </p>
   </div>
   <div class='ocr_carea' id='block_1_49' title="bbox 2441 1179 4020 1249">
    <p class='ocr_par' dir='ltr' id='par_1_49' title="bbox 2441 1179 4020 1249">
     <span class='ocr_line' id='line_1_49' title="bbox 2441 1179 4020 1249; baseline 0 -17"><span class='ocrx_word' id='word_1_340' title='bbox 2441 1180 2662 1248; x_wconf 76' lang='grc' dir='ltr'>φεύγειν</span> <span class='ocrx_word' id='word_1_341' title='bbox 2690 1179 3082 1242; x_wconf 74' lang='grc' dir='ltr'>σπουδάζοντες</span> <span class='ocrx_word' id='word_1_342' title='bbox 3112 1179 3210 1239; x_wconf 76' lang='grc' dir='ltr'>τὰς</span> <span class='ocrx_word' id='word_1_343' title='bbox 3241 1180 3306 1231; x_wconf 87' lang='grc' dir='ltr'><strong>ἐκ</strong></span> <span class='ocrx_word' id='word_1_344' title='bbox 3335 1180 3427 1231; x_wconf 82' lang='grc' dir='ltr'>τοῦ</span> <span class='ocrx_word' id='word_1_345' title='bbox 3456 1181 3753 1242; x_wconf 82' lang='grc' dir='ltr'>συνειδότος</span> <span class='ocrx_word' id='word_1_346' title='bbox 3785 1180 4020 1249; x_wconf 65' lang='grc' dir='ltr'>πληγάς.</span> 
     </span>
    </p>
   </div>
   <div class='ocr_carea' id='block_1_50' title="bbox 2445 1270 4023 1341">
    <p class='ocr_par' dir='ltr' id='par_1_50' title="bbox 2445 1270 4023 1341">
     <span class='ocr_line' id='line_1_50' title="bbox 2445 1270 4023 1341; baseline -0.001 -17"><span class='ocrx_word' id='word_1_347' title='bbox 2445 1270 2505 1324; x_wconf 85' lang='lat' dir='ltr'><strong>&#39;U</strong></span> <span class='ocrx_word' id='word_1_348' title='bbox 2561 1271 2744 1340; x_wconf 78' lang='grc' dir='ltr'>μέντοι</span> <span class='ocrx_word' id='word_1_349' title='bbox 2805 1271 3038 1339; x_wconf 78' lang='grc' dir='ltr'>μοναχὸς</span> <span class='ocrx_word' id='word_1_350' title='bbox 3089 1271 3387 1340; x_wconf 69' lang='grc' dir='ltr'>ἀποκείρας</span> <span class='ocrx_word' id='word_1_351' title='bbox 3413 1271 3512 1330; x_wconf 77' lang='grc' dir='ltr'>τὴν</span> <span class='ocrx_word' id='word_1_352' title='bbox 3554 1273 3891 1341; x_wconf 79' lang='grc' dir='ltr'>Πορφυρίαν,</span> <span class='ocrx_word' id='word_1_353' title='bbox 3932 1275 4023 1324; x_wconf 79' lang='grc' dir='ltr'><strong>καὶ</strong></span> 
     </span>
    </p>
   </div>
   <div class='ocr_carea' id='block_1_51' title="bbox 2439 1361 4022 1432">
    <p class='ocr_par' dir='ltr' id='par_1_51' title="bbox 2439 1361 4022 1432">
     <span class='ocr_line' id='line_1_51' title="bbox 2439 1361 4022 1432; baseline -0.001 -16"><span class='ocrx_word' id='word_1_354' title='bbox 2439 1363 2498 1416; x_wconf 83' lang='grc' dir='ltr'>τὸ</span> <span class='ocrx_word' id='word_1_355' title='bbox 2543 1364 2650 1414; x_wconf 80' lang='grc' dir='ltr'>τῶν</span> <span class='ocrx_word' id='word_1_356' title='bbox 2705 1362 2954 1432; x_wconf 85' lang='grc' dir='ltr'>μοναχῶν</span> <span class='ocrx_word' id='word_1_357' title='bbox 2987 1364 3123 1432; x_wconf 66' lang='grc' dir='ltr'>αὐτῇ</span> <span class='ocrx_word' id='word_1_358' title='bbox 3175 1362 3361 1431; x_wconf 80' lang='grc' dir='ltr'>σχῆμα</span> <span class='ocrx_word' id='word_1_359' title='bbox 3424 1364 3690 1432; x_wconf 75' lang='grc' dir='ltr'>περιθεὶς,</span> <span class='ocrx_word' id='word_1_360' title='bbox 3747 1361 4022 1430; x_wconf 78' lang='grc' dir='ltr'>Πελαγίαν</span> 
     </span>
    </p>
   </div>
   <div class='ocr_carea' id='block_1_52' title="bbox 2437 1451 4022 1523">
    <p class='ocr_par' dir='ltr' id='par_1_52' title="bbox 2437 1451 4022 1523">
     <span class='ocr_line' id='line_1_52' title="bbox 2437 1451 4022 1523; baseline 0.002 -19"><span class='ocrx_word' id='word_1_361' title='bbox 2437 1454 2795 1522; x_wconf 72' lang='grc' dir='ltr'>μετονομάζει</span> <span class='ocrx_word' id='word_1_362' title='bbox 2841 1454 2934 1504; x_wconf 68' lang='grc' dir='ltr'>καὶ</span> <span class='ocrx_word' id='word_1_363' title='bbox 2989 1455 3069 1513; x_wconf 79' lang='grc' dir='ltr'>εἰς</span> <span class='ocrx_word' id='word_1_364' title='bbox 3098 1451 3420 1522; x_wconf 84' lang='grc' dir='ltr'>παρθενῶνα</span> <span class='ocrx_word' id='word_1_365' title='bbox 3460 1453 3673 1505; x_wconf 82' lang='grc' dir='ltr'>δίδωσιν</span> <span class='ocrx_word' id='word_1_366' title='bbox 3703 1454 4022 1523; x_wconf 72' lang='grc' dir='ltr'>ἡσυχάζειν.</span> 
     </span>
    </p>
   </div>
   <div class='ocr_carea' id='block_1_53' title="bbox 2508 1658 4020 1731">
    <p class='ocr_par' dir='ltr' id='par_1_53' title="bbox 2508 1658 4020 1731">
     <span class='ocr_line' id='line_1_53' title="bbox 2508 1658 4020 1731; baseline 0 -17"><span class='ocrx_word' id='word_1_367' title='bbox 2508 1662 2628 1715; x_wconf 87' lang='grc' dir='ltr'><strong>ΞΘ’.</strong></span> <span class='ocrx_word' id='word_1_368' title='bbox 2672 1663 2829 1715; x_wconf 79' lang='grc' dir='ltr'>Ἐπεὶ</span> <span class='ocrx_word' id='word_1_369' title='bbox 2861 1661 2918 1714; x_wconf 87' lang='grc' dir='ltr'><strong>δέ</strong></span> <span class='ocrx_word' id='word_1_370' title='bbox 2949 1663 3201 1730; x_wconf 76' lang='grc' dir='ltr'>προέγνω</span> <span class='ocrx_word' id='word_1_371' title='bbox 3231 1659 3332 1730; x_wconf 78' lang='grc' dir='ltr'>τὴν</span> <span class='ocrx_word' id='word_1_372' title='bbox 3359 1660 3575 1730; x_wconf 80' lang='grc' dir='ltr'>ἡμέραν</span> <span class='ocrx_word' id='word_1_373' title='bbox 3605 1663 3704 1729; x_wconf 84' lang='grc' dir='ltr'>τῆς</span> <span class='ocrx_word' id='word_1_374' title='bbox 3737 1658 4020 1731; x_wconf 76' lang='grc' dir='ltr'>τελευτῆς,</span> 
     </span>
    </p>
   </div>
   <div class='ocr_carea' id='block_1_54' title="bbox 2437 1752 4021 1826">
    <p class='ocr_par' dir='ltr' id='par_1_54' title="bbox 2437 1752 4021 1826">
     <span class='ocr_line' id='line_1_54' title="bbox 2437 1752 4021 1826; baseline -0.001 -19"><span class='ocrx_word' id='word_1_375' title='bbox 2437 1754 2768 1823; x_wconf 80' lang='grc' dir='ltr'>παραλαϐὼν</span> <span class='ocrx_word' id='word_1_376' title='bbox 2789 1755 3068 1824; x_wconf 84' lang='grc' dir='ltr'>κάκείνην,</span> <span class='ocrx_word' id='word_1_377' title='bbox 3094 1755 3338 1808; x_wconf 81' lang='grc' dir='ltr'>ἐπάνεισι</span> <span class='ocrx_word' id='word_1_378' title='bbox 3359 1756 3493 1824; x_wconf 73' lang='grc' dir='ltr'>πρὸς</span> <span class='ocrx_word' id='word_1_379' title='bbox 3525 1754 3620 1825; x_wconf 78' lang='grc' dir='ltr'>τὴν</span> <span class='ocrx_word' id='word_1_380' title='bbox 3642 1754 3818 1825; x_wconf 83' lang='grc' dir='ltr'>Τύρον</span> <span class='ocrx_word' id='word_1_381' title='bbox 3838 1773 3851 1784; x_wconf 75' lang='grc' dir='ltr'><strong><em>ο</em></strong></span> <span class='ocrx_word' id='word_1_382' title='bbox 3872 1752 3943 1826; x_wconf 77' lang='grc' dir='ltr'>ἦν</span> <span class='ocrx_word' id='word_1_383' title='bbox 3968 1757 4021 1808; x_wconf 71' lang='grc' dir='ltr'>δὲ</span> 
     </span>
    </p>
   </div>
   <div class='ocr_carea' id='block_1_55' title="bbox 2435 1849 4024 1918">
    <p class='ocr_par' dir='ltr' id='par_1_55' title="bbox 2435 1849 4024 1918">
     <span class='ocr_line' id='line_1_55' title="bbox 2435 1849 4024 1918; baseline -0.001 -18"><span class='ocrx_word' id='word_1_384' title='bbox 2435 1851 2527 1900; x_wconf 78' lang='grc' dir='ltr'><strong>καὶ</strong></span> <span class='ocrx_word' id='word_1_385' title='bbox 2554 1849 2614 1900; x_wconf 82' lang='grc' dir='ltr'><strong>τὸ</strong></span> <span class='ocrx_word' id='word_1_386' title='bbox 2638 1849 2851 1901; x_wconf 82' lang='grc' dir='ltr'>παιδίον</span> <span class='ocrx_word' id='word_1_387' title='bbox 2877 1851 3013 1918; x_wconf 75' lang='grc' dir='ltr'>αὐτῇ</span> <span class='ocrx_word' id='word_1_388' title='bbox 3049 1849 3436 1914; x_wconf 74' lang='grc' dir='ltr'>συνεπόμενον,</span> <span class='ocrx_word' id='word_1_389' title='bbox 3471 1849 3611 1900; x_wconf 78' lang='grc' dir='ltr'>ἑπτὰ</span> <span class='ocrx_word' id='word_1_390' title='bbox 3651 1849 3872 1917; x_wconf 79' lang='grc' dir='ltr'>χρόνους</span> <span class='ocrx_word' id='word_1_391' title='bbox 3904 1866 4024 1918; x_wconf 78' lang='grc' dir='ltr'>σχε-</span> 
     </span>
    </p>
   </div>
   <div class='ocr_carea' id='block_1_56' title="bbox 2434 1939 4021 2008">
    <p class='ocr_par' dir='ltr' id='par_1_56' title="bbox 2434 1939 4021 2008">
     <span class='ocr_line' id='line_1_56' title="bbox 2434 1939 4021 2008; baseline -0.001 -16"><span class='ocrx_word' id='word_1_392' title='bbox 2434 1939 2520 1992; x_wconf 82' lang='grc' dir='ltr'><strong>δὸν</strong></span> <span class='ocrx_word' id='word_1_393' title='bbox 2546 1943 2792 2007; x_wconf 89' lang='grc' dir='ltr'>γεγονός.</span> <span class='ocrx_word' id='word_1_394' title='bbox 2845 1941 3063 2008; x_wconf 87' lang='grc' dir='ltr'>Διεδόθη</span> <span class='ocrx_word' id='word_1_395' title='bbox 3109 1940 3166 1992; x_wconf 85' lang='grc' dir='ltr'><strong>δὲ</strong></span> <span class='ocrx_word' id='word_1_396' title='bbox 3195 1940 3370 1992; x_wconf 65' lang='grc' dir='ltr'>αὐτῶν</span> <span class='ocrx_word' id='word_1_397' title='bbox 3408 1942 3484 2002; x_wconf 82' lang='grc' dir='ltr'>εἰς</span> <span class='ocrx_word' id='word_1_398' title='bbox 3525 1941 3731 2001; x_wconf 81' lang='grc' dir='ltr'>πάντας</span> <span class='ocrx_word' id='word_1_399' title='bbox 3758 1943 3791 2008; x_wconf 78' lang='grc' dir='ltr'>ἡ</span> <span class='ocrx_word' id='word_1_400' title='bbox 3817 1941 4021 2007; x_wconf 65' lang='grc' dir='ltr'>ἄφιξις,</span> 
     </span>
    </p>
   </div>
   <div class='ocr_carea' id='block_1_57' title="bbox 2434 2031 4021 2103">
    <p class='ocr_par' dir='ltr' id='par_1_57' title="bbox 2434 2031 4021 2103">
     <span class='ocr_line' id='line_1_57' title="bbox 2434 2031 4021 2103; baseline 0.001 -20"><span class='ocrx_word' id='word_1_401' title='bbox 2434 2031 2507 2095; x_wconf 80' lang='grc' dir='ltr'>ὡς</span> <span class='ocrx_word' id='word_1_402' title='bbox 2532 2035 2564 2101; x_wconf 78' lang='grc' dir='ltr'>ἡ</span> <span class='ocrx_word' id='word_1_403' title='bbox 2593 2034 2872 2102; x_wconf 80' lang='grc' dir='ltr'>Πορφυρία</span> <span class='ocrx_word' id='word_1_404' title='bbox 2937 2034 3076 2103; x_wconf 77' lang='grc' dir='ltr'>μετά</span> <span class='ocrx_word' id='word_1_405' title='bbox 3122 2049 3184 2100; x_wconf 84' lang='grc' dir='ltr'><strong>γε</strong></span> <span class='ocrx_word' id='word_1_406' title='bbox 3233 2034 3323 2086; x_wconf 81' lang='grc' dir='ltr'>τοῦ</span> <span class='ocrx_word' id='word_1_407' title='bbox 3367 2032 3601 2102; x_wconf 85' lang='grc' dir='ltr'>μοναχοῦ</span> <span class='ocrx_word' id='word_1_408' title='bbox 3629 2033 3819 2102; x_wconf 67' lang='grc' dir='ltr'>ἀνδρὸς</span> <span class='ocrx_word' id='word_1_409' title='bbox 3851 2034 4021 2100; x_wconf 72' lang='grc' dir='ltr'>αὐτῆς</span> 
     </span>
    </p>
   </div>
   <div class='ocr_carea' id='block_1_58' title="bbox 2436 2123 4023 2194">
    <p class='ocr_par' dir='ltr' id='par_1_58' title="bbox 2436 2123 4023 2194">
     <span class='ocr_line' id='line_1_58' title="bbox 2436 2123 4023 2194; baseline -0.002 -16"><span class='ocrx_word' id='word_1_410' title='bbox 2436 2127 2721 2193; x_wconf 62' lang='grc' dir='ltr'>ἐπανῆκεν</span> <span class='ocrx_word' id='word_1_411' title='bbox 2750 2123 2849 2178; x_wconf 80' lang='grc' dir='ltr'>εἷθ’</span> <span class='ocrx_word' id='word_1_412' title='bbox 2899 2125 3074 2188; x_wconf 72' lang='grc' dir='ltr'>οὕτως</span> <span class='ocrx_word' id='word_1_413' title='bbox 3121 2128 3411 2194; x_wconf 80' lang='grc' dir='ltr'>νοσήσαντι</span> <span class='ocrx_word' id='word_1_414' title='bbox 3459 2127 3556 2178; x_wconf 76' lang='grc' dir='ltr'>καὶ</span> <span class='ocrx_word' id='word_1_415' title='bbox 3604 2128 3740 2194; x_wconf 73' lang='grc' dir='ltr'>πρὸς</span> <span class='ocrx_word' id='word_1_416' title='bbox 3791 2126 4023 2178; x_wconf 79' lang='grc' dir='ltr'>θάνατον</span> 
     </span>
    </p>
   </div>
   <div class='ocr_carea' id='block_1_59' title="bbox 2436 2218 4018 2288">
    <p class='ocr_par' dir='ltr' id='par_1_59' title="bbox 2436 2218 4018 2288">
     <span class='ocr_line' id='line_1_59' title="bbox 2436 2218 4018 2288; baseline -0.003 -16"><span class='ocrx_word' id='word_1_417' title='bbox 2436 2219 2708 2288; x_wconf 63' lang='grc' dir='ltr'>ἀφορῶντι</span> <span class='ocrx_word' id='word_1_418' title='bbox 2738 2219 2815 2288; x_wconf 84' lang='grc' dir='ltr'>τῷ</span> <span class='ocrx_word' id='word_1_419' title='bbox 2857 2218 3094 2288; x_wconf 83' lang='grc' dir='ltr'>μοναχῷ,</span> <span class='ocrx_word' id='word_1_420' title='bbox 3128 2219 3371 2272; x_wconf 87' lang='grc' dir='ltr'>πλεῖστοι</span> <span class='ocrx_word' id='word_1_421' title='bbox 3419 2220 3527 2271; x_wconf 81' lang='grc' dir='ltr'><strong>τῶν</strong></span> <span class='ocrx_word' id='word_1_422' title='bbox 3554 2219 3858 2287; x_wconf 79' lang='grc' dir='ltr'>οἰκητόρων</span> <span class='ocrx_word' id='word_1_423' title='bbox 3894 2224 4018 2269; x_wconf 70' lang='grc' dir='ltr'>επι-</span> 
     </span>
    </p>
   </div>
   <div class='ocr_carea' id='block_1_60' title="bbox 2439 2306 4016 2382">
    <p class='ocr_par' dir='ltr' id='par_1_60' title="bbox 2439 2306 4016 2382">
     <span class='ocr_line' id='line_1_60' title="bbox 2439 2306 4016 2382; baseline -0.002 -19"><span class='ocrx_word' id='word_1_424' title='bbox 2439 2311 2684 2379; x_wconf 73' lang='grc' dir='ltr'>σκέψεως</span> <span class='ocrx_word' id='word_1_425' title='bbox 2715 2311 2876 2382; x_wconf 76' lang='grc' dir='ltr'>χάριν</span> <span class='ocrx_word' id='word_1_426' title='bbox 2910 2310 3059 2377; x_wconf 84' lang='grc' dir='ltr'>αὐτῷ</span> <span class='ocrx_word' id='word_1_427' title='bbox 3085 2310 3443 2381; x_wconf 74' lang='grc' dir='ltr'>προσέϐαλον.</span> <span class='ocrx_word' id='word_1_428' title='bbox 3486 2306 3586 2363; x_wconf 77' lang='grc' dir='ltr'>Ὧν</span> <span class='ocrx_word' id='word_1_429' title='bbox 3616 2311 3704 2362; x_wconf 80' lang='grc' dir='ltr'>ἐπ’</span> <span class='ocrx_word' id='word_1_430' title='bbox 3730 2311 3889 2377; x_wconf 61' lang='grc' dir='ltr'>ὂψεσι</span> <span class='ocrx_word' id='word_1_431' title='bbox 3926 2311 4016 2361; x_wconf 76' lang='lat' dir='ltr'><strong>0o-</strong></span> 
     </span>
    </p>
   </div>
   <div class='ocr_carea' id='block_1_61' title="bbox 2441 2401 4018 2471">
    <p class='ocr_par' dir='ltr' id='par_1_61' title="bbox 2441 2401 4018 2471">
     <span class='ocr_line' id='line_1_61' title="bbox 2441 2401 4018 2471; baseline -0.001 -18"><span class='ocrx_word' id='word_1_432' title='bbox 2441 2404 2726 2471; x_wconf 80' lang='grc' dir='ltr'>μιατὴριον</span> <span class='ocrx_word' id='word_1_433' title='bbox 2787 2401 3075 2471; x_wconf 79' lang='grc' dir='ltr'>ἐνεχθῆναι</span> <span class='ocrx_word' id='word_1_434' title='bbox 3136 2401 3398 2463; x_wconf 83' lang='grc' dir='ltr'>κελεύσας</span> <span class='ocrx_word' id='word_1_435' title='bbox 3459 2403 3750 2471; x_wconf 78' lang='grc' dir='ltr'>ἀνθράκων</span> <span class='ocrx_word' id='word_1_436' title='bbox 3808 2403 4018 2470; x_wconf 67' lang='grc' dir='ltr'>πλῆρες</span> 
     </span>
    </p>
   </div>
   <div class='ocr_carea' id='block_1_62' title="bbox 2439 2493 4020 2562">
    <p class='ocr_par' dir='ltr' id='par_1_62' title="bbox 2439 2493 4020 2562">
     <span class='ocr_line' id='line_1_62' title="bbox 2439 2493 4020 2562; baseline 0 -18"><span class='ocrx_word' id='word_1_437' title='bbox 2439 2493 2629 2562; x_wconf 79' lang='grc' dir='ltr'>πυρὸς,</span> <span class='ocrx_word' id='word_1_438' title='bbox 2662 2493 2840 2546; x_wconf 81' lang='grc' dir='ltr'>λαϐὼν</span> <span class='ocrx_word' id='word_1_439' title='bbox 2866 2495 3120 2562; x_wconf 79' lang='grc' dir='ltr'>καταχέει</span> <span class='ocrx_word' id='word_1_440' title='bbox 3150 2495 3244 2547; x_wconf 83' lang='grc' dir='ltr'>τοῦ</span> <span class='ocrx_word' id='word_1_441' title='bbox 3298 2495 3498 2546; x_wconf 73' lang='grc' dir='ltr'>κόλπου</span> <span class='ocrx_word' id='word_1_442' title='bbox 3544 2495 3666 2556; x_wconf 82' lang='grc' dir='ltr'>τοὺς</span> <span class='ocrx_word' id='word_1_443' title='bbox 3714 2495 4020 2562; x_wconf 77' lang='grc' dir='ltr'>ἄνθρακας,</span> 
     </span>
    </p>
   </div>
   <div class='ocr_carea' id='block_1_63' title="bbox 2437 2586 4024 2655">
    <p class='ocr_par' dir='ltr' id='par_1_63' title="bbox 2437 2586 4024 2655">
     <span class='ocr_line' id='line_1_63' title="bbox 2437 2586 4024 2655; baseline 0 -17"><span class='ocrx_word' id='word_1_444' title='bbox 2437 2587 2530 2638; x_wconf 70' lang='grc' dir='ltr'><strong>καὶ</strong></span> <span class='ocrx_word' id='word_1_445' title='bbox 2583 2587 2662 2648; x_wconf 85' lang='grc' dir='ltr'><strong>είς</strong></span> <span class='ocrx_word' id='word_1_446' title='bbox 2716 2586 2884 2648; x_wconf 71' lang='grc' dir='ltr'>ἀκοὰς</span> <span class='ocrx_word' id='word_1_447' title='bbox 2937 2588 3190 2648; x_wconf 82' lang='grc' dir='ltr'>πάντων,</span> <span class='ocrx_word' id='word_1_448' title='bbox 3225 2586 3526 2655; x_wconf 71' lang='grc' dir='ltr'>Εὐλογητὸς</span> <span class='ocrx_word' id='word_1_449' title='bbox 3559 2588 3784 2654; x_wconf 76' lang='grc' dir='ltr'>Κύριος,</span> <span class='ocrx_word' id='word_1_450' title='bbox 3837 2587 3967 2653; x_wconf 69' lang='grc' dir='ltr'><strong>ἔφη.</strong></span> <span class='ocrx_word' id='word_1_451' title='bbox 3999 2591 4024 2639; x_wconf 79' lang='grc' dir='ltr'>ὁ</span> 
     </span>
    </p>
   </div>
   <div class='ocr_carea' id='block_1_64' title="bbox 2441 2675 4023 2748">
    <p class='ocr_par' dir='ltr' id='par_1_64' title="bbox 2441 2675 4023 2748">
     <span class='ocr_line' id='line_1_64' title="bbox 2441 2675 4023 2748; baseline -0.003 -17"><span class='ocrx_word' id='word_1_452' title='bbox 2441 2678 2610 2731; x_wconf 87' lang='grc' dir='ltr'>πάλαι</span> <span class='ocrx_word' id='word_1_453' title='bbox 2640 2678 2740 2747; x_wconf 78' lang='grc' dir='ltr'>τὴν</span> <span class='ocrx_word' id='word_1_454' title='bbox 2775 2677 2935 2746; x_wconf 80' lang='grc' dir='ltr'>βάτον</span> <span class='ocrx_word' id='word_1_455' title='bbox 2965 2679 3210 2748; x_wconf 78' lang='grc' dir='ltr'>τηρήσας</span> <span class='ocrx_word' id='word_1_456' title='bbox 3240 2679 3506 2747; x_wconf 67' lang='grc' dir='ltr'>άφλεκτον</span> <span class='ocrx_word' id='word_1_457' title='bbox 3530 2695 3544 2707; x_wconf 89' lang='grc'><strong>·</strong></span> <span class='ocrx_word' id='word_1_458' title='bbox 3602 2675 3763 2740; x_wconf 73' lang='grc' dir='ltr'>οὗτός</span> <span class='ocrx_word' id='word_1_459' title='bbox 3813 2696 3903 2746; x_wconf 87' lang='grc' dir='ltr'><strong>μοι</strong></span> <span class='ocrx_word' id='word_1_460' title='bbox 3940 2680 4023 2746; x_wconf 79' lang='grc' dir='ltr'>εἴη</span> 
     </span>
    </p>
   </div>
   <div class='ocr_carea' id='block_1_65' title="bbox 2443 2769 4026 2841">
    <p class='ocr_par' dir='ltr' id='par_1_65' title="bbox 2443 2769 4026 2841">
     <span class='ocr_line' id='line_1_65' title="bbox 2443 2769 4026 2841; baseline -0.003 -18"><span class='ocrx_word' id='word_1_461' title='bbox 2443 2771 2653 2841; x_wconf 83' lang='grc' dir='ltr'>μάρτυς</span> <span class='ocrx_word' id='word_1_462' title='bbox 2683 2771 2894 2833; x_wconf 81' lang='grc' dir='ltr'>πιστὸς,</span> <span class='ocrx_word' id='word_1_463' title='bbox 2924 2771 3006 2822; x_wconf 84' lang='grc' dir='ltr'>ὅτι</span> <span class='ocrx_word' id='word_1_464' title='bbox 3031 2769 3219 2836; x_wconf 83' lang='grc' dir='ltr'>ὥσπερ</span> <span class='ocrx_word' id='word_1_465' title='bbox 3249 2772 3346 2839; x_wconf 83' lang='grc' dir='ltr'><strong>οὐχ</strong></span> <span class='ocrx_word' id='word_1_466' title='bbox 3370 2772 3546 2839; x_wconf 63' lang='grc' dir='ltr'>ἥψατο</span> <span class='ocrx_word' id='word_1_467' title='bbox 3577 2771 3684 2822; x_wconf 84' lang='grc' dir='ltr'><strong>τῶν</strong></span> <span class='ocrx_word' id='word_1_468' title='bbox 3715 2773 3867 2837; x_wconf 81' lang='grc' dir='ltr'>ἐμὼν</span> <span class='ocrx_word' id='word_1_469' title='bbox 3899 2773 4026 2835; x_wconf 63' lang='lat' dir='ltr'><strong>Epu-</strong></span> 
     </span>
    </p>
   </div>
   <div class='ocr_carea' id='block_1_66' title="bbox 2439 2861 4024 2931">
    <p class='ocr_par' dir='ltr' id='par_1_66' title="bbox 2439 2861 4024 2931">
     <span class='ocr_line' id='line_1_66' title="bbox 2439 2861 4024 2931; baseline 0 -17"><span class='ocrx_word' id='word_1_470' title='bbox 2439 2862 2570 2914; x_wconf 88' lang='grc' dir='ltr'>τίων</span> <span class='ocrx_word' id='word_1_471' title='bbox 2596 2863 2630 2930; x_wconf 81' lang='grc' dir='ltr'>ή</span> <span class='ocrx_word' id='word_1_472' title='bbox 2650 2863 2917 2931; x_wconf 83' lang='grc' dir='ltr'>καυστικὴ</span> <span class='ocrx_word' id='word_1_473' title='bbox 2947 2861 3047 2931; x_wconf 78' lang='grc' dir='ltr'>ἢδη</span> <span class='ocrx_word' id='word_1_474' title='bbox 3080 2861 3172 2913; x_wconf 74' lang='grc' dir='ltr'>τοῦ</span> <span class='ocrx_word' id='word_1_475' title='bbox 3220 2863 3390 2930; x_wconf 71' lang='grc' dir='ltr'>πυρὸς</span> <span class='ocrx_word' id='word_1_476' title='bbox 3419 2863 3671 2929; x_wconf 78' lang='grc' dir='ltr'>δύναμις,</span> <span class='ocrx_word' id='word_1_477' title='bbox 3704 2864 3881 2924; x_wconf 74' lang='grc' dir='ltr'>οὕτως</span> <span class='ocrx_word' id='word_1_478' title='bbox 3903 2865 4024 2914; x_wconf 59' lang='grc' dir='ltr'><strong>οἰδ-Ξὲ</strong></span> 
     </span>
    </p>
   </div>
   <div class='ocr_carea' id='block_1_67' title="bbox 2441 2954 4024 3024">
    <p class='ocr_par' dir='ltr' id='par_1_67' title="bbox 2441 2954 4024 3024">
     <span class='ocr_line' id='line_1_67' title="bbox 2441 2954 4024 3024; baseline -0.001 -17"><span class='ocrx_word' id='word_1_479' title='bbox 2441 2954 2551 3022; x_wconf 87' lang='grc' dir='ltr'><strong>ἐγὼ</strong></span> <span class='ocrx_word' id='word_1_480' title='bbox 2581 2955 2840 3022; x_wconf 83' lang='grc' dir='ltr'>γυναικὸς</span> <span class='ocrx_word' id='word_1_481' title='bbox 2865 2954 3092 3023; x_wconf 76' lang='grc' dir='ltr'>ἡψάμην</span> <span class='ocrx_word' id='word_1_482' title='bbox 3129 2955 3258 3024; x_wconf 86' lang='grc' dir='ltr'>παρ’</span> <span class='ocrx_word' id='word_1_483' title='bbox 3294 2955 3415 3007; x_wconf 82' lang='grc' dir='ltr'>ὅλον</span> <span class='ocrx_word' id='word_1_484' title='bbox 3448 2956 3538 3007; x_wconf 79' lang='grc' dir='ltr'><strong>τὸν</strong></span> <span class='ocrx_word' id='word_1_485' title='bbox 3565 2955 3662 3022; x_wconf 83' lang='grc' dir='ltr'>τῆς</span> <span class='ocrx_word' id='word_1_486' title='bbox 3691 2955 3842 3022; x_wconf 77' lang='grc' dir='ltr'>ζωῆς</span> <span class='ocrx_word' id='word_1_487' title='bbox 3893 2959 4024 3024; x_wconf 71' lang='grc' dir='ltr'>χρὸ-</span> 
     </span>
    </p>
   </div>
   <div class='ocr_carea' id='block_1_68' title="bbox 2441 3044 4026 3114">
    <p class='ocr_par' dir='ltr' id='par_1_68' title="bbox 2441 3044 4026 3114">
     <span class='ocr_line' id='line_1_68' title="bbox 2441 3044 4026 3114; baseline -0.001 -16"><span class='ocrx_word' id='word_1_488' title='bbox 2441 3063 2551 3098; x_wconf 90' lang='grc' dir='ltr'>νον.</span> <span class='ocrx_word' id='word_1_489' title='bbox 2584 3044 2756 3098; x_wconf 83' lang='grc' dir='ltr'>Τοῦτο</span> <span class='ocrx_word' id='word_1_490' title='bbox 2780 3046 2979 3108; x_wconf 84' lang='grc' dir='ltr'>πάντες</span> <span class='ocrx_word' id='word_1_491' title='bbox 3013 3045 3342 3108; x_wconf 80' lang='grc' dir='ltr'>ἀκούσαντες</span> <span class='ocrx_word' id='word_1_492' title='bbox 3368 3047 3822 3114; x_wconf 76' lang='grc' dir='ltr'>κατεπλάγησαν,</span> <span class='ocrx_word' id='word_1_493' title='bbox 3864 3048 4026 3109; x_wconf 75' lang='grc' dir='ltr'>δόξαν</span> 
     </span>
    </p>
   </div>
   <div class='ocr_carea' id='block_1_69' title="bbox 2446 3138 4030 3209">
    <p class='ocr_par' dir='ltr' id='par_1_69' title="bbox 2446 3138 4030 3209">
     <span class='ocr_line' id='line_1_69' title="bbox 2446 3138 4030 3209; baseline 0 -18"><span class='ocrx_word' id='word_1_494' title='bbox 2446 3139 2522 3206; x_wconf 77' lang='grc' dir='ltr'>τῷ</span> <span class='ocrx_word' id='word_1_495' title='bbox 2550 3138 2669 3206; x_wconf 89' lang='grc' dir='ltr'><strong>Θεῷ</strong></span> <span class='ocrx_word' id='word_1_496' title='bbox 2701 3138 2956 3202; x_wconf 83' lang='grc' dir='ltr'>διδόντες,</span> <span class='ocrx_word' id='word_1_497' title='bbox 3005 3141 3062 3202; x_wconf 82' lang='grc' dir='ltr'>ὃς</span> <span class='ocrx_word' id='word_1_498' title='bbox 3092 3156 3154 3205; x_wconf 75' lang='grc' dir='ltr'><strong>γε</strong></span> <span class='ocrx_word' id='word_1_499' title='bbox 3200 3141 3326 3201; x_wconf 79' lang='grc' dir='ltr'>τοὺς</span> <span class='ocrx_word' id='word_1_500' title='bbox 3359 3141 3416 3189; x_wconf 89' lang='grc' dir='ltr'><strong>ἐν</strong></span> <span class='ocrx_word' id='word_1_501' title='bbox 3463 3139 3543 3207; x_wconf 85' lang='grc' dir='ltr'>τῷ</span> <span class='ocrx_word' id='word_1_502' title='bbox 3593 3141 3827 3209; x_wconf 79' lang='grc' dir='ltr'>κρυπτῷ</span> <span class='ocrx_word' id='word_1_503' title='bbox 3861 3142 4030 3192; x_wconf 68' lang='grc' dir='ltr'>αὐτον</span> 
     </span>
    </p>
   </div>
   <div class='ocr_carea' id='block_1_70' title="bbox 2447 3227 4027 3301">
    <p class='ocr_par' dir='ltr' id='par_1_70' title="bbox 2447 3227 4027 3301">
     <span class='ocr_line' id='line_1_70' title="bbox 2447 3227 4027 3301; baseline 0.004 -18"><span class='ocrx_word' id='word_1_504' title='bbox 2447 3231 2850 3300; x_wconf 84' lang='grc' dir='ltr'>θεραπεύοντας</span> <span class='ocrx_word' id='word_1_505' title='bbox 2890 3232 3139 3301; x_wconf 85' lang='grc' dir='ltr'>φανερῶς</span> <span class='ocrx_word' id='word_1_506' title='bbox 3156 3227 3264 3284; x_wconf 74' lang='grc' dir='ltr'>οἶδε</span> <span class='ocrx_word' id='word_1_507' title='bbox 3294 3231 3555 3296; x_wconf 79' lang='grc' dir='ltr'>δοξάζειν.</span> <span class='ocrx_word' id='word_1_508' title='bbox 3576 3232 3766 3286; x_wconf 78' lang='grc' dir='ltr'>ταῦτα</span> <span class='ocrx_word' id='word_1_509' title='bbox 3793 3236 4027 3299; x_wconf 71' lang='grc' dir='ltr'>ποιήσας</span> 
     </span>
    </p>
   </div>
   <div class='ocr_carea' id='block_1_71' title="bbox 2444 3322 4030 3396">
    <p class='ocr_par' dir='ltr' id='par_1_71' title="bbox 2444 3322 4030 3396">
     <span class='ocr_line' id='line_1_71' title="bbox 2444 3322 4030 3396; baseline 0.001 -22"><span class='ocrx_word' id='word_1_510' title='bbox 2444 3340 2504 3375; x_wconf 91' lang='grc' dir='ltr'><strong>τε</strong></span> <span class='ocrx_word' id='word_1_511' title='bbox 2536 3323 2630 3376; x_wconf 70' lang='grc' dir='ltr'>καὶ</span> <span class='ocrx_word' id='word_1_512' title='bbox 2658 3322 2814 3386; x_wconf 75' lang='grc' dir='ltr'>λέξας</span> <span class='ocrx_word' id='word_1_513' title='bbox 2851 3325 2879 3375; x_wconf 85' lang='grc' dir='ltr'>ὁ</span> <span class='ocrx_word' id='word_1_514' title='bbox 2919 3324 3172 3392; x_wconf 73' lang='grc' dir='ltr'>μοναχος,</span> <span class='ocrx_word' id='word_1_515' title='bbox 3205 3326 3285 3386; x_wconf 87' lang='grc' dir='ltr'><strong>είς</strong></span> <span class='ocrx_word' id='word_1_516' title='bbox 3330 3323 3466 3377; x_wconf 80' lang='grc' dir='ltr'>Θεοῦ</span> <span class='ocrx_word' id='word_1_517' title='bbox 3499 3326 3689 3395; x_wconf 78' lang='grc' dir='ltr'>χεῖρας</span> <span class='ocrx_word' id='word_1_518' title='bbox 3722 3326 3826 3396; x_wconf 76' lang='grc' dir='ltr'>τὴν</span> <span class='ocrx_word' id='word_1_519' title='bbox 3847 3327 4030 3394; x_wconf 73' lang='grc' dir='ltr'>ψυχὴν</span> 
     </span>
    </p>
   </div>
   <div class='ocr_carea' id='block_1_72' title="bbox 2447 3414 4027 3485">
    <p class='ocr_par' dir='ltr' id='par_1_72' title="bbox 2447 3414 4027 3485">
     <span class='ocr_line' id='line_1_72' title="bbox 2447 3414 4027 3485; baseline 0.003 -21"><span class='ocrx_word' id='word_1_520' title='bbox 2447 3414 2801 3483; x_wconf 88' lang='grc' dir='ltr'>παρατίθησι.</span> <span class='ocrx_word' id='word_1_521' title='bbox 2827 3415 2924 3467; x_wconf 72' lang='grc' dir='ltr'><strong>Διὰ</strong></span> <span class='ocrx_word' id='word_1_522' title='bbox 2951 3416 3016 3482; x_wconf 80' lang='grc' dir='ltr'>δὴ</span> <span class='ocrx_word' id='word_1_523' title='bbox 3051 3415 3224 3468; x_wconf 78' lang='grc' dir='ltr'>ταῦτα</span> <span class='ocrx_word' id='word_1_524' title='bbox 3255 3415 3382 3484; x_wconf 80' lang='grc' dir='ltr'>ὑμῖν</span> <span class='ocrx_word' id='word_1_525' title='bbox 3417 3417 3825 3485; x_wconf 78' lang='grc' dir='ltr'>παρεγγυῶμαι</span> <span class='ocrx_word' id='word_1_526' title='bbox 3861 3420 4027 3482; x_wconf 70' lang='grc' dir='ltr'>πᾶσι,</span> 
     </span>
    </p>
   </div>
   <div class='ocr_carea' id='block_1_73' title="bbox 2445 3506 4024 3578">
    <p class='ocr_par' dir='ltr' id='par_1_73' title="bbox 2445 3506 4024 3578">
     <span class='ocr_line' id='line_1_73' title="bbox 2445 3506 4024 3578; baseline 0.001 -21"><span class='ocrx_word' id='word_1_527' title='bbox 2445 3507 2610 3558; x_wconf 84' lang='grc' dir='ltr'>τέκνα</span> <span class='ocrx_word' id='word_1_528' title='bbox 2646 3506 3012 3573; x_wconf 77' lang='grc' dir='ltr'>πνευματικὰ,</span> <span class='ocrx_word' id='word_1_529' title='bbox 3055 3507 3306 3576; x_wconf 80' lang='grc' dir='ltr'>καθάπερ</span> <span class='ocrx_word' id='word_1_530' title='bbox 3331 3507 3394 3577; x_wconf 83' lang='grc' dir='ltr'>δὴ</span> <span class='ocrx_word' id='word_1_531' title='bbox 3423 3511 3518 3561; x_wconf 73' lang='grc' dir='ltr'>καὶ</span> <span class='ocrx_word' id='word_1_532' title='bbox 3549 3510 3816 3578; x_wconf 73' lang='grc' dir='ltr'>πρότερον</span> <span class='ocrx_word' id='word_1_533' title='bbox 3866 3509 4024 3577; x_wconf 72' lang='grc' dir='ltr'>ἔφην,</span> 
     </span>
    </p>
   </div>
   <div class='ocr_carea' id='block_1_74' title="bbox 2453 3591 4030 3669">
    <p class='ocr_par' dir='ltr' id='par_1_74' title="bbox 2453 3591 4030 3669">
     <span class='ocr_line' id='line_1_74' title="bbox 2453 3591 4030 3669; baseline 0.003 -23"><span class='ocrx_word' id='word_1_534' title='bbox 2453 3597 2532 3666; x_wconf 83' lang='grc' dir='ltr'>μὴ</span> <span class='ocrx_word' id='word_1_535' title='bbox 2597 3597 2920 3666; x_wconf 82' lang='grc' dir='ltr'>προχείρους</span> <span class='ocrx_word' id='word_1_536' title='bbox 2955 3591 3096 3648; x_wconf 80' lang='grc' dir='ltr'>εἶναι</span> <span class='ocrx_word' id='word_1_537' title='bbox 3151 3597 3285 3668; x_wconf 82' lang='grc' dir='ltr'>πρὸς</span> <span class='ocrx_word' id='word_1_538' title='bbox 3339 3598 3434 3667; x_wconf 77' lang='grc' dir='ltr'><strong>τὴν</strong></span> <span class='ocrx_word' id='word_1_539' title='bbox 3487 3600 3836 3669; x_wconf 76' lang='grc' dir='ltr'>κατάκρισιν.</span> <span class='ocrx_word' id='word_1_540' title='bbox 3873 3599 4030 3654; x_wconf 78' lang='grc' dir='ltr'>Ἐστι</span> 
     </span>
    </p>
   </div>
   <div class='ocr_carea' id='block_1_75' title="bbox 2446 3687 4028 3761">
    <p class='ocr_par' dir='ltr' id='par_1_75' title="bbox 2446 3687 4028 3761">
     <span class='ocr_line' id='line_1_75' title="bbox 2446 3687 4028 3761; baseline 0 -19"><span class='ocrx_word' id='word_1_541' title='bbox 2446 3690 2555 3761; x_wconf 81' lang='grc' dir='ltr'>γὰρ</span> <span class='ocrx_word' id='word_1_542' title='bbox 2578 3690 2663 3742; x_wconf 83' lang='grc' dir='ltr'>ὅτε</span> <span class='ocrx_word' id='word_1_543' title='bbox 2691 3692 2784 3741; x_wconf 76' lang='grc' dir='ltr'><strong>καὶ</strong></span> <span class='ocrx_word' id='word_1_544' title='bbox 2822 3690 3105 3760; x_wconf 77' lang='grc' dir='ltr'>συμόαίνει</span> <span class='ocrx_word' id='word_1_545' title='bbox 3135 3690 3232 3758; x_wconf 83' lang='grc' dir='ltr'>τὴν</span> <span class='ocrx_word' id='word_1_546' title='bbox 3267 3689 3364 3758; x_wconf 76' lang='grc' dir='ltr'><strong>μὲν</strong></span> <span class='ocrx_word' id='word_1_547' title='bbox 3410 3687 3504 3740; x_wconf 82' lang='grc' dir='ltr'>τοῦ</span> <span class='ocrx_word' id='word_1_548' title='bbox 3539 3691 3947 3758; x_wconf 73' lang='grc' dir='ltr'>πορνεύσαντος</span> <span class='ocrx_word' id='word_1_549' title='bbox 3997 3693 4028 3757; x_wconf 78' lang='grc' dir='ltr'>ἦ</span> 
     </span>
    </p>
   </div>
   <div class='ocr_carea' id='block_1_76' title="bbox 2456 3782 4032 3852">
    <p class='ocr_par' dir='ltr' id='par_1_76' title="bbox 2456 3782 4032 3852">
     <span class='ocr_line' id='line_1_76' title="bbox 2456 3782 4032 3852; baseline -0.001 -16"><span class='ocrx_word' id='word_1_550' title='bbox 2456 3785 2550 3836; x_wconf 55' lang='grc' dir='ltr'><strong>καλ⁵</strong></span> <span class='ocrx_word' id='word_1_551' title='bbox 2575 3782 2703 3836; x_wconf 83' lang='grc' dir='ltr'>ἄλλο</span> <span class='ocrx_word' id='word_1_552' title='bbox 2735 3799 2787 3833; x_wconf 91' lang='grc' dir='ltr'><strong>τι</strong></span> <span class='ocrx_word' id='word_1_553' title='bbox 2820 3782 3350 3850; x_wconf 71' lang='grc' dir='ltr'>πεπλημμεληκότος</span> <span class='ocrx_word' id='word_1_554' title='bbox 3417 3783 3690 3851; x_wconf 77' lang='grc' dir='ltr'>ἁμαρτίαν</span> <span class='ocrx_word' id='word_1_555' title='bbox 3727 3785 3784 3834; x_wconf 87' lang='grc' dir='ltr'><strong>ἐν</strong></span> <span class='ocrx_word' id='word_1_556' title='bbox 3819 3784 3903 3852; x_wconf 80' lang='grc' dir='ltr'>τῷ</span> <span class='ocrx_word' id='word_1_557' title='bbox 3930 3802 4032 3849; x_wconf 66' lang='grc' dir='ltr'><strong>φα-</strong></span> 
     </span>
    </p>
   </div>
   <div class='ocr_carea' id='block_1_77' title="bbox 2448 3871 4033 3946">
    <p class='ocr_par' dir='ltr' id='par_1_77' title="bbox 2448 3871 4033 3946">
     <span class='ocr_line' id='line_1_77' title="bbox 2448 3871 4033 3946; baseline -0.001 -22"><span class='ocrx_word' id='word_1_558' title='bbox 2448 3873 2592 3946; x_wconf 80' lang='grc' dir='ltr'>νερῷ</span> <span class='ocrx_word' id='word_1_559' title='bbox 2648 3871 2990 3942; x_wconf 85' lang='grc' dir='ltr'>πραχθεῖσαν</span> <span class='ocrx_word' id='word_1_560' title='bbox 3021 3872 3239 3932; x_wconf 83' lang='grc' dir='ltr'>εἰδέναι,</span> <span class='ocrx_word' id='word_1_561' title='bbox 3273 3872 3370 3938; x_wconf 81' lang='grc' dir='ltr'>τὴν</span> <span class='ocrx_word' id='word_1_562' title='bbox 3398 3871 3452 3922; x_wconf 88' lang='grc' dir='ltr'><strong>δέ</strong></span> <span class='ocrx_word' id='word_1_563' title='bbox 3480 3871 3769 3939; x_wconf 82' lang='grc' dir='ltr'>μετάνοιαν</span> <span class='ocrx_word' id='word_1_564' title='bbox 3801 3875 3949 3924; x_wconf 69' lang='grc' dir='ltr'>κατὰ</span> <span class='ocrx_word' id='word_1_565' title='bbox 3976 3874 4033 3922; x_wconf 77' lang='grc' dir='ltr'><strong>τὸ</strong></span> 
     </span>
    </p>
   </div>
   <div class='ocr_carea' id='block_1_78' title="bbox 2448 3963 4032 4037">
    <p class='ocr_par' dir='ltr' id='par_1_78' title="bbox 2448 3963 4032 4037">
     <span class='ocr_line' id='line_1_78' title="bbox 2448 3963 4032 4037; baseline -0.004 -17"><span class='ocrx_word' id='word_1_566' title='bbox 2448 3969 2691 4037; x_wconf 78' lang='grc' dir='ltr'>κρυπτὸν</span> <span class='ocrx_word' id='word_1_567' title='bbox 2713 3967 3075 4030; x_wconf 81' lang='grc' dir='ltr'>τελεσθεῖσαν,</span> <span class='ocrx_word' id='word_1_568' title='bbox 3103 3967 3335 4032; x_wconf 77' lang='grc' dir='ltr'>ἀγνοεῖν.</span> <span class='ocrx_word' id='word_1_569' title='bbox 3362 3963 3482 4033; x_wconf 80' lang='grc' dir='ltr'>Χρὴ</span> <span class='ocrx_word' id='word_1_570' title='bbox 3507 3964 3560 4016; x_wconf 87' lang='grc' dir='ltr'>δὲ</span> <span class='ocrx_word' id='word_1_571' title='bbox 3589 3967 3682 4017; x_wconf 71' lang='grc' dir='ltr'><strong>καὶ</strong></span> <span class='ocrx_word' id='word_1_572' title='bbox 3708 3964 3802 4033; x_wconf 76' lang='grc' dir='ltr'><strong>τὴν</strong></span> <span class='ocrx_word' id='word_1_573' title='bbox 3824 3967 4032 4015; x_wconf 66' lang='lat' dir='ltr'><strong>Ascra-</strong></span> 
     </span>
    </p>
   </div>
   <div class='ocr_carea' id='block_1_79' title="bbox 2450 4051 4030 4128">
    <p class='ocr_par' dir='ltr' id='par_1_79' title="bbox 2450 4051 4030 4128">
     <span class='ocr_line' id='line_1_79' title="bbox 2450 4051 4030 4128; baseline -0.003 -17"><span class='ocrx_word' id='word_1_574' title='bbox 2450 4059 2606 4127; x_wconf 84' lang='grc' dir='ltr'>τικὴν</span> <span class='ocrx_word' id='word_1_575' title='bbox 2640 4059 2824 4127; x_wconf 80' lang='grc' dir='ltr'>φωνὴν</span> <span class='ocrx_word' id='word_1_576' title='bbox 2851 4059 3074 4111; x_wconf 83' lang='grc' dir='ltr'>δεδιέναι</span> <span class='ocrx_word' id='word_1_577' title='bbox 3099 4057 3195 4128; x_wconf 79' lang='grc' dir='ltr'><strong>τὴν</strong></span> <span class='ocrx_word' id='word_1_578' title='bbox 3218 4057 3507 4125; x_wconf 76' lang='grc' dir='ltr'>λέγουσανο</span> <span class='ocrx_word' id='word_1_579' title='bbox 3545 4075 3565 4109; x_wconf 76' lang='grc' dir='ltr'><strong>ι</strong></span> <span class='ocrx_word' id='word_1_580' title='bbox 3601 4058 3691 4109; x_wconf 84' lang='grc' dir='ltr'>Ἐν</span> <span class='ocrx_word' id='word_1_581' title='bbox 3724 4051 3768 4124; x_wconf 82' lang='grc' dir='ltr'>ᾧ</span> <span class='ocrx_word' id='word_1_582' title='bbox 3794 4060 4030 4125; x_wconf 76' lang='grc' dir='ltr'>κρίματι</span> 
     </span>
    </p>
   </div>
   <div class='ocr_carea' id='block_1_80' title="bbox 2450 4150 3084 4221">
    <p class='ocr_par' dir='ltr' id='par_1_80' title="bbox 2450 4150 3084 4221">
     <span class='ocr_line' id='line_1_80' title="bbox 2450 4150 3084 4221; baseline -0.002 -19"><span class='ocrx_word' id='word_1_583' title='bbox 2450 4152 2683 4220; x_wconf 83' lang='grc' dir='ltr'>κρίνετε,</span> <span class='ocrx_word' id='word_1_584' title='bbox 2712 4150 3084 4221; x_wconf 74' lang='grc' dir='ltr'>κριθήσεσθε.ι</span> 
     </span>
    </p>
   </div>
   <div class='ocr_carea' id='block_1_81' title="bbox 2216 4302 2599 4360">
    <p class='ocr_par' dir='ltr' id='par_1_81' title="bbox 2216 4302 2599 4360">
     <span class='ocr_line' id='line_1_81' title="bbox 2216 4302 2599 4360; baseline 0.005 -4"><span class='ocrx_word' id='word_1_585' title='bbox 2216 4302 2443 4360; x_wconf 72' lang='lat' dir='ltr'><strong>CAPUT</strong></span> <span class='ocrx_word' id='word_1_586' title='bbox 2489 4303 2599 4358; x_wconf 71' lang='lat' dir='ltr'><strong>XII.</strong></span> 
     </span>
    </p>
   </div>
   <div class='ocr_carea' id='block_1_82' title="bbox 1692 4407 3116 4485">
    <p class='ocr_par' dir='ltr' id='par_1_82' title="bbox 1692 4407 3116 4485">
     <span class='ocr_line' id='line_1_82' title="bbox 1692 4407 3116 4485; baseline 0.004 -20"><span class='ocrx_word' id='word_1_587' title='bbox 1692 4407 1912 4466; x_wconf 79' lang='lat' dir='ltr'><strong>Pietatis</strong></span> <span class='ocrx_word' id='word_1_588' title='bbox 1936 4425 1982 4466; x_wconf 88' lang='lat' dir='ltr'><strong>et</strong></span> <span class='ocrx_word' id='word_1_589' title='bbox 2006 4415 2298 4466; x_wconf 80' lang='lat' dir='ltr'><strong>divinorum</strong></span> <span class='ocrx_word' id='word_1_590' title='bbox 2323 4419 2689 4485; x_wconf 76' lang='lat' dir='ltr'><strong>mysteriorum</strong></span> <span class='ocrx_word' id='word_1_591' title='bbox 2713 4420 3116 4470; x_wconf 85' lang='lat' dir='ltr'><strong>commendatio.</strong></span> 
     </span>
    </p>
   </div>
   <div class='ocr_carea' id='block_1_83' title="bbox 844 4522 2336 4606">
    <p class='ocr_par' dir='ltr' id='par_1_83' title="bbox 844 4522 2336 4594">
     <span class='ocr_line' id='line_1_83' title="bbox 844 4522 2336 4594; baseline 0.005 -18"><span class='ocrx_word' id='word_1_592' title='bbox 844 4522 1007 4578; x_wconf 68' lang='lat' dir='ltr'><strong>LXX.</strong></span> <span class='ocrx_word' id='word_1_593' title='bbox 1051 4525 1233 4594; x_wconf 78' lang='lat' dir='ltr'><strong>Neque</strong></span> <span class='ocrx_word' id='word_1_594' title='bbox 1276 4540 1404 4580; x_wconf 83' lang='lat' dir='ltr'><strong>vero</strong></span> <span class='ocrx_word' id='word_1_595' title='bbox 1454 4529 1715 4580; x_wconf 87' lang='lat' dir='ltr'><strong>suadebat</strong></span> <span class='ocrx_word' id='word_1_596' title='bbox 1767 4529 1942 4581; x_wconf 90' lang='lat' dir='ltr'><strong>solum</strong></span> <span class='ocrx_word' id='word_1_597' title='bbox 1999 4543 2190 4581; x_wconf 81' lang='lat' dir='ltr'><strong>cavere</strong></span> <span class='ocrx_word' id='word_1_598' title='bbox 2239 4531 2336 4584; x_wconf 91' lang='lat' dir='ltr'><strong>hoc</strong></span> 
     </span>
    </p>
   </div>
   <div class='ocr_carea' id='block_1_84' title="bbox 2444 4522 4031 4606">
    <p class='ocr_par' dir='ltr' id='par_1_84' title="bbox 2514 4528 4031 4606">
     <span class='ocr_line' id='line_1_84' title="bbox 2514 4528 4031 4606; baseline 0.005 -23"><span class='ocrx_word' id='word_1_599' title='bbox 2514 4528 2590 4583; x_wconf 89' lang='lat'><strong>0&#39;.</strong></span> <span class='ocrx_word' id='word_1_600' title='bbox 2618 4533 2691 4582; x_wconf 69' lang='grc' dir='ltr'><strong>Οὐ</strong></span> <span class='ocrx_word' id='word_1_601' title='bbox 2728 4532 2834 4601; x_wconf 78' lang='grc' dir='ltr'><strong>μην</strong></span> <span class='ocrx_word' id='word_1_602' title='bbox 2864 4533 2991 4601; x_wconf 80' lang='grc' dir='ltr'>ἄχρι</span> <span class='ocrx_word' id='word_1_603' title='bbox 3023 4531 3114 4584; x_wconf 82' lang='grc' dir='ltr'>τοῦ</span> <span class='ocrx_word' id='word_1_604' title='bbox 3148 4531 3527 4602; x_wconf 72' lang='grc' dir='ltr'>ἐλαττώματος</span> <span class='ocrx_word' id='word_1_605' title='bbox 3571 4537 4031 4606; x_wconf 72' lang='grc' dir='ltr'>πεφυλαγμένους</span> 
     </span>
    </p>
   </div>
   <div class='ocr_carea' id='block_1_85' title="bbox 775 4616 2336 4690">
    <p class='ocr_par' dir='ltr' id='par_1_85' title="bbox 775 4616 2336 4690">
     <span class='ocr_line' id='line_1_85' title="bbox 775 4616 2336 4690; baseline 0.005 -25"><span class='ocrx_word' id='word_1_606' title='bbox 775 4616 1064 4681; x_wconf 58' lang='lat' dir='ltr'><strong>delictum;</strong></span> <span class='ocrx_word' id='word_1_607' title='bbox 1116 4619 1208 4671; x_wconf 90' lang='lat' dir='ltr'><strong>sed</strong></span> <span class='ocrx_word' id='word_1_608' title='bbox 1258 4632 1443 4672; x_wconf 90' lang='lat' dir='ltr'><strong>eorum</strong></span> <span class='ocrx_word' id='word_1_609' title='bbox 1490 4619 1652 4672; x_wconf 86' lang='lat' dir='ltr'><strong>etiam</strong></span> <span class='ocrx_word' id='word_1_610' title='bbox 1703 4620 1792 4687; x_wconf 92' lang='lat' dir='ltr'><strong>qui</strong></span> <span class='ocrx_word' id='word_1_611' title='bbox 1852 4620 2033 4673; x_wconf 89' lang='lat' dir='ltr'><strong>divina</strong></span> <span class='ocrx_word' id='word_1_612' title='bbox 2075 4632 2336 4690; x_wconf 75' lang='lat' dir='ltr'><strong>przercpta</strong></span> 
     </span>
    </p>
   </div>
   <div class='ocr_carea' id='block_1_86' title="bbox 776 4707 2339 4781">
    <p class='ocr_par' dir='ltr' id='par_1_86' title="bbox 776 4707 2339 4781">
     <span class='ocr_line' id='line_1_86' title="bbox 776 4707 2339 4781; baseline 0.007 -25"><span class='ocrx_word' id='word_1_613' title='bbox 776 4707 1078 4776; x_wconf 79' lang='lat' dir='ltr'><strong>neglignut,</strong></span> <span class='ocrx_word' id='word_1_614' title='bbox 1125 4709 1312 4763; x_wconf 86' lang='lat' dir='ltr'><strong>volens</strong></span> <span class='ocrx_word' id='word_1_615' title='bbox 1355 4710 1625 4775; x_wconf 66' lang='lat' dir='ltr'><strong>corrigere</strong></span> <span class='ocrx_word' id='word_1_616' title='bbox 1675 4713 2007 4776; x_wconf 87' lang='lat' dir='ltr'><strong>socordiam,</strong></span> <span class='ocrx_word' id='word_1_617' title='bbox 2059 4713 2165 4766; x_wconf 88' lang='lat' dir='ltr'><strong>tale</strong></span> <span class='ocrx_word' id='word_1_618' title='bbox 2212 4714 2339 4781; x_wconf 89' lang='lat' dir='ltr'><strong>quid</strong></span> 
     </span>
    </p>
   </div>
   <div class='ocr_carea' id='block_1_87' title="bbox 778 4797 2336 4866">
    <p class='ocr_par' dir='ltr' id='par_1_87' title="bbox 778 4797 2336 4866">
     <span class='ocr_line' id='line_1_87' title="bbox 778 4797 2336 4866; baseline 0.006 -20"><span class='ocrx_word' id='word_1_619' title='bbox 778 4797 925 4860; x_wconf 86' lang='lat' dir='ltr'><strong>fecit,</strong></span> <span class='ocrx_word' id='word_1_620' title='bbox 953 4799 1168 4865; x_wconf 90' lang='lat' dir='ltr'><strong>dignum</strong></span> <span class='ocrx_word' id='word_1_621' title='bbox 1204 4802 1344 4866; x_wconf 88' lang='lat' dir='ltr'><strong>quod</strong></span> <span class='ocrx_word' id='word_1_622' title='bbox 1383 4809 1668 4853; x_wconf 83' lang='lat' dir='ltr'><strong>mandetur</strong></span> <span class='ocrx_word' id='word_1_623' title='bbox 1699 4802 1989 4853; x_wconf 63' lang='lat' dir='ltr'><strong>tuetuorim.</strong></span> <span class='ocrx_word' id='word_1_624' title='bbox 2033 4801 2164 4854; x_wconf 89' lang='lat' dir='ltr'><strong>Cum</strong></span> <span class='ocrx_word' id='word_1_625' title='bbox 2195 4803 2336 4856; x_wconf 86' lang='lat' dir='ltr'><strong>enim</strong></span> 
     </span>
    </p>
   </div>
   <div class='ocr_carea' id='block_1_88' title="bbox 776 4887 2336 4962">
    <p class='ocr_par' dir='ltr' id='par_1_88' title="bbox 776 4887 2336 4962">
     <span class='ocr_line' id='line_1_88' title="bbox 776 4887 2336 4962; baseline 0.006 -24"><span class='ocrx_word' id='word_1_626' title='bbox 776 4887 1114 4953; x_wconf 73' lang='lat' dir='ltr'><strong>cognovisset</strong></span> <span class='ocrx_word' id='word_1_627' title='bbox 1165 4890 1358 4942; x_wconf 84' lang='lat' dir='ltr'><strong>nmltos</strong></span> <span class='ocrx_word' id='word_1_628' title='bbox 1401 4891 1817 4960; x_wconf 85' lang='lat' dir='ltr'><strong>negligentiores</strong></span> <span class='ocrx_word' id='word_1_629' title='bbox 1887 4903 2007 4962; x_wconf 86' lang='lat' dir='ltr'><strong>post</strong></span> <span class='ocrx_word' id='word_1_630' title='bbox 2051 4892 2336 4948; x_wconf 84' lang='lat' dir='ltr'><strong>lectionem</strong></span> 
     </span>
    </p>
   </div>
   <div class='ocr_carea' id='block_1_89' title="bbox 778 4973 2344 5045">
    <p class='ocr_par' dir='ltr' id='par_1_89' title="bbox 778 4973 2344 5045">
     <span class='ocr_line' id='line_1_89' title="bbox 778 4973 2344 5045; baseline 0.008 -21"><span class='ocrx_word' id='word_1_631' title='bbox 778 4973 1080 5026; x_wconf 84' lang='lat' dir='ltr'><strong>divinorum</strong></span> <span class='ocrx_word' id='word_1_632' title='bbox 1111 4975 1521 5043; x_wconf 73' lang='lat' dir='ltr'><strong>Evangelioratu</strong></span> <span class='ocrx_word' id='word_1_633' title='bbox 1559 4980 1706 5031; x_wconf 82' lang='lat' dir='ltr'><strong>exire</strong></span> <span class='ocrx_word' id='word_1_634' title='bbox 1734 4991 1798 5032; x_wconf 76' lang='lat' dir='ltr'><strong>ex</strong></span> <span class='ocrx_word' id='word_1_635' title='bbox 1824 4983 2072 5045; x_wconf 85' lang='lat' dir='ltr'><strong>ecclesia,</strong></span> <span class='ocrx_word' id='word_1_636' title='bbox 2107 4992 2160 5034; x_wconf 89' lang='lat' dir='ltr'><strong>et</strong></span> <span class='ocrx_word' id='word_1_637' title='bbox 2193 4983 2344 5037; x_wconf 83' lang='lat' dir='ltr'><strong>vanis</strong></span> 
     </span>
    </p>
   </div>
   <div class='ocr_carea' id='block_1_90' title="bbox 777 5065 2340 5140">
    <p class='ocr_par' dir='ltr' id='par_1_90' title="bbox 777 5065 2340 5140">
     <span class='ocr_line' id='line_1_90' title="bbox 777 5065 2340 5140; baseline 0.006 -23"><span class='ocrx_word' id='word_1_638' title='bbox 777 5078 842 5117; x_wconf 79' lang='lat' dir='ltr'><strong>ac</strong></span> <span class='ocrx_word' id='word_1_639' title='bbox 872 5065 1058 5119; x_wconf 90' lang='lat' dir='ltr'><strong>otiosis</strong></span> <span class='ocrx_word' id='word_1_640' title='bbox 1090 5083 1281 5120; x_wconf 78' lang='lat' dir='ltr'><strong>vacare</strong></span> <span class='ocrx_word' id='word_1_641' title='bbox 1312 5071 1675 5132; x_wconf 90' lang='lat' dir='ltr'><strong>sermonibus,</strong></span> <span class='ocrx_word' id='word_1_642' title='bbox 1703 5071 1927 5124; x_wconf 88' lang='lat' dir='ltr'><strong>solemni</strong></span> <span class='ocrx_word' id='word_1_643' title='bbox 1966 5075 2197 5140; x_wconf 84' lang='lat' dir='ltr'><strong>quodam</strong></span> <span class='ocrx_word' id='word_1_644' title='bbox 2237 5075 2340 5138; x_wconf 85' lang='lat' dir='ltr'><strong>die,</strong></span> 
     </span>
    </p>
   </div>
   <div class='ocr_carea' id='block_1_91' title="bbox 782 5157 2343 5232">
    <p class='ocr_par' dir='ltr' id='par_1_91' title="bbox 782 5157 2343 5232">
     <span class='ocr_line' id='line_1_91' title="bbox 782 5157 2343 5232; baseline 0.01 -27"><span class='ocrx_word' id='word_1_645' title='bbox 782 5157 970 5208; x_wconf 72' lang='lat' dir='ltr'><strong>relicto</strong></span> <span class='ocrx_word' id='word_1_646' title='bbox 989 5160 1279 5222; x_wconf 81' lang='lat' dir='ltr'><strong>sacrificio,</strong></span> <span class='ocrx_word' id='word_1_647' title='bbox 1298 5163 1408 5228; x_wconf 88' lang='lat' dir='ltr'><strong>ipse</strong></span> <span class='ocrx_word' id='word_1_648' title='bbox 1436 5177 1651 5230; x_wconf 89' lang='lat' dir='ltr'><strong>quoque</strong></span> <span class='ocrx_word' id='word_1_649' title='bbox 1684 5180 1715 5218; x_wconf 86' lang='lat' dir='ltr'><strong>e</strong></span> <span class='ocrx_word' id='word_1_650' title='bbox 1744 5164 1940 5232; x_wconf 87' lang='lat' dir='ltr'><strong>templo</strong></span> <span class='ocrx_word' id='word_1_651' title='bbox 1967 5167 2260 5231; x_wconf 85' lang='lat' dir='ltr'><strong>egreditur,</strong></span> <span class='ocrx_word' id='word_1_652' title='bbox 2290 5178 2343 5220; x_wconf 85' lang='lat' dir='ltr'><strong>et</strong></span> 
     </span>
    </p>
   </div>
   <div class='ocr_carea' id='block_1_92' title="bbox 785 5248 2347 5311">
    <p class='ocr_par' dir='ltr' id='par_1_92' title="bbox 785 5248 2347 5311">
     <span class='ocr_line' id='line_1_92' title="bbox 785 5248 2347 5311; baseline 0.009 -16"><span class='ocrx_word' id='word_1_653' title='bbox 785 5248 936 5300; x_wconf 49' lang='lat' dir='ltr'><strong>sedet</strong></span> <span class='ocrx_word' id='word_1_654' title='bbox 985 5264 1103 5300; x_wconf 90' lang='lat' dir='ltr'><strong>cum</strong></span> <span class='ocrx_word' id='word_1_655' title='bbox 1151 5249 1402 5303; x_wconf 85' lang='lat' dir='ltr'><strong>universa</strong></span> <span class='ocrx_word' id='word_1_656' title='bbox 1455 5253 1813 5310; x_wconf 86' lang='lat' dir='ltr'><strong>multitudine.</strong></span> <span class='ocrx_word' id='word_1_657' title='bbox 1860 5254 2123 5309; x_wconf 82' lang='lat' dir='ltr'><strong>Omnibus</strong></span> <span class='ocrx_word' id='word_1_658' title='bbox 2169 5268 2347 5311; x_wconf 88' lang='lat' dir='ltr'><strong>autem</strong></span> 
     </span>
    </p>
   </div>
   <div class='ocr_carea' id='block_1_93' title="bbox 786 5337 2347 5414">
    <p class='ocr_par' dir='ltr' id='par_1_93' title="bbox 786 5337 2347 5414">
     <span class='ocr_line' id='line_1_93' title="bbox 786 5337 2347 5414; baseline 0.012 -29"><span class='ocrx_word' id='word_1_659' title='bbox 786 5337 890 5389; x_wconf 83' lang='lat' dir='ltr'><strong>huc</strong></span> <span class='ocrx_word' id='word_1_660' title='bbox 925 5342 1282 5406; x_wconf 83' lang='lat' dir='ltr'><strong>stupentibus,</strong></span> <span class='ocrx_word' id='word_1_661' title='bbox 1318 5341 1430 5395; x_wconf 79' lang='lat' dir='ltr'><strong>Non</strong></span> <span class='ocrx_word' id='word_1_662' title='bbox 1462 5355 1692 5411; x_wconf 88' lang='lat' dir='ltr'><strong>oportet,</strong></span> <span class='ocrx_word' id='word_1_663' title='bbox 1726 5346 1918 5414; x_wconf 91' lang='lat' dir='ltr'><strong>inquit,</strong></span> <span class='ocrx_word' id='word_1_664' title='bbox 1945 5349 2220 5403; x_wconf 90' lang='lat' dir='ltr'><strong>admirari.</strong></span> <span class='ocrx_word' id='word_1_665' title='bbox 2248 5349 2347 5403; x_wconf 86' lang='lat' dir='ltr'><strong>Ubi</strong></span> 
     </span>
    </p>
   </div>
   <div class='ocr_carea' id='block_1_94' title="bbox 783 5429 2350 5508">
    <p class='ocr_par' dir='ltr' id='par_1_94' title="bbox 783 5429 2350 5508">
     <span class='ocr_line' id='line_1_94' title="bbox 783 5429 2350 5508; baseline 0.012 -30"><span class='ocrx_word' id='word_1_666' title='bbox 783 5429 928 5480; x_wconf 71' lang='lat' dir='ltr'><strong>eiiim</strong></span> <span class='ocrx_word' id='word_1_667' title='bbox 976 5443 1100 5482; x_wconf 82' lang='lat' dir='ltr'><strong>sunt</strong></span> <span class='ocrx_word' id='word_1_668' title='bbox 1141 5447 1298 5496; x_wconf 81' lang='lat' dir='ltr'><strong>oves,</strong></span> <span class='ocrx_word' id='word_1_669' title='bbox 1341 5433 1448 5488; x_wconf 92' lang='lat' dir='ltr'><strong>illic</strong></span> <span class='ocrx_word' id='word_1_670' title='bbox 1499 5437 1718 5490; x_wconf 89' lang='lat' dir='ltr'><strong>oumino</strong></span> <span class='ocrx_word' id='word_1_671' title='bbox 1762 5447 1978 5505; x_wconf 87' lang='lat' dir='ltr'><strong>oportet</strong></span> <span class='ocrx_word' id='word_1_672' title='bbox 2008 5456 2126 5494; x_wconf 88' lang='lat' dir='ltr'><strong>esse</strong></span> <span class='ocrx_word' id='word_1_673' title='bbox 2171 5451 2350 5508; x_wconf 88' lang='lat' dir='ltr'><strong>pasto-</strong></span> 
     </span>
    </p>
   </div>
   <div class='ocr_carea' id='block_1_95' title="bbox 789 5519 2348 5593">
    <p class='ocr_par' dir='ltr' id='par_1_95' title="bbox 789 5519 2348 5593">
     <span class='ocr_line' id='line_1_95' title="bbox 789 5519 2348 5593; baseline 0.012 -25"><span class='ocrx_word' id='word_1_674' title='bbox 789 5533 924 5570; x_wconf 80' lang='lat' dir='ltr'><strong>rem.</strong></span> <span class='ocrx_word' id='word_1_675' title='bbox 966 5519 1096 5571; x_wconf 76' lang='lat' dir='ltr'><strong>Nam</strong></span> <span class='ocrx_word' id='word_1_676' title='bbox 1139 5537 1258 5574; x_wconf 87' lang='lat' dir='ltr'><strong>cum</strong></span> <span class='ocrx_word' id='word_1_677' title='bbox 1300 5535 1517 5593; x_wconf 89' lang='lat' dir='ltr'><strong>propter</strong></span> <span class='ocrx_word' id='word_1_678' title='bbox 1548 5541 1644 5580; x_wconf 90' lang='lat' dir='ltr'><strong>vos</strong></span> <span class='ocrx_word' id='word_1_679' title='bbox 1690 5538 1742 5580; x_wconf 88' lang='lat' dir='ltr'><strong>et</strong></span> <span class='ocrx_word' id='word_1_680' title='bbox 1783 5540 2017 5582; x_wconf 89' lang='lat' dir='ltr'><strong>vestram</strong></span> <span class='ocrx_word' id='word_1_681' title='bbox 2065 5532 2348 5585; x_wconf 80' lang='lat' dir='ltr'><strong>utilitatem</strong></span> 
     </span>
    </p>
   </div>
   <div class='ocr_carea' id='block_1_96' title="bbox 789 5610 2353 5681">
    <p class='ocr_par' dir='ltr' id='par_1_96' title="bbox 789 5610 2353 5681">
     <span class='ocr_line' id='line_1_96' title="bbox 789 5610 2353 5681; baseline 0.01 -19"><span class='ocrx_word' id='word_1_682' title='bbox 789 5610 1058 5665; x_wconf 79' lang='lat' dir='ltr'><strong>soleamus</strong></span> <span class='ocrx_word' id='word_1_683' title='bbox 1085 5629 1315 5681; x_wconf 81' lang='lat' dir='ltr'><strong>synaxes</strong></span> <span class='ocrx_word' id='word_1_684' title='bbox 1347 5616 1642 5681; x_wconf 87' lang='lat' dir='ltr'><strong>celebrare,</strong></span> <span class='ocrx_word' id='word_1_685' title='bbox 1678 5619 1720 5672; x_wconf 85' lang='lat' dir='ltr'><strong>si</strong></span> <span class='ocrx_word' id='word_1_686' title='bbox 1755 5635 1848 5674; x_wconf 87' lang='lat' dir='ltr'><strong>vos</strong></span> <span class='ocrx_word' id='word_1_687' title='bbox 1872 5632 2048 5678; x_wconf 89' lang='lat' dir='ltr'><strong>autem</strong></span> <span class='ocrx_word' id='word_1_688' title='bbox 2084 5624 2212 5678; x_wconf 87' lang='lat' dir='ltr'><strong>foris</strong></span> <span class='ocrx_word' id='word_1_689' title='bbox 2235 5641 2353 5678; x_wconf 83' lang='lat' dir='ltr'><strong>vcr-</strong></span> 
     </span>
    </p>
   </div>
   <div class='ocr_carea' id='block_1_97' title="bbox 789 5703 2357 5785">
    <p class='ocr_par' dir='ltr' id='par_1_97' title="bbox 789 5703 2357 5785">
     <span class='ocr_line' id='line_1_97' title="bbox 789 5703 2357 5785; baseline 0.018 -32"><span class='ocrx_word' id='word_1_690' title='bbox 789 5703 1020 5764; x_wconf 72' lang='lat' dir='ltr'><strong>semini,</strong></span> <span class='ocrx_word' id='word_1_691' title='bbox 1069 5709 1332 5775; x_wconf 77' lang='lat' dir='ltr'><strong>contingit</strong></span> <span class='ocrx_word' id='word_1_692' title='bbox 1373 5710 1613 5765; x_wconf 86' lang='lat' dir='ltr'><strong>inutilem</strong></span> <span class='ocrx_word' id='word_1_693' title='bbox 1660 5728 1687 5767; x_wconf 87' lang='lat' dir='ltr'><strong>a</strong></span> <span class='ocrx_word' id='word_1_694' title='bbox 1738 5717 1891 5770; x_wconf 85' lang='lat' dir='ltr'><strong>nobis</strong></span> <span class='ocrx_word' id='word_1_695' title='bbox 1933 5719 2048 5785; x_wconf 84' lang='lat' dir='ltr'><strong>capi</strong></span> <span class='ocrx_word' id='word_1_696' title='bbox 2099 5718 2357 5781; x_wconf 66' lang='lat' dir='ltr'><strong>laborem.</strong></span> 
     </span>
    </p>
   </div>
   <div class='ocr_carea' id='block_1_98' title="bbox 867 5861 1298 5921">
    <p class='ocr_par' dir='ltr' id='par_1_98' title="bbox 867 5861 1298 5921">
     <span class='ocr_line' id='line_1_98' title="bbox 867 5861 1298 5921; baseline 0.019 -8"><span class='ocrx_word' id='word_1_697' title='bbox 867 5862 882 5890; x_wconf 70' lang='grc' dir='ltr'><strong>τ’</strong></span> <span class='ocrx_word' id='word_1_698' title='bbox 911 5861 1076 5916; x_wconf 62' lang='lat' dir='ltr'><strong>.‘tiatth</strong></span> <span class='ocrx_word' id='word_1_699' title='bbox 1128 5881 1217 5921; x_wconf 60' lang='lat' dir='ltr'><strong>uti.</strong></span> <span class='ocrx_word' id='word_1_700' title='bbox 1253 5873 1298 5921; x_wconf 74' lang='lat'><strong>‘2.</strong></span> 
     </span>
    </p>
   </div>
   <div class='ocr_carea' id='block_1_99' title="bbox 2447 4615 4032 4697">
    <p class='ocr_par' dir='ltr' id='par_1_99' title="bbox 2447 4615 4032 4697">
     <span class='ocr_line' id='line_1_99' title="bbox 2447 4615 4032 4697; baseline 0.004 -25"><span class='ocrx_word' id='word_1_701' title='bbox 2447 4615 2586 4673; x_wconf 74' lang='grc' dir='ltr'>εἶναι</span> <span class='ocrx_word' id='word_1_702' title='bbox 2618 4623 2850 4691; x_wconf 76' lang='grc' dir='ltr'>παρῄνει</span> <span class='ocrx_word' id='word_1_703' title='bbox 2872 4640 2883 4652; x_wconf 70' lang='grc' dir='ltr'><strong>ο</strong></span> <span class='ocrx_word' id='word_1_704' title='bbox 2919 4623 3052 4676; x_wconf 73' lang='grc' dir='ltr'>ἀλλὰ</span> <span class='ocrx_word' id='word_1_705' title='bbox 3081 4624 3173 4676; x_wconf 81' lang='grc' dir='ltr'><strong>καὶ</strong></span> <span class='ocrx_word' id='word_1_706' title='bbox 3204 4624 3310 4676; x_wconf 78' lang='grc' dir='ltr'>τῶν</span> <span class='ocrx_word' id='word_1_707' title='bbox 3344 4625 3466 4677; x_wconf 75' lang='grc' dir='ltr'>ιτῶν</span> <span class='ocrx_word' id='word_1_708' title='bbox 3490 4627 3650 4679; x_wconf 84' lang='grc' dir='ltr'>θείων</span> <span class='ocrx_word' id='word_1_709' title='bbox 3676 4632 4032 4697; x_wconf 73' lang='grc' dir='ltr'>προστάξεωι</span> 
     </span>
    </p>
   </div>
   <div class='ocr_carea' id='block_1_100' title="bbox 2451 4712 4027 4791">
    <p class='ocr_par' dir='ltr' id='par_1_100' title="bbox 2451 4712 4027 4791">
     <span class='ocr_line' id='line_1_100' title="bbox 2451 4712 4027 4791; baseline 0.008 -28"><span class='ocrx_word' id='word_1_710' title='bbox 2451 4712 2959 4782; x_wconf 82' lang='grc' dir='ltr'>κατολιγωρούντων</span> <span class='ocrx_word' id='word_1_711' title='bbox 3002 4715 3063 4767; x_wconf 83' lang='grc' dir='ltr'>τὸ</span> <span class='ocrx_word' id='word_1_712' title='bbox 3100 4716 3341 4786; x_wconf 74' lang='grc' dir='ltr'>ῥᾴθυμον</span> <span class='ocrx_word' id='word_1_713' title='bbox 3378 4719 3697 4786; x_wconf 84' lang='grc' dir='ltr'>βουλόμενος</span> <span class='ocrx_word' id='word_1_714' title='bbox 3731 4723 4027 4791; x_wconf 66' lang='grc' dir='ltr'>διορθώσα-</span> 
     </span>
    </p>
   </div>
   <div class='ocr_carea' id='block_1_101' title="bbox 2451 4804 4031 4881">
    <p class='ocr_par' dir='ltr' id='par_1_101' title="bbox 2451 4804 4031 4881">
     <span class='ocr_line' id='line_1_101' title="bbox 2451 4804 4031 4881; baseline 0.006 -27"><span class='ocrx_word' id='word_1_715' title='bbox 2451 4804 2599 4867; x_wconf 81' lang='grc' dir='ltr'>σθαι,</span> <span class='ocrx_word' id='word_1_716' title='bbox 2627 4805 2863 4856; x_wconf 68' lang='grc' dir='ltr'>τοιοῦτον</span> <span class='ocrx_word' id='word_1_717' title='bbox 2886 4823 2935 4856; x_wconf 93' lang='grc' dir='ltr'><strong>τι</strong></span> <span class='ocrx_word' id='word_1_718' title='bbox 2952 4807 3274 4876; x_wconf 78' lang='grc' dir='ltr'>ἐπετήδευσε</span> <span class='ocrx_word' id='word_1_719' title='bbox 3299 4812 3518 4878; x_wconf 79' lang='grc' dir='ltr'>μνήμης</span> <span class='ocrx_word' id='word_1_720' title='bbox 3535 4810 3706 4873; x_wconf 75' lang='grc' dir='ltr'>ἄξιον.</span> <span class='ocrx_word' id='word_1_721' title='bbox 3742 4812 3906 4866; x_wconf 72' lang='grc' dir='ltr'>Ἐπεὶ</span> <span class='ocrx_word' id='word_1_722' title='bbox 3930 4819 4031 4881; x_wconf 63' lang='grc' dir='ltr'>γὰρ</span> 
     </span>
    </p>
   </div>
   <div class='ocr_carea' id='block_1_102' title="bbox 2449 4896 4032 4971">
    <p class='ocr_par' dir='ltr' id='par_1_102' title="bbox 2449 4896 4032 4971">
     <span class='ocr_line' id='line_1_102' title="bbox 2449 4896 4032 4971; baseline 0.004 -24"><span class='ocrx_word' id='word_1_723' title='bbox 2449 4896 2589 4962; x_wconf 73' lang='grc' dir='ltr'>ἔγνω</span> <span class='ocrx_word' id='word_1_724' title='bbox 2614 4897 2839 4958; x_wconf 81' lang='grc' dir='ltr'>πολλοὺς</span> <span class='ocrx_word' id='word_1_725' title='bbox 2863 4897 2968 4949; x_wconf 85' lang='grc' dir='ltr'>τῶν</span> <span class='ocrx_word' id='word_1_726' title='bbox 3004 4898 3384 4968; x_wconf 84' lang='grc' dir='ltr'>ἀμελεστέρων</span> <span class='ocrx_word' id='word_1_727' title='bbox 3429 4902 3565 4969; x_wconf 71' lang='grc' dir='ltr'>μετὰ</span> <span class='ocrx_word' id='word_1_728' title='bbox 3597 4901 3696 4971; x_wconf 87' lang='grc' dir='ltr'><strong>τὴν</strong></span> <span class='ocrx_word' id='word_1_729' title='bbox 3719 4904 4032 4970; x_wconf 72' lang='grc' dir='ltr'>ἁνάγνωςεν</span> 
     </span>
    </p>
   </div>
   <div class='ocr_carea' id='block_1_103' title="bbox 2450 4989 4033 5063">
    <p class='ocr_par' dir='ltr' id='par_1_103' title="bbox 2450 4989 4033 5063">
     <span class='ocr_line' id='line_1_103' title="bbox 2450 4989 4033 5063; baseline 0.004 -24"><span class='ocrx_word' id='word_1_730' title='bbox 2450 4989 2557 5040; x_wconf 83' lang='grc' dir='ltr'>τῶν</span> <span class='ocrx_word' id='word_1_731' title='bbox 2587 4991 2744 5041; x_wconf 81' lang='grc' dir='ltr'>θείων</span> <span class='ocrx_word' id='word_1_732' title='bbox 2780 4989 3124 5056; x_wconf 82' lang='grc' dir='ltr'>Εὐαγγελίων</span> <span class='ocrx_word' id='word_1_733' title='bbox 3151 4991 3398 5056; x_wconf 73' lang='grc' dir='ltr'>ἐξιόντας</span> <span class='ocrx_word' id='word_1_734' title='bbox 3433 4992 3531 5059; x_wconf 80' lang='grc' dir='ltr'>τῆς</span> <span class='ocrx_word' id='word_1_735' title='bbox 3588 4992 3904 5063; x_wconf 73' lang='grc' dir='ltr'>ἐκκλησίας</span> <span class='ocrx_word' id='word_1_736' title='bbox 3941 4997 4033 5047; x_wconf 77' lang='grc' dir='ltr'>καὶ</span> 
     </span>
    </p>
   </div>
   <div class='ocr_carea' id='block_1_104' title="bbox 2449 5079 4032 5156">
    <p class='ocr_par' dir='ltr' id='par_1_104' title="bbox 2449 5079 4032 5156">
     <span class='ocr_line' id='line_1_104' title="bbox 2449 5079 4032 5156; baseline 0.002 -24"><span class='ocrx_word' id='word_1_737' title='bbox 2449 5079 2794 5148; x_wconf 72' lang='grc' dir='ltr'>ἀργολογίαις</span> <span class='ocrx_word' id='word_1_738' title='bbox 2857 5081 3234 5150; x_wconf 77' lang='grc' dir='ltr'>σχολάζοντας,</span> <span class='ocrx_word' id='word_1_739' title='bbox 3297 5083 3354 5134; x_wconf 85' lang='grc' dir='ltr'><strong>ἐν</strong></span> <span class='ocrx_word' id='word_1_740' title='bbox 3410 5085 3508 5152; x_wconf 74' lang='grc' dir='ltr'><strong>μιᾷ⁵</strong></span> <span class='ocrx_word' id='word_1_741' title='bbox 3567 5082 3672 5134; x_wconf 82' lang='grc' dir='ltr'>τῶν</span> <span class='ocrx_word' id='word_1_742' title='bbox 3742 5089 4032 5156; x_wconf 69' lang='grc' dir='ltr'>ἐπισήμων</span> 
     </span>
    </p>
   </div>
   <div class='ocr_carea' id='block_1_105' title="bbox 2452 5171 4032 5241">
    <p class='ocr_par' dir='ltr' id='par_1_105' title="bbox 2452 5171 4032 5241">
     <span class='ocr_line' id='line_1_105' title="bbox 2452 5171 4032 5241; baseline 0.006 -21"><span class='ocrx_word' id='word_1_743' title='bbox 2452 5173 2634 5240; x_wconf 66' lang='grc' dir='ltr'>ἡμέρα</span> <span class='ocrx_word' id='word_1_744' title='bbox 2665 5173 2762 5239; x_wconf 81' lang='grc' dir='ltr'><strong>τὴν</strong></span> <span class='ocrx_word' id='word_1_745' title='bbox 2786 5171 2931 5222; x_wconf 84' lang='grc' dir='ltr'>θείαν</span> <span class='ocrx_word' id='word_1_746' title='bbox 2969 5174 3278 5241; x_wconf 73' lang='grc' dir='ltr'>ἱερουργίαν</span> <span class='ocrx_word' id='word_1_747' title='bbox 3325 5174 3484 5239; x_wconf 70' lang='grc' dir='ltr'>ὰςρεὶς</span> <span class='ocrx_word' id='word_1_748' title='bbox 3538 5173 3705 5238; x_wconf 67' lang='grc' dir='ltr'>ἔξεισι</span> <span class='ocrx_word' id='word_1_749' title='bbox 3739 5180 3841 5229; x_wconf 63' lang='grc' dir='ltr'><strong>καὶ</strong></span> <span class='ocrx_word' id='word_1_750' title='bbox 3878 5181 4032 5238; x_wconf 49' lang='lat' dir='ltr'><strong>uiti;</strong></span> 
     </span>
    </p>
   </div>
   <div class='ocr_carea' id='block_1_106' title="bbox 2449 5263 4032 5334">
    <p class='ocr_par' dir='ltr' id='par_1_106' title="bbox 2449 5263 4032 5334">
     <span class='ocr_line' id='line_1_106' title="bbox 2449 5263 4032 5334; baseline 0.003 -21"><span class='ocrx_word' id='word_1_751' title='bbox 2449 5264 2541 5314; x_wconf 73' lang='grc' dir='ltr'>τοῦ</span> <span class='ocrx_word' id='word_1_752' title='bbox 2575 5263 2724 5325; x_wconf 85' lang='grc' dir='ltr'>ναοῦ,</span> <span class='ocrx_word' id='word_1_753' title='bbox 2759 5266 2851 5316; x_wconf 77' lang='grc' dir='ltr'><strong>καὶ</strong></span> <span class='ocrx_word' id='word_1_754' title='bbox 2888 5265 2984 5316; x_wconf 72' lang='grc' dir='ltr'><strong>σὺν</strong></span> <span class='ocrx_word' id='word_1_755' title='bbox 3021 5265 3094 5333; x_wconf 84' lang='grc' dir='ltr'>τῷ</span> <span class='ocrx_word' id='word_1_756' title='bbox 3119 5265 3258 5334; x_wconf 74' lang='grc' dir='ltr'>ὄχλῳ</span> <span class='ocrx_word' id='word_1_757' title='bbox 3308 5268 3470 5317; x_wconf 72' lang='grc' dir='ltr'>παντὶ</span> <span class='ocrx_word' id='word_1_758' title='bbox 3503 5267 3765 5334; x_wconf 85' lang='grc' dir='ltr'>κάθηται.</span> <span class='ocrx_word' id='word_1_759' title='bbox 3810 5273 4032 5324; x_wconf 61' lang='grc' dir='ltr'>Πάντων</span> 
     </span>
    </p>
   </div>
   <div class='ocr_carea' id='block_1_107' title="bbox 2449 5349 4026 5427">
    <p class='ocr_par' dir='ltr' id='par_1_107' title="bbox 2449 5349 4026 5427">
     <span class='ocr_line' id='line_1_107' title="bbox 2449 5349 4026 5427; baseline 0.003 -22"><span class='ocrx_word' id='word_1_760' title='bbox 2449 5349 2538 5406; x_wconf 71' lang='grc' dir='ltr'><strong>οὖν</strong></span> <span class='ocrx_word' id='word_1_761' title='bbox 2556 5353 2620 5405; x_wconf 79' lang='grc' dir='ltr'>δι’</span> <span class='ocrx_word' id='word_1_762' title='bbox 2650 5355 2961 5422; x_wconf 73' lang='grc' dir='ltr'>ἐκπλήξεως</span> <span class='ocrx_word' id='word_1_763' title='bbox 2981 5356 3128 5406; x_wconf 72' lang='grc' dir='ltr'>τουτὶ</span> <span class='ocrx_word' id='word_1_764' title='bbox 3154 5357 3512 5422; x_wconf 75' lang='grc' dir='ltr'>ποιουμένων,</span> <span class='ocrx_word' id='word_1_765' title='bbox 3535 5357 3770 5419; x_wconf 78' lang='grc' dir='ltr'>ἐκεῖνος,</span> <span class='ocrx_word' id='word_1_766' title='bbox 3801 5362 3877 5410; x_wconf 68' lang='lat'><strong>03</strong></span> <span class='ocrx_word' id='word_1_767' title='bbox 3909 5363 4026 5427; x_wconf 57' lang='grc' dir='ltr'>χρῆ,</span> 
     </span>
    </p>
   </div>
   <div class='ocr_carea' id='block_1_108' title="bbox 2453 5445 4031 5516">
    <p class='ocr_par' dir='ltr' id='par_1_108' title="bbox 2453 5445 4031 5516">
     <span class='ocr_line' id='line_1_108' title="bbox 2453 5445 4031 5516; baseline 0.001 -19"><span class='ocrx_word' id='word_1_768' title='bbox 2453 5447 2576 5514; x_wconf 72' lang='grc' dir='ltr'>ἔφη,</span> <span class='ocrx_word' id='word_1_769' title='bbox 2610 5448 2928 5514; x_wconf 76' lang='grc' dir='ltr'>θαυμάζειν.</span> <span class='ocrx_word' id='word_1_770' title='bbox 2990 5448 3161 5499; x_wconf 81' lang='grc' dir='ltr'>Ὅπου</span> <span class='ocrx_word' id='word_1_771' title='bbox 3196 5447 3302 5516; x_wconf 78' lang='grc' dir='ltr'>γὰρ</span> <span class='ocrx_word' id='word_1_772' title='bbox 3345 5445 3410 5499; x_wconf 67' lang='grc' dir='ltr'><strong>τά</strong></span> <span class='ocrx_word' id='word_1_773' title='bbox 3442 5447 3711 5515; x_wconf 72' lang='grc' dir='ltr'>πρόΰατα,</span> <span class='ocrx_word' id='word_1_774' title='bbox 3783 5452 3905 5502; x_wconf 77' lang='grc' dir='ltr'>ἐκεῖ</span> <span class='ocrx_word' id='word_1_775' title='bbox 3960 5454 4031 5502; x_wconf 75' lang='grc' dir='ltr'>δεῖ</span> 
     </span>
    </p>
   </div>
   <div class='ocr_carea' id='block_1_109' title="bbox 2453 5533 4028 5607">
    <p class='ocr_par' dir='ltr' id='par_1_109' title="bbox 2453 5533 4028 5607">
     <span class='ocr_line' id='line_1_109' title="bbox 2453 5533 4028 5607; baseline 0.004 -21"><span class='ocrx_word' id='word_1_776' title='bbox 2453 5538 2670 5597; x_wconf 73' lang='grc' dir='ltr'>πάντως</span> <span class='ocrx_word' id='word_1_777' title='bbox 2697 5533 2833 5586; x_wconf 82' lang='grc' dir='ltr'>εἶναι</span> <span class='ocrx_word' id='word_1_778' title='bbox 2866 5536 2957 5588; x_wconf 77' lang='grc' dir='ltr'>καὶ</span> <span class='ocrx_word' id='word_1_779' title='bbox 3008 5536 3096 5588; x_wconf 73' lang='grc' dir='ltr'>τὸν</span> <span class='ocrx_word' id='word_1_780' title='bbox 3134 5540 3401 5605; x_wconf 73' lang='grc' dir='ltr'>ποιμένα·</span> <span class='ocrx_word' id='word_1_781' title='bbox 3432 5538 3554 5587; x_wconf 73' lang='grc' dir='ltr'>ἐπεὶ</span> <span class='ocrx_word' id='word_1_782' title='bbox 3610 5539 3721 5605; x_wconf 70' lang='grc' dir='ltr'>γὰρ</span> <span class='ocrx_word' id='word_1_783' title='bbox 3764 5540 3836 5591; x_wconf 76' lang='grc' dir='ltr'>δι’</span> <span class='ocrx_word' id='word_1_784' title='bbox 3901 5543 4028 5607; x_wconf 59' lang='lat' dir='ltr'><strong>Lai;</strong></span> 
     </span>
    </p>
   </div>
   <div class='ocr_carea' id='block_1_110' title="bbox 2453 5628 4028 5698">
    <p class='ocr_par' dir='ltr' id='par_1_110' title="bbox 2453 5628 4028 5698">
     <span class='ocr_line' id='line_1_110' title="bbox 2453 5628 4028 5698; baseline 0.003 -18"><span class='ocrx_word' id='word_1_785' title='bbox 2453 5629 2546 5681; x_wconf 72' lang='grc' dir='ltr'>καὶ</span> <span class='ocrx_word' id='word_1_786' title='bbox 2583 5628 2678 5696; x_wconf 75' lang='grc' dir='ltr'>τὴν</span> <span class='ocrx_word' id='word_1_787' title='bbox 2707 5628 2976 5698; x_wconf 85' lang='grc' dir='ltr'>ὑμετέραν</span> <span class='ocrx_word' id='word_1_788' title='bbox 3008 5630 3274 5698; x_wconf 84' lang='grc' dir='ltr'>ὠφέλειαν</span> <span class='ocrx_word' id='word_1_789' title='bbox 3326 5629 3596 5698; x_wconf 80' lang='grc' dir='ltr'>εἰώθαμεν</span> <span class='ocrx_word' id='word_1_790' title='bbox 3640 5630 3742 5692; x_wconf 74' lang='grc' dir='ltr'>τὰς</span> <span class='ocrx_word' id='word_1_791' title='bbox 3787 5634 4028 5697; x_wconf 71' lang='grc' dir='ltr'>συνάξεις</span> 
     </span>
    </p>
   </div>
   <div class='ocr_carea' id='block_1_111' title="bbox 2447 5720 4027 5792">
    <p class='ocr_par' dir='ltr' id='par_1_111' title="bbox 2447 5720 4027 5792">
     <span class='ocr_line' id='line_1_111' title="bbox 2447 5720 4027 5792; baseline 0.002 -20"><span class='ocrx_word' id='word_1_792' title='bbox 2447 5721 2708 5772; x_wconf 61' lang='grc' dir='ltr'>ἐπιτελεῖν</span> <span class='ocrx_word' id='word_1_793' title='bbox 2733 5760 2746 5786; x_wconf 87' lang='lat'><strong>,</strong></span> <span class='ocrx_word' id='word_1_794' title='bbox 2781 5720 2931 5784; x_wconf 69' lang='grc' dir='ltr'>ὑμῶν</span> <span class='ocrx_word' id='word_1_795' title='bbox 2969 5723 3019 5776; x_wconf 68' lang='grc' dir='ltr'>δὲ</span> <span class='ocrx_word' id='word_1_796' title='bbox 3055 5723 3154 5788; x_wconf 73' lang='grc' dir='ltr'>ἔξω</span> <span class='ocrx_word' id='word_1_797' title='bbox 3186 5721 3567 5792; x_wconf 70' lang='grc' dir='ltr'>διατριϐόντων</span> <span class='ocrx_word' id='word_1_798' title='bbox 3598 5724 3872 5791; x_wconf 71' lang='grc' dir='ltr'>ἀνόνητον</span> <span class='ocrx_word' id='word_1_799' title='bbox 3905 5728 4027 5791; x_wconf 55' lang='grc' dir='ltr'>ἡμῖν</span> 
     </span>
    </p>
   </div>
  </div>
