4148 6486
122 428 231 491 957

1093 418 1270 478 VITA
1310 417 1371 478 S.
1413 415 1735 477 JOANNIS
1775 414 2420 480 ELEEMOSYNAHII.

3285 428 3393 492 958

125 542 223 595 τὸν
276 539 447 592 κόπον
507 534 796 605 συμῧαίνει
848 533 1113 602 γίνεσθαι’
1184 531 1421 583 πέπεικα
1487 529 1719 597 ἐμαυτὸν

1829 533 1989 585 ειοιιιί
2016 547 2138 586 cum
2167 536 2572 603 egredientibus
2600 537 2751 593 vobis
2779 535 2940 593 simul
2972 540 3177 610 egredi,
3209 552 3263 595 et
3292 556 3411 597 rur-

123 630 335 696 ἐξιοῦσί
374 646 435 680 τε
458 629 586 697 ὑμῖν
616 624 1055 694 συνεξέρχεσθαι.
1082 634 1175 676 και
1206 620 1362 683 αὖθις
1396 621 1719 688 είσερχομέ-

125 740 242 783 νοις
276 718 683 792 συν[ειο]ιὲναι.
714 717 949 779 Πολλοὺς
993 715 1151 768 τοῦτο
1180 712 1457 781 διώρθωσε
1492 712 1585 763 καὶ
1618 711 1715 781 τῆς

134 814 208 882 μὴ
232 813 413 872 καλῶς
436 809 727 878 γινομένης
758 808 1033 878 ἀπήλλαξε
1061 808 1367 876 συνηθείας.

202 903 329 958 OA'.
356 905 470 957 Οὐκ
496 902 737 965 ἐκείνους
763 901 818 954 δὲ
855 900 1048 971 μόνους
1074 899 1317 970 βελτιοῦν
1345 900 1573 953 ὲσπευδε
1595 900 1721 963 τοὺς

133 997 242 1062 ἔξω
263 998 363 1063 τῆς
392 995 664 1059 συνάξεως
701 992 1049 1063 ἀργολογίαις
1079 991 1553 1062 ἐνευκαιροῦντας,
1584 990 1721 1044 ἀλλὰ

132 1092 229 1142 καὶ
255 1090 383 1151 τοὺς
406 1089 554 1141 ἔνδον
589 1090 724 1159 πρὸς
752 1087 1014 1158 ἀλλήλους
1043 1084 1358 1155 ἀλογώτατα
1383 1084 1727 1154 κοινολογου-

135 1183 359 1251 μένους.
393 1184 487 1235 καὶ
512 1182 747 1251 μάλιστα
769 1182 831 1251 δὴ
853 1181 980 1244 τοὺς
1009 1180 1101 1232 τοῦ
1135 1181 1397 1248 βήματος.
1421 1171 1486 1230 Εἴ
1508 1196 1634 1231 ποτε
1662 1179 1721 1232 δὲ

130 1292 259 1326 τινα
298 1276 441 1341 μετὰ
470 1284 597 1343 μιαν
626 1275 719 1328 καὶ
749 1277 1008 1344 δευτέραν
1040 1275 1365 1346 παραίνεσιν
1392 1272 1721 1332 ἀδιόρθωτον

138 1368 266 1433 ἴδοι,
309 1367 417 1431 ἕξω
448 1367 607 1428 εὐθὺς
639 1366 850 1428 ἔϐαλλε,
879 1368 976 1437 τὴν
1022 1365 1357 1436 Δεσποτικὴν
1386 1367 1566 1429 αὐτοῖς
1603 1367 1723 1417 ἐπι-

130 1460 314 1526 λέγων
342 1461 548 1527 ςωνήνο
582 1478 600 1509 ι
638 1456 742 1511 Τὸν
767 1456 914 1512 οἷκον
952 1460 1046 1511 τοῦ
1092 1458 1224 1512 Θεοῦ
1254 1455 1400 1510 οἷκον
1445 1459 1526 1510 δεῖ
1551 1473 1723 1525 προσο

130 1553 306 1622 ευχῆς
378 1549 554 1608 εἶναι·
592 1574 610 1607 ι
672 1551 907 1624 ἔμπαλιν
957 1554 1014 1606 δὲ
1061 1555 1185 1616 τοὺς
1225 1555 1352 1623 περὶ
1407 1552 1506 1615 τὰς
1570 1552 1722 1615 θείας

132 1648 393 1711 συνάξεις
452 1647 919 1715 σπουδαιοτέρους,
968 1649 1259 1715 ἀπεδέχετο
1302 1646 1399 1715 τῆς
1448 1645 1721 1714 φιλοθεΐας

128 1741 231 1790 καὶ
260 1737 595 1807 προσεπῄνει
613 1754 629 1768 ⁸
657 1740 792 1792 ἀλλά
817 1741 910 1791 xa‘t
939 1740 1240 1804 προκοπαῖς
1275 1738 1435 1807 ἐτίμα
1459 1737 1682 1806 βαθμῶν
1704 1752 1717 1766 ⁶

126 1830 275 1900 ὅπερ
304 1831 374 1900 δὴ
399 1831 493 1883 καὶ
522 1832 851 1901 σαφέστερον
899 1830 959 1882 τὸ
999 1830 1191 1902 μέλλον
1216 1829 1550 1900 ῥηθήσεσθαι
1584 1844 1722 1897 γνω-
1753 1884 1794 1939 Β

129 1939 269 1993 ptes.

198 2108 330 2161 ΟΒ.
357 2106 462 2159 Δύο
481 2104 624 2168 τινὲς
648 2106 901 2174 κληρικοὶ
924 2108 1021 2176 τῆς
1042 2107 1163 2159 κατ’
1185 2106 1348 2160 αὑτὸν
1371 2104 1718 2175 Ἐκκλησίας,

126 2200 544 2269 σκυτοτομικὴν
570 2200 848 2269 μετιόντες
865 2201 1077 2269 τέχνην.
1110 2201 1172 2252 ἐκ
1198 2199 1455 2268 γειτόνων
1475 2199 1723 2267 ἀλλήλοις

122 2292 333 2360 ἔμενον
359 2308 373 2322 ·
402 2285 476 2345 ὧν
505 2294 533 2342 ὁ
560 2290 678 2359 μὲν,
710 2294 929 2359 γυναικὶ
980 2281 1409 2358 συνεζευγμένος
1439 2292 1533 2342 καὶ
1557 2292 1721 2342 τέκνα

120 2389 297 2452 ἒχων,
324 2385 537 2453 πατέρα
560 2400 615 2435 τε
652 2387 745 2436 καὶ
779 2385 988 2453 μητέρα
1022 2384 1404 2445 συνοικοῦντας
1427 2384 1595 2453 αὐτῷ,
1629 2383 1720 2447 οὓς

122 2479 350 2539 πάντας
408 2480 473 2530 ἐκ
498 2476 604 2528 τῶν
632 2475 830 2546 χειρῶν
865 2474 1057 2546 ἔτρεφε
1089 2475 1197 2528 τῶν
1228 2476 1371 2529 ίδὶων
1398 2516 1411 2539 ,
1446 2476 1591 2546 ὅμως
1614 2476 1721 2528 τῶν

123 2568 417 2632 συνάΞεων
448 2569 548 2620 οὐκ
575 2567 785 2637 ἠμέλει.
840 2568 1079 2638 Θάτερος
1108 2568 1187 2632 δὲ,
1218 2569 1393 2620 καίτοι
1433 2569 1592 2635 μόνος
1623 2568 1719 2631 ὢν,

124 2664 227 2729 τὴν
253 2665 460 2731 τέχνην
475 2677 534 2713 τε
566 2662 974 2731 ἀκριϐέστερος,
1009 2662 1102 2713 καὶ
1141 2661 1240 2729 τὴν
1290 2660 1556 2729 ἐργασίαν
1602 2662 1721 2711 ἐπι-

129 2757 493 2825 μελέστερος,
546 2757 665 2808 οὐδὲ
712 2750 859 2823 αὕτῷ
898 2756 1041 2823 μόνῳ
1073 2754 1316 2824 πορίζειν
1346 2757 1413 2807 τὰ
1440 2754 1575 2823 πρὸς
1622 2752 1721 2823 τὴν

124 2850 327 2918 χρείαν
349 2849 578 2911 δυνατὸς
605 2844 691 2918 ἦν.
718 2846 806 2917 Τῷ
837 2848 929 2901 οὖν
956 2847 1234 2917 ὁμοτέχνῳ
1264 2846 1720 2915 διαφθονούμενος

127 2944 226 2995 καί
252 2942 459 3011 μηκέτι
492 2942 677 3007 φέρειν
707 2942 1002 3010 δυνάμενος
1033 2942 1131 3009 τὴν
1163 2941 1325 2993 ὠδῖνα
1376 2939 1477 3008 τῆς
1514 2940 1722 3008 βασκα-

129 3037 273 3099 νίας.
304 3036 548 3105 ἐντυχὼν
594 3036 741 3105 αὑτῷ
796 3036 937 3089 κατὰ
968 3036 1154 3103 μόνας,
1207 3035 1440 3103 Ὁρκίζω
1492 3053 1548 3087 σε
1581 3036 1721 3088 κατὰ

130 3128 228 3181 τοῦ
261 3129 427 3192 Θεοῦ,
456 3128 582 3197 ἔφη,
623 3129 695 3198 μὴ
727 3128 1063 3196 ἀποκρύψειν
1101 3128 1193 3181 ἀπ’
1228 3128 1383 3195 ἐμοῦ,
1422 3126 1559 3179 ἀλλὰ
1616 3145 1720 3195 φα-

1827 620 1923 679 sus
1963 625 2169 696 ingredi
2200 645 2321 681 cum
2375 630 2819 696 ingredientibus.
2866 632 2981 687 Hoc
3033 635 3233 690 multus
3288 651 3411 688 cor-

1829 719 1989 784 rexit,
2023 731 2077 773 et
2110 734 2139 771 a
2175 720 2312 774 mala
2342 721 2565 777 abduxit
2599 724 3015 778 consuetudine.

1896 904 2086 960 LXXI.
2130 905 2245 961 Non
2278 908 2396 963 illos
2426 922 2553 963 vero
2582 908 2727 965 solos
2753 908 2962 964 studuit
2991 910 3286 979 corrigere,
3317 913 3407 978 qui

1825 1008 1977 1054 extra
2009 1001 2484 1070 congregationem
2516 1000 2704 1055 otiosis
2738 1001 3011 1055 vacabant
3042 1000 3405 1065 sermonibus;

1825 1092 1919 1147 sed
1944 1106 2038 1147 eos
2061 1094 2247 1157 etiam,
2272 1092 2363 1161 qui
2390 1092 2531 1148 citra
2560 1094 2823 1150 rationem
2852 1095 2999 1150 intus
3024 1093 3168 1149 inter
3192 1106 3251 1148 se
3274 1108 3406 1148 con-

1825 1182 2075 1239 ferebant
2101 1200 2411 1251 sermones,
2472 1196 2529 1243 et
2566 1188 2801 1241 maxime
2837 1203 2967 1243 vero
3008 1188 3202 1243 altaris
3242 1187 3406 1241 mini-

1825 1288 1988 1333 stros.
2011 1279 2303 1347 Siquando
2323 1290 2503 1335 autem
2532 1281 2757 1336 vidisset
2775 1281 3084 1351 quempiam
3107 1288 3227 1349 post
3244 1294 3404 1334 unam

1824 1382 1879 1423 et
1907 1369 2129 1423 alteram
2159 1371 2578 1426 admonitionem
2614 1386 2955 1442 nequaquam
2985 1385 3150 1440 posse
3182 1370 3404 1439 corrigi,

1825 1475 1947 1515 eum
1999 1460 2181 1515 statim
2232 1462 2516 1529 ejiciebat,
2567 1465 2706 1531 apud
2754 1478 2848 1517 eos
2900 1478 3086 1518 vocem
3137 1475 3407 1531 usurpans

1827 1553 2213 1617 Dominicam,t
2245 1558 2462 1609 domum
2494 1554 2585 1609 Dei
2614 1565 2866 1624 oportere
2888 1570 3008 1610 esse
3038 1558 3259 1609 deruunt
3278 1568 3406 1607 ora-

1828 1646 1988 1700 tionis
2012 1646 2087 1700 "‘.
2117 1634 2357 1701 iContra
2390 1659 2568 1701 autem
2592 1663 2803 1710 eorum,
2834 1649 2923 1713 qui
2957 1648 3008 1700 in
3042 1648 3253 1701 divinas
3276 1661 3406 1700 cou—

1827 1738 2172 1806 gregationes
2197 1749 2350 1792 erant
2377 1741 2752 1803 studiosiores,
2781 1740 2853 1792 illi
2884 1750 3105 1808 accepta
3136 1749 3253 1792 erat
3295 1740 3405 1806 pie-

1831 1836 1941 1890 tas,
1975 1843 2176 1896 eosque
2218 1838 2272 1882 et
2316 1830 2569 1883 laudabat
2607 1845 2661 1883 et
2705 1836 2771 1883 ad
2803 1830 3001 1900 gradus
3051 1830 3401 1899 provehebat.

1824 1920 1975 1985 Quod
2017 1922 2233 1989 quidem
2280 1923 2519 1991 apertius
2558 1923 2817 1978 indicabit
2857 1924 2940 1987 id,
2982 1924 3123 1991 quod
3157 1921 3270 1989 jam
3318 1931 3403 1975 est

1824 2012 2129 2065 dicendum.

1893 2105 2102 2159 LXXII.
2144 2106 2260 2161 Duo
2300 2094 2485 2161 clerici
2544 2104 2661 2173 ejus
2703 2104 2990 2168 Ecclesiae,
3034 2115 3206 2159 artem
3241 2118 3405 2160 exer-

1824 2207 2009 2253 centes
2041 2200 2311 2254 incidendi
2338 2200 2573 2263 corium,
2615 2207 2772 2253 erant
2794 2201 2936 2253 inter
2956 2213 3014 2253 se
3044 2198 3229 2253 vicini.
3259 2196 3407 2264 Quo-

1826 2305 1943 2343 rum
1982 2305 2122 2345 unus
2155 2291 2369 2359 quidem
2414 2290 2626 2344 mulieri
2664 2291 2989 2361 conjunctus
3034 2292 3403 2357 matrimonio,

1825 2383 2135 2451 habensque
2190 2384 2327 2439 filios
2371 2394 2427 2438 et
2474 2395 2682 2453 patrem
2736 2394 2790 2438 et
2839 2394 3068 2439 matrem
3119 2398 3243 2439 cum
3289 2383 3407 2454 ipso

1828 2476 2154 2543 habitantes,
2182 2494 2317 2545 quos
2336 2480 2554 2548 quidem
2578 2480 2755 2533 alebat
2777 2495 2968 2535 omnes
2989 2480 3101 2534 suis
3127 2478 3399 2549 manibus,

1826 2586 1929 2623 non
1958 2572 2259 2640 negligebat
2291 2583 2470 2627 tamen
2507 2574 2718 2627 divinas
2750 2575 3196 2641 congregationes
3222 2588 3237 2626 :
3263 2575 3402 2627 alter

1825 2672 2004 2715 autem
2042 2665 2141 2718 etsi
2184 2676 2301 2717 erat
2340 2665 2517 2727 solus,
2548 2676 2601 2719 et
2638 2665 2770 2718 artis
2799 2665 3052 2733 peritior,
3086 2674 3140 2718 et
3180 2666 3233 2718 in
3271 2680 3403 2733 0pc-

1824 2755 1994 2807 rando
2014 2755 2342 2825 diligentior,
2371 2774 2435 2811 ne
2455 2760 2556 2812 sibi
2584 2757 2798 2825 quidem
2828 2758 2927 2812 soli
2953 2773 3145 2824 parare
3168 2768 3400 2825 poterat,

1826 2869 1943 2922 quze
1976 2865 2132 2907 erant
2161 2854 2225 2903 ad
2258 2865 2414 2903 usum
2454 2850 2781 2904 necessaria.
2817 2848 2877 2904 Ei
2913 2850 3092 2915 itaque
3115 2890 3129 2912 ,
3162 2851 3252 2917 qni
3284 2860 3403 2902 erat

1825 2946 2062 3014 ejusdem
2090 2946 2244 3006 artis,
2278 2946 2545 3006 invidens,
2576 2954 2627 2996 et
2658 2960 2759 2995 non
2786 2942 3017 3011 amplius
3047 2942 3190 2996 ferre
3224 2945 3404 2999 valens

1824 3052 1983 3107 quam
2030 3039 2211 3089 animo
2250 3048 2565 3101 conceperat
2606 3036 2897 3100 invidiam,
2948 3050 3071 3089 eum
3112 3036 3404 3105 aliquando

1826 3132 1997 3185 solum
2034 3130 2312 3183 offendens
2345 3147 2356 3180 :
2397 3127 2598 3194 Adiuro
2633 3138 2703 3191 te,
2738 3130 2945 3197 inquit,
2976 3144 3070 3197 per
3108 3128 3303 3188 Deum.
3337 3144 3405 3184 ne

131 3224 297 3291 νεών
348 3240 443 3291 μοι
478 3224 628 3274 τουτὶ
674 3222 882 3288 θέσθαι,
928 3222 1089 3274 πόθεν
1141 3224 1299 3283 αὐτὸς
1342 3222 1439 3289 μὲν
1474 3222 1719 3273 πλουτῶν

1829 3239 1911 3277 me
1938 3222 2099 3286 celes,
2132 3222 2222 3274 sed
2253 3223 2354 3275 boc
2388 3222 2518 3274 mihi
2549 3223 2793 3289 aperias,
2834 3221 2925 3289 qui
2964 3221 3042 3284 ﬁt,
3078 3222 3220 3289 quod
3251 3231 3303 3274 tu
3328 3222 3404 3274 sis

132 3317 433 3377 διατελεῖς,
466 3314 776 3380 καὶταῦτα,
803 3317 903 3366 ὅσα
930 3332 990 3382 γε
1020 3318 1098 3377 εἰς
1129 3316 1225 3385 τὴν
1254 3315 1517 3384 ἐργασίαν
1551 3314 1716 3385 ῥᾴθυ-

134 3424 234 3473 μος
257 3406 358 3469 ὣν,
394 3407 521 3476 ἐμοὶ
549 3406 604 3458 δὲ
638 3406 886 3472 ἐπιμελεῖ
916 3406 1027 3458 ὄντι
1060 3407 1154 3457 καὶ
1186 3406 1456 3474 φιλοπόνῳ
1496 3409 1717 3458 τούναν-

127 3502 245 3551 τίον
277 3500 379 3569 μὲν
402 3498 711 3567 συμϐαίνει,
738 3498 937 3565 μᾶλλον
958 3498 1047 3549 καὶ
1078 3499 1156 3559 εἰς
1179 3498 1413 3565 ἐσχάτην
1436 3496 1535 3565 ἥδη
1564 3514 1719 3566 περι-

131 3593 346 3658 έσττδκα
378 3590 591 3642 πενίαν.
632 3589 687 3640 Ὀ
720 3588 795 3650 δὲ,
835 3588 1154 3658 βουλόμενος
1178 3588 1341 3640 αὑτὸν
1370 3588 1719 3656 ἐπιμελέστε-

133 3702 225 3750 ρον
261 3683 459 3735 θέσθαι
522 3683 649 3752 περὶ
687 3682 784 3743 τὰς
824 3682 1109 3747 συνάξεις,
1166 3680 1444 3752 ὀλιγώρως
1505 3682 1717 3750 ἔχοντα,

134 3778 301 3843 Κάμὲ
347 3774 641 3845 πρότερον,
677 3772 851 3838 εἶπεν,
891 3774 1107 3841 ἀδελφέ,
1138 3773 1305 3841 πολλὴ
1356 3773 1613 3837 στένωσις
1640 3771 1718 3826 εἷο

130 3884 227 3935 χεν
247 3884 262 3896 ·
302 3865 399 3932 ἀφ’
425 3860 485 3917 οὗ
511 3864 566 3915 δὲ
594 3864 876 3932 σχολάζειν
905 3862 1039 3930 πρὸς
1066 3861 1163 3923 τὰς
1192 3857 1437 3924 συνάξεις
1482 3862 1717 3929 ἐμαυτὸν

131 3961 352 4019 ἔπεισα,
380 3957 528 4008 ἔστιν
550 3957 637 4007 ὅτε
670 3955 764 4007 καὶ
786 3954 1006 4023 χρυσίον
1042 3953 1280 4021 εὑρίσκω
1311 3951 1451 4003 κατὰ
1481 3951 1579 4021 τὴν
1602 3952 1718 4003 ὁδὸν

128 4051 336 4105 ἀπιὼνο
372 4050 497 4102 ὅθεν
526 4048 590 4118 δὴ
620 4049 712 4099 καὶ
745 4047 1102 4114 ἐπισυνῆκται
1142 4046 1323 4097 πᾶσαν
1348 4043 1506 4115 [forte
1546 4042 1715 4113 πᾶσα]

130 4147 199 4213 ἦν
228 4143 367 4211 ὁρᾷς
410 4139 695 4208 εὐπορίαν.
740 4136 879 4188 Ἀλλ’
906 4135 1037 4187 εἴτι
1078 4136 1200 4204 ἐμοὶ
1231 4134 1411 4205 πείθῃ,
1459 4136 1591 4186 ἓτιου
1626 4135 1718 4186 καὶ

130 4234 297 4293 αὐτὸς
334 4230 553 4282 ἀπιόντι
602 4245 709 4293 μοι,
758 4224 855 4277 καὶ
890 4223 1243 4292 παραμυθίαν
1295 4221 1542 4274 ἐντεῦθεν
1576 4220 1718 4283 ἔξεις

129 4326 189 4376 οὖ
216 4323 316 4391 τὴν
348 4322 638 4388 τυχοῦσαν.
702 4318 952 4369 Πείθεται
1002 4318 1113 4377 τοῖς
1158 4315 1327 4369 αὐτοῦ
1362 4316 1565 4381 λόγοις,
1624 4314 1715 4365 καὶ

130 4414 252 4465 καθ’
290 4411 533 4477 ἐκάστην
562 4407 779 4469 σύναξιν
808 4406 1005 4473 φοιτῶν
1038 4406 1133 4457 σὺν
1156 4405 1323 4473 αὐτῷ,
1356 4405 1553 4475 ᾔσθετο
1590 4404 1715 4473 μετ’

127 4509 189 4559 ο)
224 4506 361 4556 πολὺ
389 4502 639 4567 εὐλογίας
663 4501 812 4567 παρά
833 4499 966 4550 Θεοῦ
994 4499 1292 4567 γενομένης
1327 4500 1404 4559 εἰς
1433 4498 1523 4549 τὸν
1548 4496 1713 4550 αὑτοῦ

1823 3330 2033 3381 semper
2066 3315 2280 3382 quidem
2328 3314 2506 3379 dives,
2557 3312 2720 3381 idque
2754 3328 2874 3366 cum
2914 3312 2991 3367 sis
3030 3313 3083 3365 in
3127 3313 3403 3381 operando

1822 3407 2126 3475 negligens;
2162 3406 2289 3457 mihi
2324 3416 2527 3469 autem,
2556 3406 2647 3472 qui
2685 3420 2805 3458 sum
2835 3405 3061 3474 diligens
3089 3415 3144 3459 et
3174 3406 3404 3459 laborio-

1821 3514 1932 3561 sus,
1959 3507 2141 3551 contra
2168 3498 2363 3551 accidit
2400 3509 2450 3550 nt
2476 3498 2587 3565 jam
2615 3500 2863 3551 redactus
2888 3499 2988 3551 sim
3014 3499 3077 3551 ad
3102 3509 3399 3553 extremam

1820 3588 2241 3659 paupertatem?
2279 3589 2373 3641 llle
2426 3599 2601 3642 autem
2622 3588 2805 3642 volens
2846 3604 2969 3641 eum
3011 3589 3237 3642 reddere
3276 3589 3402 3641 dili-

1820 3685 2142 3751 gentiorem,
2175 3683 2266 3748 qui
2290 3690 2412 3735 erat
2436 3681 2713 3751 negligens
2735 3681 2786 3734 in
2817 3682 3079 3735 adeundis
3103 3695 3401 3750 congrega-

1821 3776 2084 3835 ti0nibus,
2119 3789 2239 3842 qua:
2280 3775 2412 3827 liunt
2442 3789 2717 3829 sacrorum
2772 3788 2972 3827 causa:
3009 3774 3131 3827 Mihi
3163 3789 3394 3842 quoque,

1822 3866 2025 3933 inquit,
2059 3881 2090 3918 ο
2123 3868 2317 3928 l'rater,
2364 3880 2450 3918 res
2492 3876 2611 3918 erat
2644 3865 2862 3918 redacta
2903 3867 2969 3918 ad
3005 3868 3272 3918 maximas
3302 3882 3400 3919 an-

1820 3959 2043 4027 gustias.
2078 3958 2152 4011 Ex
2190 3973 2296 4025 quo
2324 3968 2502 4011 autem
2541 3957 2670 4010 mibi
2701 3958 2939 4025 persuasi
2973 3959 3169 4013 divinis
3204 3974 3396 4013 vacare

1820 4050 2359 4119 congregationibus,
2428 4064 2811 4117 nonnunquam
2844 4064 2909 4103 eo
2938 4052 3135 4103 vadens
3157 4091 3171 4117 ,
3204 4066 3395 4103 aurum

1820 4146 1871 4196 in
1898 4144 1980 4193 via
2015 4144 2251 4207 invenio,
2282 4157 2391 4208 quo
2423 4140 2625 4195 factum
2658 4152 2743 4197 est
2783 4152 2840 4195 ut
2878 4144 3004 4196 mihi
3036 4146 3146 4198 sint
3171 4159 3400 4215 congre-

1820 4243 1955 4301 gata:
1987 4247 2215 4297 omnes,
2249 4249 2383 4301 quas
2408 4236 2554 4290 vides
2576 4277 2589 4299 ,
2626 4238 2812 4307 capias.
2850 4238 2953 4291 Sed
2986 4239 3029 4290 si
3067 4253 3151 4291 me
3184 4239 3393 4302 audias,

1821 4326 1934 4393 ipse
1977 4338 2193 4393 quoque
2225 4340 2309 4378 me
2348 4337 2564 4380 eunten:
2600 4344 2849 4397 sequere,
2881 4339 2936 4383 et
2976 4330 3101 4383 hinc
3136 4345 3240 4384 non
3277 4330 3397 4382 vnl-

1819 4430 1999 4484 garem
2043 4414 2268 4468 habebis
2312 4416 2758 4472 consolationem.
2808 4418 2969 4473 Paret
2996 4420 3191 4483 dictis,
3238 4431 3292 4476 et
3325 4422 3394 4475 ad

1819 4506 2055 4577 singulas
2103 4507 2314 4561 divinas
2354 4523 2586 4577 synaxes
2615 4525 2736 4566 cum
2777 4512 2894 4581 ipso
2937 4513 3240 4577 ventitans,
3273 4528 3397 4566 sen-

131 4594 307 4661 οἷκον,
344 4595 438 4647 καὶ
470 4593 549 4663 τῷ
582 4592 772 4660 ἀγαθῴ
808 4590 1097 4660 συμὸούλῳ
1125 4590 1220 4660 τὴν
1242 4590 1402 4660 χάριν
1437 4589 1711 4659 ἀνωμολό-

1823 4600 1987 4653 tiebul
2025 4598 2205 4654 domui
2246 4615 2357 4654 suae
2398 4600 2593 4655 factam
2634 4617 2663 4656 a
2707 4601 2814 4658 Deo
2849 4603 3301 4667 benedictionem,
3342 4616 3397 4659 et

131 4708 238 4757 γει.
285 4690 345 4739 ὐ
380 4687 437 4739 δὲ
470 4686 629 4747 εὐθὺς
669 4686 766 4754 τὴν
794 4686 996 4754 σκηνὴν
1025 4685 1276 4752 διὰρας,’
1296 4684 1540 4752 φανερῶς
1563 4682 1711 4750 λέγει

129 4783 206 4851 τῷ
250 4780 537 4850 ὁμοτέχνῳ
566 4779 639 4840 ὼς
667 4780 921 4830 οὐδέποτε
962 4780 1184 4847 χρυσίον
1229 4777 1374 4846 αὐτῷ
1419 4777 1559 4829 κατά
1616 4777 1714 4848 τὴν

130 4875 246 4926 ὁδὸν
281 4871 559 4940 εὑρεθείη.
599 4870 758 4923 Ἀλλὰ
791 4870 1132 4939 βουλόμενος,
1168 4873 1322 4939 φησὶ,
1362 4871 1714 4938 δωναστῆσαί

132 4981 188 5015 σε
220 4964 362 5032 πῴς
383 4962 479 5024 τάς
508 4960 655 5022 θείας
682 4960 1027 5029 ἀφικνεῖσθαι
1049 4962 1313 5026 συνάξεις,
1343 4962 1440 5029 τὴν
1468 4962 1557 5013 τοῦ
1585 4979 1714 5031 χρυ-

132 5056 245 5104 σίου
282 5052 506 5119 εὕρεσιν
537 5054 881 5121 ἐπλασὲμην.
943 5052 1112 5105 Τοῦτο
1151 5053 1230 5114 είς
1276 5047 1390 5104 ὦτα
1419 5052 1495 5121 τῷ
1526 5070 1707 5116 μακα-

133 5146 386 5215 ριωτάτῳ
456 5143 679 5215 Ἰωάννῃ
712 5145 883 5208 ἐλθὸν,
935 5148 1030 5214 τῆς
1059 5161 1118 5196 τε
1156 5144 1365 5213 ἀγαθῆς
1398 5144 1709 5213 προθέσεως

130 5240 293 5290 αὑτὸν
325 5236 651 5307 ἀποδέχεται
697 5238 790 5291 καὶ
820 5243 916 5309 τῆς
933 5238 1027 5291 τοῦ
1052 5236 1421 5311 πρεσὸυτέρον
1462 5254 1707 5308 χειροτο-

132 5337 246 5395 νίας
281 5331 560 5395 καταξιοῖ.

234 5492 278 5521 τ’
306 5488 501 5544 Matth.
527 5504 637 5557 ut,
671 5492 753 5548 15.

1814 4692 1956 4745 bono
2006 4692 2304 4747 consultori
2347 4696 2541 4764 agebat
2588 4696 2811 4763 gratias.
2855 4696 2949 4751 Ille
2987 4707 3196 4763 autem,
3229 4712 3391 4751 scena

1812 4798 1932 4835 mox
1984 4793 2201 4851 aperta,
2249 4786 2532 4838 manifeste
2576 4787 2709 4840 dicit
2756 4788 2936 4852 socio,
2984 4802 3042 4843 se
3115 4804 3391 4857 nunquam

1812 4890 1999 4926 aurum
2054 4877 2105 4928 in
2161 4876 2243 4929 via
2295 4877 2589 4941 invenisse,
2667 4877 2770 4933 Sed
2818 4880 3037 4944 volens,
3090 4882 3298 4951 inquit,
3341 4891 3396 4936 te

1812 4967 2053 5022 excitare
2090 4980 2148 5022 ut
2174 4970 2383 5023 venires
2412 4971 2478 5022 ad
2514 4971 2726 5025 divinas
2751 4975 3221 5043 congregationes,
3261 4974 3392 5028 ﬁnxi

1818 5060 1954 5112 hanc
1993 5059 2110 5113 auri
2162 5062 2551 5115 inventionem.
2605 5054 2719 5117 lloc
2767 5078 2888 5117 cum
2938 5065 3271 5132 pervenisset
3322 5065 3390 5119 ad

1816 5163 1974 5201 aures
2023 5149 2315 5203 beatissimi
2363 5152 2721 5221 patriarchae,
2764 5161 2816 5206 ct
2850 5152 2963 5221 ejus
3002 5153 3196 5205 bonum
3239 5168 3387 5204 rom-

1816 5243 2031 5295 meudat
2068 5243 2427 5312 propositum,
2470 5254 2682 5300 etcum
2724 5245 2942 5299 ordinat
2984 5244 3387 5315 presbyterum.
