4148 6486
800 412 904 475 959

2026 414 2307 475 MENSIS
2355 414 2371 477 l

2475 414 2794 505 mantus
3516 464 3519 465 κ
3942 416 4025 476 960

2211 550 2441 605 CAPUT
2484 550 2619 603 X-Ill.

2028 671 2085 724 S.
2128 669 2351 722 Joannis
2390 671 2539 739 fuga,
2584 671 2776 721 obitus.

872 786 1105 841 LXXIII.
1151 786 1248 840 llic
1308 803 1491 842 revera
1545 788 1714 843 bnnns
1758 802 1962 856 pastor,
2008 794 2243 856 divinus,
2290 794 2371 847 in-

2547 789 2664 843 Uf“.
2699 785 2866 851 Οὗτος
2887 794 2915 842 ὀ
2948 790 3105 853 καλὸς
3132 790 3208 861 τῷ
3235 791 3348 843 δ-ιτι
3384 792 3605 860 ποιμὴν,
3639 796 3665 845 ὁ
3695 794 3861 857 Θεῖος,
3890 800 4030 866 equi,

796 894 981 946 quam,
1002 880 1331 947 patriarcha,
1348 882 1573 934 credens
1592 884 1816 951 principi
1840 899 2111 953 pastorum
2128 886 2370 951 Christo,

797 972 887 1035 qui
943 969 1089 1038 jubet
1120 970 1183 1033 '°,
1233 970 1276 1021 si
1324 970 1591 1037 persecuti
1637 969 1857 1037 fuerint,
1906 988 1968 1025 ex
2007 989 2110 1025 una
2150 973 2371 1027 civitate

799 1061 983 1129 fugere
1037 1063 1089 1113 in
1135 1060 1330 1127 aliam;
1377 1076 1501 1116 cum
1553 1074 1696 1117 esset
1744 1065 2062 1117 Alexandria
2107 1066 2369 1119 tradenda

782 1156 1048 1208 inanibus
1070 1153 1378 1216 Persarum,
1409 1157 1588 1211 divina
1614 1160 1946 1230 providentia
1979 1160 2125 1212 illinc
2151 1160 2367 1228 quidem

801 1248 1020 1312 recedit,
1067 1249 1258 1315 migrat
1309 1259 1490 1302 autem
1540 1251 1594 1302 in
1642 1267 1792 1304 suam
1831 1252 2057 1318 pattiam
2110 1252 2368 1321 Cyprum,

798 1356 955 1393 suum
1003 1340 1051 1392 ei
1087 1354 1286 1408 corpus
1323 1340 1649 1410 largiturus,
1685 1350 1740 1395 ttt
1775 1358 1894 1410 qua:
1939 1358 2061 1396 eam
2113 1343 2365 1411 aluerat}

798 1433 1141 1500 pra'sciverat
1175 1436 1318 1486 enim
1353 1435 1463 1502 jam
1506 1436 1941 1504 apprOpinqnare
1977 1438 2279 1490 decessum.
2318 1438 2367 1491 Is

800 1525 1000 1591 itaque,
1042 1527 1196 1592 cujus
1237 1541 1378 1594 saape
1429 1529 1752 1582 mentionem
1804 1530 2051 1587 fecimus.
2109 1531 2369 1599 patricius

798 1613 1036 1680 Nicetas,
1064 1624 1279 1686 accepta
1304 1620 1590 1673 occasione
1620 1635 1683 1673 ex
1713 1635 1777 1672 eo
1827 1622 1967 1687 quod
2019 1620 2195 1675 Persae
2230 1623 2371 1676 irru-

798 1717 1010 1776 perant,
1052 1707 1303 1762 obsecrat
1331 1710 1504 1763 virum
1555 1711 1815 1774 divinum,
1867 1723 1925 1766 ttt
1969 1714 2152 1767 veniat
2199 1730 2369 1783 usque

801 1803 866 1853 ad
901 1802 1100 1870 regiam
1145 1802 1445 1865 civitatem,
1473 1803 1726 1870 precibus
1764 1812 1818 1857 et
1850 1808 2221 1860 benedictione
2263 1808 2366 1859 int-

798 1893 1093 1960 pcrtiturns
1150 1894 1556 1963 imperatorem.
1608 1894 1699 1947 Ille
1758 1907 1940 1949 autem
2004 1912 2124 1950 cum
2178 1900 2364 1963 sciret,

798 1986 971 2050 qualis
1001 1994 1142 2038 esset
1174 1984 1305 2037 ﬁdes
1337 1986 1434 2037 viri
1468 1984 1778 2049 clarissimi,
1811 1987 2233 2056 atttntitquidem
2272 2004 2367 2057 pe-

799 2077 973 2129 titioni
1002 2095 1014 2130 :
1045 2092 1167 2130 cum
1205 2079 1365 2130 autho
1405 2088 1581 2130 autem
1624 2092 1757 2130 nave
1784 2080 2129 2147 wherentur,
2160 2094 2215 2136 et
2252 2084 2363 2152 jam

797 2178 977 2221 essent
1017 2168 1069 2221 in
1102 2169 1279 2222 medio
1312 2169 1480 2229 mari,
1531 2169 1775 2223 incidunt
1817 2172 1866 2223 in
1903 2186 2116 2240 gravem
2160 2184 2365 2241 tempe-

798 2270 1014 2314 statem.
1047 2260 1182 2315 Cum
1210 2275 1338 2313 vero
1360 2260 1511 2313 navis
1545 2272 1648 2313 tam
1682 2263 2027 2315 vehementer
2050 2269 2369 2330 quateretur

799 2350 1087 2413 lluctihus,
1136 2361 1191 2402 et
1237 2364 1358 2403 mox
1406 2360 1551 2403 esset
1601 2351 1861 2404 mittenda
1907 2354 1959 2405 in
2006 2352 2363 2421 profundum,

799 2446 950 2495 visus
976 2452 1061 2496 est
1093 2454 1250 2496 nocte
1282 2443 1369 2495 illa
1392 2482 1406 2506 ,
1437 2458 1541 2511 qua
1575 2443 1746 2497 fuerat
1775 2445 2009 2499 excitata
2043 2456 2367 2516 tempestas,

801 2534 1060 2602 pulrit‘llls
1116 2535 1168 2587 itt
1213 2536 1417 2588 somnis
1463 2536 1646 2589 videre
1691 2538 2054 2605 patriarcltam
2089 2554 2209 2591 cum
2240 2554 2371 2606 pau-

800 2626 1051 2689 perihus,
1099 2627 1389 2695 aliquando
1423 2626 1639 2695 quidem
1675 2643 1768 2697 per
1809 2638 1977 2682 totam
2018 2645 2208 2684 navent
2262 2632 2370 2685 cir-

802 2730 1273 2782 cutncursatttent,
1308 2720 1600 2787 aliquando
1640 2732 1817 2774 autem
1854 2737 1974 2774 cunt
2018 2723 2150 2789 ipsis
2183 2739 2373 2779 manus

799 2812 1199 2875 extendenteta,
1235 2821 1290 2865 et
1341 2827 1371 2866 e
1410 2811 1564 2865 caelis
1605 2822 1873 2878 petentem
1910 2814 2191 2869 auxilium.
2237 2816 2371 2870 Cum

801 2913 982 2957 autem
1017 2903 1125 2969 jam
1160 2902 1211 2955 in
1259 2901 1508 2955 Rhodum
1541 2902 1775 2958 insulam
1825 2905 2237 2972 pervenissent,
2285 2907 2373 2961 ille

802 2994 918 3059 ipse
946 2994 1251 3062 [mnareha
1281 3009 1399 3045 cunt
1433 3007 1462 3045 a
1491 3007 1549 3046 se
1582 2993 1945 3058 discessisset,
1976 3010 2163 3048 revera
2196 2995 2365 3062 videt,

801 3097 855 3137 et
882 3100 987 3137 ttntt
1018 3084 1073 3138 itt
1111 3084 1344 3147 somnis,
1373 3083 1711 3153 splendidum
1744 3086 1917 3138 virum
1946 3088 2195 3140 eunucho
2222 3088 2375 3142 siuti-

801 3175 942 3241 lem,
999 3191 1221 3230 aureum
1257 3190 1530 3243 sceptrum
1573 3176 1859 3232 habentem
1907 3179 1961 3232 itt
2008 3181 2285 3244 manibus,
2318 3192 2374 3236 et

802 3272 870 3323 ad
905 3285 1026 3322 eum
1075 3270 1419 3323 accedentem
1461 3268 1639 3323 dicere
1671 3288 1683 3324 :
1723 3267 1890 3324 Vocat
1923 3280 1971 3323 tc
2015 3270 2126 3324 Rex
2163 3288 2370 3342 regunt.

804 3363 1000 3417 Statim
1026 3376 1155 3430 ergo
1182 3359 1447 3414 accersito
1477 3363 1723 3430 patricio,
1755 3374 1875 3414 cum
1913 3361 2135 3414 dixisset
2161 3364 2372 3429 qualem

2475 884 2844 954 πατριάρχης,
2879 883 2958 953 τῷ
3009 884 3359 954 ἀρχιποιμένι
3403 885 3623 956 Χριστῷ
3669 888 3943 942 κελεύοντι
3968 894 4030 941 sl-

2474 993 2610 1039 κων,
2647 975 3011 1044 διωκομένους
3034 978 3097 1028 ἐκ
3122 976 3282 1044 τῆσδε
3318 977 3416 1044 τῆς
3470 978 3677 1042 πόλεως
3703 981 3928 1046 φεύγειν
3968 986 4033 1045 εἰς

2471 1070 2569 1138 τὴν
2622 1068 2839 1138 ἑτέραν,
2902 1068 3064 1137 ἡνίκα
3116 1070 3148 1138 ἡ
3195 1068 3567 1138 Ἀλεξάνδρεια
3606 1073 3766 1140 χερσὶ
3827 1074 4035 1145 [lapathe

2472 1160 2947 1231 παραδοθήσεσθαι
2976 1159 3197 1229 ἔμελλε,
3256 1162 3378 1231 θεία
3434 1163 3662 1232 προνοίᾳ
3708 1165 3918 1216 ἐκεῖθεν
3950 1169 4035 1234 μὲι

2473 1254 2861 1316 ἀπανίσταται,
2901 1255 3037 1323 πρὸς
3066 1254 3123 1305 δὲ
3168 1255 3266 1322 τὴν
3300 1254 3497 1306 ἑαυτοῦ
3534 1257 3770 1327 πατρίδα
3804 1258 3901 1325 τὴν
3935 1260 4033 1311 Κίρ-

2472 1363 2612 1416 προν
2642 1346 2995 1415 μεθίσταται,
3035 1348 3097 1397 τὸ
3126 1348 3323 1399 οἰκεῖον
3349 1348 3485 1415 αὑτῇ
3523 1347 3704 1416 σῶμα,
3731 1348 3806 1411 ὡς
3837 1349 4033 1418 θρεψα-

2475 1436 3022 1507 μένη,’χαριούμενος
3042 1450 3056 1465 ·
3090 1437 3339 1506 προέγνω
3383 1439 3493 1507 γὰρ
3523 1440 3621 1509 ἤδη
3668 1440 3767 1506 τὴν
3789 1442 4033 1510 τελευτὴ-δ

2472 1527 2596 1581 ὅσον
2615 1528 2767 1581 οὔπω
2794 1529 3137 1596 ἐγγίζουσαν.
3176 1530 3239 1582 '0
3262 1529 3391 1597 γοῦν
3421 1532 3680 1593 πολλάκις
3704 1534 3793 1585 διὰ
3827 1538 4033 1603 μνήμης

2470 1622 2603 1688 ἡμῖν
2670 1621 2981 1689 γενόμενος,
3052 1621 3081 1672 ὁ
3162 1623 3447 1690 πατρίκιος
3503 1624 3705 1694 δηλαδὴ
3774 1626 4029 1695 Νικήτας,

2471 1711 2726 1780 ἀφορμῆς
2768 1710 2867 1778 τῆς
2920 1711 3027 1762 ἀπὸ
3055 1710 3162 1763 τῶν
3219 1713 3441 1782 Περσῶν
3493 1714 3683 1781 ἐφόδου
3719 1716 4031 1783 iaC/Spsxw,

2471 1805 2695 1871 λιπαρεῖ
2720 1803 2809 1855 τὸν
2838 1803 3155 1869 θεσπέσιον,
3196 1806 3360 1874 μέχρι
3396 1823 3487 1858 και
3518 1807 3613 1874 τῆς
3640 1807 3908 1875 βασιλίδος
3933 1810 4037 1863 τίῖν

2473 1897 2679 1947 πόλεων
2716 1894 3031 1963 ἀφικέσθαι,
3087 1895 3251 1963 εὐχῆς
3293 1897 3389 1948 καὶ
3432 1898 3683 1963 εὐλογίας
3738 1904 3848 1962 τοῖς
3884 1900 4037 1965 βασι·

2471 1987 2687 2038 λεὺουσι
2744 1986 3144 2055 μεταδώσοντα.
3182 1987 3351 2050 Εἰδὼς
3380 1988 3471 2041 οῦν
3506 1991 3714 2053 ἐκεῖνος
3748 1994 3835 2045 οἶα
3865 1996 3895 2061 ἡ
3946 1993 4035 2045 τοῦ

2471 2077 2856 2147 λαμπροτάτου
2895 2078 3076 2139 πίστις
3107 2078 3318 2148 ἀνδρὸς,
3369 2080 3611 2132 ἐπινεύει
3659 2083 3757 2149 μὲν
3792 2086 3919 2151 προς
3943 2084 4037 2151 τῆν

2469 2170 2706 2237 αἴτησιν,
2763 2168 2851 2221 διὰ
2907 2168 3095 2221 πλοίου
3152 2171 3208 2222 δὲ
3237 2170 3537 2240 ἀμσότεροι
3566 2173 4032 2241 ἀναχθέντες,κα⁸ι

2472 2263 2640 2330 μέσον
2668 2262 2771 2331 ἠδη
2792 2260 2887 2313 τοῦ
2916 2262 3184 2329 πελάγους
3220 2262 3521 2329 γενόμενοι,
3558 2264 3767 2333 χαλεπῇ
3821 2267 4008 2335 mpm!
4024 2300 4033 2305 κ

2470 2369 2663 2405 πτουσι
2698 2351 2857 2422 ζάλῃ.
2887 2350 3087 2412 Δεινῶς
3139 2352 3194 2403 δὲ
3224 2353 3325 2420 ἤδη
3349 2352 3440 2404 τοῦ
3478 2354 3661 2405 πλοίου
3705 2355 4029 2422 χειμαζομέ-

2469 2461 2584 2503 νου,
2609 2444 2703 2495 καὶ
2725 2443 2905 2510 ὀλίγου
2933 2442 3216 2512 μέλλοντος
3256 2442 3331 2511 τῷ
3367 2443 3513 2512 βυθῴ
3546 2446 4029 2513 παραπέμπεσθαι.

2471 2534 2615 2598 ἔδοξε
2661 2536 2761 2604 τῆς
2791 2534 2984 2596 νυκτὸς
3013 2534 3230 2603 ἐκείνης
3277 2534 3398 2587 καθ’
3427 2537 3494 2604 ἢν
3537 2538 3667 2604 ςάλη
3702 2541 3985 2607 ἐγήγερτο,
4014 2544 4039 2588 ο

2473 2627 2764 2695 πατρίκιος
2793 2626 2926 2695 δναρ
2958 2626 3091 2695 δρᾷν
3120 2626 3210 2677 τὸν
3242 2627 3590 2696 πατριάρχην
3622 2629 3762 2695 μετὰ
3789 2631 3891 2679 τῶν
3943 2648 4034 2681 1::-

2470 2721 2667 2789 νήτων,
2692 2720 2780 2770 ὅτε
2818 2718 2913 2787 μὲν
2961 2718 3108 2771 ἆπαν
3139 2719 3197 2770 τὺ
3230 2718 3413 2771 πλοῖον
3466 2720 3811 2789 περιθέοντα,
3850 2724 3933 2774 ὅτε

2474 2811 2571 2862 συν
2597 2810 2781 2871 αὐτοῖς
2806 2808 2905 2871 τὰς
2927 2811 3115 2876 χεῖρας
3139 2811 3218 2870 είς
3251 2810 3475 2878 οὐρανὸν
3513 2811 3777 2879 ὀρέγοντα
3825 2816 3917 2865 καὶ
3951 2816 4041 2863 :iv

2472 2901 2681 2953 ἐκεῖθεν
2713 2900 2964 2970 βοήθειαν
2985 2901 3385 2970 ἐξαιτούμενον.
3426 2903 3514 2965 Ὠς
3544 2902 3597 2954 δὲ
3622 2905 3716 2954 καὶ
3759 2906 3897 2969 πρὸς
3934 2902 4043 2957 Ῥό-

2471 2992 2560 3045 δον
2589 2992 2689 3062 ἤδη
2714 2993 2813 3061 τὴν
2857 2992 3018 3061 νῆσον
3065 2993 3384 3057 κπέλαῦον,
3423 2993 3586 3055 αὐτὸς
3638 2995 3846 3055 ἐκεῖνος
3878 2996 3907 3047 δ
3938 3010 4034 3044 πα-

2473 3085 2759 3153 τριάρχης,
2816 3084 2873 3135 ἐν
2908 3084 3163 3137 ἐκστάσει
3218 3085 3529 3152 γενόμενος,
3570 3082 3717 3154 ῦπαρ
3767 3086 3870 3137 οὐκ
3919 3086 4043 3151 ὄναρ

2473 3177 2575 3246 ὁρᾷ
2630 3174 2882 3244 λαμπρὸν
2905 3174 3071 3244 ἄνδρα
3102 3176 3340 3245 εὐνούχῳ
3384 3177 3621 3237 ἐοικότα,
3656 3176 3892 3245 χρύσεον
3925 3178 4049 3241 axi.-

2478 3284 2647 3337 πτρον
2684 3269 2741 3318 ἐν
2775 3267 2963 3335 χερσὶν
3015 3266 3229 3335 ἔχοντα,
3257 3266 3407 3336 αὑτῷ
3457 3284 3517 3319 τε
3561 3268 3949 3335 προσελθόντα,
3988 3269 4043 3320 'U

2476 3359 2758 3425 Βασιλεὺς,
2794 3360 2982 3426 φάναι,
3007 3358 3111 3411 τῶν
3138 3358 3526 3428 βασιλευόντων
3551 3360 3703 3410 καλεῖ
3731 3376 3814 3411 σε.
3851 3361 4051 3413 Αἰτίῖω.

802 3453 1074 3508 habuisset
1104 3453 1364 3507 visionem
1389 3468 1405 3505 :
1437 3450 1514 3505 Tu
1539 3451 1777 3521 quidem,
1813 3453 2002 3522 inquit,
2033 3468 2066 3507 ο
2093 3454 2175 3506 vir
2205 3454 2371 3523 splen-

2477 3451 2606 3518 γοῦν
2654 3451 2746 3503 τὸν
2801 3453 3089 3521 πατρίκιον
3147 3449 3660 3519 μετακαλεσάμενος
3712 3454 3805 3502 καὶ
3845 3453 3913 3503 τὰ
3958 3450 4047 3517 τῆς

801 3547 1116 3610 «Ιίιιτεδίιιιθ,
1168 3546 1424 3599 studuisti
1484 3560 1585 3599 nos
1626 3547 1896 3599 deducere
1949 3548 2014 3599 ad
2069 3561 2228 3610 cunt,
2282 3548 2373 3616 qui

803 3647 991 3707 regnat
1046 3641 1100 3691 in
1142 3649 1282 3691 terra
1335 3655 1349 3691 ι
1392 3637 1482 3705 qui
1529 3646 1707 3690 autem
1742 3642 1935 3689 emtum
1986 3649 2039 3691 et
2083 3648 2279 3691 terrain
2322 3649 2376 3692 et

801 3731 982 3785 omnia
1014 3746 1109 3784 sua
1146 3739 1291 3784 tenet
1328 3730 1553 3793 ditione,
1585 3729 1734 3796 prior
1776 3730 1839 3781 ad
1879 3744 1937 3782 se
1978 3731 2230 3784 accersit.
2288 3731 2376 3785 llle

804 3834 934 3872 vero
962 3821 1063 3872 hoc
1103 3819 1247 3872 dicto
1290 3817 1508 3871 tristitia
1542 3815 1768 3871 aﬂ'ectus
1801 3828 1853 3872 et
1897 3819 2084 3874 dolore
2118 3821 2372 3890 repletus,

805 3925 910 3962 nnn
953 3910 1127 3977 potuit
1171 3910 1386 3977 quidem
1427 3924 1549 3962 eum
1600 3909 1851 3962 retinere.
1900 3909 2003 3963 Sed
2046 3926 2168 3964 cum
2216 3926 2377 3965 rene-

807 4003 1053 4055 rahilium
1094 4003 1211 4069 ejus
1246 4015 1467 4069 precum
1502 3999 1735 4053 fructum
1769 4000 2009 4068 jucunde
2043 4003 2373 4068 accepisset,

805 4110 962 4160 quant
995 4094 1167 4163 potuit
1193 4092 1580 4147 ofﬁciosissime
1609 4106 1732 4146 eum
1764 4090 1985 4146 dimittit
2020 4093 2070 4145 itt
2113 4089 2371 4162 Cyprum.

879 4275 1112 4330 LXXIV.
1142 4272 1276 4329 Cum
1311 4284 1489 4329 autem
1520 4276 1570 4328 in
1602 4289 1754 4329 suam
1792 4275 2061 4329 civitatem
2094 4277 2376 4343 pervenis-

807 4381 886 4422 set
915 4368 1318 4428 Autathuntetn,
1354 4366 1516 4433 jussit
1552 4366 1751 4420 scribis
1788 4375 1845 4417 ut
1879 4368 2181 4420 scriberent
2215 4379 2379 4420 testa-

809 4466 1070 4522 mentum,
1110 4455 1254 4525 quod
1290 4456 1369 4510 sic
1408 4456 1640 4508 habebat
1674 4472 1686 4507 :
1730 4452 1965 4508 Joannes
2010 4454 2226 4507 humilis
2255 4458 2376 4523 qni-

809 4556 928 4602 nem
983 4562 1171 4603 servus
1226 4560 1506 4600 servorum
1559 4546 1694 4606 Dei,
1754 4552 1969 4611 propter
2017 4552 2195 4596 autem
2251 4544 2377 4597 tnihi

810 4639 1111 4707 impositam
1164 4640 1510 4706 pontilicatus
1561 4639 1910 4705 dignitatem,
1953 4637 2124 4704 gratia
2178 4634 2377 4688 Christi

817 4730 970 4789 liber.
1002 4742 1102 4794 ago
1132 4728 1222 4780 tibi
1248 4726 1476 4796 gratias,
1510 4726 1731 4779 Domine
1757 4723 1899 4778 Deus
1928 4739 2098 4786 meus,
2130 4726 2271 4792 quod
2297 4740 2379 4777 me

809 4834 1027 4887 mgnum
1069 4818 1379 4880 censueris,
1414 4818 1503 4885 qui
1540 4829 1627 4868 tua
1664 4817 1757 4869 tibi
1787 4815 2037 4869 offerrem

807 4926 872 4962 ex
909 4910 1092 4963 mundi
1130 4910 1280 4963 bonis
1313 4909 1443 4960 nihil
1480 4909 1623 4961 aliud
1665 4909 1734 4961 sit
1770 4908 1899 4959 tnihi
1937 4908 2233 4975 reliquum,
2272 4907 2376 4961 nisi

810 5001 964 5055 tertia
1000 5013 1123 5068 pars
1154 4998 1393 5057 nutntni;
1422 5010 1582 5064 quam
1614 4997 1783 5063 ipsam
1816 4995 1981 5064 jubeo
2010 5010 2226 5064 quoque
2264 4997 2374 5049 dari

812 5093 1169 5158 pauperibus,
1234 5090 1322 5157 qui
1394 5097 1518 5141 sunt
1573 5087 1702 5140 tnilti
1763 5086 1958 5140 fratres
2018 5089 2069 5140 itt
2137 5084 2373 5141 Christo.

812 5186 1038 5248 Quando
1058 5185 1203 5236 enim
1228 5182 1321 5234 Dei
1352 5181 1703 5249 pertnissinne
1729 5191 1941 5232 creatus
1986 5179 2060 5231 fni
2092 5180 2377 5246 episcopus

813 5276 1168 5337 Alexandria,
1204 5270 1381 5327 inveni
1417 5274 1470 5326 itt
1509 5288 1628 5327 meo
1663 5275 1975 5341 episcopatu
2015 5273 2229 5324 circiter
2258 5282 2378 5325 octo

814 5370 977 5423 millia
1015 5370 1268 5423 librarum
1302 5369 1466 5423 auri:
1517 5383 1582 5421 ex
1628 5369 1899 5421 oblatione
1953 5378 2128 5419 autem
2174 5368 2378 5434 piorum

816 5462 1015 5514 millies
1048 5463 1131 5514 his
1175 5464 1464 5528 ampliores
1508 5461 1696 5528 collegi
1734 5460 1989 5527 pecunias
2024 5480 2035 5512 :
2087 5473 2222 5526 quas
2259 5472 2381 5510 cunt

817 5566 1195 5621 cognoscerent
1222 5567 1341 5605 esse
1368 5551 1590 5616 Christi,
1616 5551 1831 5605 Christo
1862 5552 2023 5603 etiam
2054 5553 2181 5603 dare
2216 5548 2378 5611 volui,

819 5645 903 5697 cui
954 5659 1095 5698 nunc
1124 5658 1336 5711 quoque
1379 5646 1529 5698 trado
1578 5645 1827 5697 animam.
1891 5641 2023 5698 Cum
2070 5644 2167 5697 hoc
2220 5652 2379 5696 testa—

935 5826 974 5853 ³⁸
1002 5823 1185 5877 λισιιιι.
1223 5840 1271 5885 λ,
1307 5825 1392 5877 ἓξ).

2478 3542 2652 3611 ὅψεως
2675 3540 2751 3603 ὡς
2776 3537 2919 3610 εἶχεν
2952 3540 3143 3604 εἰπὼν,
3185 3542 3255 3594 Σὺ
3295 3541 3411 3610 μὲν,
3436 3536 3481 3593 ὦ
3510 3542 3896 3610 λαμπρότατε,
3927 3543 4040 3609 ἔφη,

2477 3634 2612 3701 πρὸς
2643 3634 2736 3685 τὸν
2762 3633 2853 3684 ἐπὶ
2885 3632 2987 3702 γῆς
3017 3630 3369 3700 βασιλεύοντα
3406 3631 3642 3699 σπουδὴν
3676 3632 3887 3693 ἐποίεις
3908 3633 4045 3699 ἡμᾶς

2475 3725 2703 3793 ἀγαγεῖν
2727 3741 2741 3755 ·
2773 3726 2800 3777 ὁ
2835 3726 2891 3778 δέ
2925 3725 3156 3795 οὐρανοῦ
3184 3724 3278 3777 καὶ
3309 3725 3407 3791 γῆς
3435 3726 3527 3776 καὶ
3557 3724 3775 3774 πάντων
3813 3724 4047 3793 κρατῶ,

2477 3816 2690 3881 φθάσας
2742 3816 2876 3885 πρὸς
2933 3816 3123 3870 ἑαυτὸν
3173 3814 3574 3886 μετεστείλατο.
3635 3814 4049 3883 Σκυθρωπάσας

2475 3904 2566 3956 Οὖν
2596 3905 2688 3955 ἐπὶ
2728 3904 2802 3973 τῷ
2833 3904 2975 3973 λόγῳ
3003 3906 3227 3967 ἐκεῖνος,
3250 3904 3343 3955 καὶ
3380 3902 3555 3971 λύπης
3590 3902 3903 3971 πληρωθεὶς
3958 3906 4041 3970 τὴ.

2476 3997 2725 4062 καρδίαν,
2754 3998 2999 4065 ἐπισχεῖν
3037 3996 3136 4064 μὲν
3165 3996 3327 4049 αὐτὸν
3376 3996 3475 4064 οὐχ
3506 3989 3614 4057 οἶός
3644 4012 3700 4045 τε
3730 3992 3818 4063 ἦν,
3855 3997 3962 4046 τῖρν
3993 3997 4042 4045 δε

2474 4088 2673 4155 τιμίων
2701 4086 2866 4139 αὑτοῦ
2890 4088 3314 4156 κατατρυφήσας
3349 4086 3543 4153 εὐχῶν,
3597 4086 3735 4155 μετὰ
3800 4087 4049 4154 πλείστης

2477 4178 2606 4247 ὅσης
2639 4179 2736 4247 τῆς
2773 4179 3068 4249 θεραπείας
3105 4180 3240 4249 πρὸς
3270 4177 3367 4247 τὴν
3410 4177 3633 4244 Κύπρον
3659 4179 3964 4244 ἐκπέμπει.

2549 4268 2664 4323 (LV.
2707 4270 2855 4323 Ἐπεὶ
2880 4270 2969 4323 οὖν
2987 4271 3082 4337 τὴν
3102 4271 3237 4322 ίδίαν
3264 4271 3414 4321 πόλιν
3444 4270 3791 4339 ’Δμαθοῠντα
3819 4272 4053 4322 x1251:-

2479 4363 2559 4422 σε,
2603 4361 2869 4431 διαθήκην
2918 4364 3030 4423 τοῖς
3062 4362 3467 4430 ὑπογραφεῦσιν
3529 4362 3787 4413 ἐκέλευσε.
3820 4364 4049 4431 γράςειν

2478 4453 2704 4520 ἔχουσαν
2736 4448 2865 4505 ὧδε·
2908 4452 3158 4521 Ἰωάννης
3185 4452 3370 4514 δοῦλος
3403 4455 3501 4521 μὲν
3534 4451 3755 4521 εὐτελὴς
3788 4454 3900 4504 τῶν
3921 4455 4047 4504 6εοῦ

2478 4545 2699 4609 δούλων,
2751 4545 2837 4596 διὰ
2866 4544 2922 4597 δὲ
2953 4546 3010 4597 τὸ
3058 4545 3304 4597 ἐπιτεθέν
3345 4560 3435 4613 μοι
3485 4543 3585 4611 τῆς
3642 4543 4051 4612 ἀρχιερωσύνης

2478 4638 2716 4705 ἀξίωμα,
2755 4637 2936 4704 χάριτι
2969 4635 3204 4704 Χριστοῦ
3253 4633 3568 4703 ἐλεύθερος,
3604 4635 3921 4701 εὐχαριστῶ
3953 4651 4050 4693 σο·,

2482 4727 2651 4795 Κύριε
2685 4728 2711 4778 ὀ
2758 4727 2888 4787 θεός
2922 4744 3045 4797 μου,
3078 4728 3158 4777 ὅτι
3216 4741 3283 4790 με
3341 4724 3691 4793 κατηξίωσας
3732 4726 3803 4776 τὰ
3856 4727 3928 4777 σά
3980 4726 4052 4776 σοὶ

2088 4832 2103 4869 :
2146 4826 2199 4867 et
2230 4816 2372 4883 quod
2409 4816 2448 4868 Ι)
2480 4820 2866 4889 προσενεγκεῖν
2891 4834 2903 4846 ·
2934 4820 3028 4870 καὶ
3059 4818 3180 4885 μηδ’
3222 4814 3400 4869 ὁτιοῦν
3434 4815 3562 4869 ἄλλο
3597 4832 3685 4883 μοι
3715 4815 3813 4866 νῦν
3846 4816 3924 4883 τῷ
3961 4816 4050 4883 ῥίῳ

2486 4911 2900 4981 περιλειφθῆναι
2946 4911 3026 4962 ὅτι
3079 4909 3154 4980 μὴ
3185 4908 3366 4978 τρίτον
3406 4907 3766 4974 νομίσματος,
3820 4908 3959 4978 ὅπερ
3996 4910 4050 4971 δὴ

2486 5003 2579 5053 καὶ
2606 5002 2737 5054 αὐτο
2768 5004 2881 5062 τοῖς
2910 5000 3103 5067 πένησι
3138 5001 3245 5060 τοῖς
3275 5000 3331 5051 ἐν
3362 4997 3583 5067 Χριστῷ
3640 4998 3893 5065 ἀδελφοῖς

2484 5091 2703 5157 δοθῆναι
2750 5090 2975 5144 κελεύω.
3007 5090 3136 5141 Ὂτε
3187 5090 3291 5158 γάρ
3327 5090 3469 5141 κατά
3519 5087 3655 5140 Θεοῦ
3712 5090 4052 5158 συγχὼρίσεν

2498 5183 2894 5252 Ἀλεξανδρέων
2921 5182 3216 5244 ἐπίσκοπος
3246 5181 3608 5252 προεϐλήθην,
3640 5185 3769 5251 περὶ
3790 5185 3886 5245 τάς
3912 5186 4053 5235 ὀκτα-

2487 5275 2750 5344 κισχιλίας
2781 5275 2874 5327 τοῦ
2928 5276 3148 5344 χρυσίου
3182 5274 3368 5345 λίτρας
3401 5277 3456 5326 ἐν
3486 5275 3561 5343 τῷ
3590 5277 3937 5342 ἐπισκοπείῳ
3965 5293 4049 5341 μίν

2484 5366 2647 5431 οὔσας
2672 5368 2920 5438 ἐφεῦρον,
2956 5370 3021 5421 ἐκ
3052 5370 3416 5438 προσαγωγῆς
3451 5368 3508 5420 δὲ
3538 5368 3807 5436 φιλοθέων
3870 5387 4050 5437 pug/.5-

2485 5460 2686 5512 πλάσια
2712 5460 2916 5513 τούτων
2947 5462 3254 5530 συνήγαγον
3286 5464 3573 5529 χρήματα·
3614 5460 3646 5512 ἃ
3689 5462 3783 5512 τοῦ
3825 5460 4050 5529 Χριστοῦ

2486 5548 2612 5601 ὄντα
2644 5551 2944 5618 γινώσκων,
3000 5552 3221 5621 Χριστῷ
3279 5554 3372 5604 καὶ
3414 5550 3596 5603 δοῦναι
3648 5550 4049 5632 προεθ.ειήθήν.

2481 5633 2633 5707 ᾧπερ
2670 5642 2764 5694 νῧν
2793 5646 2879 5695 καὶ
2924 5644 3018 5712 τὴν
3037 5643 3216 5711 ψυχὴν
3258 5641 3619 5709 παραδίδωμ’.
3669 5640 3859 5695 Ταῦτα
3894 5644 4049 5698 02:1..-
