4148 6486
749 436 857 504 963

1989 423 2271 486 ΜΕΝὲΙὸ
2300 417 2763 482 JANUARIUS.

3910 408 4012 470 964

831 546 1104 602 LXXVIII.
1150 543 1271 598 “me
1307 542 1517 607 dicens,
1551 551 1605 596 et
1635 542 1739 596 alia
1782 539 1864 594 his
1901 539 2122 601 similia,
2159 537 2331 590 tribus

2506 531 2632 585 Ου’.
2688 528 2874 584 Ταῦτα
2930 528 3023 579 καὶ
3075 524 3211 578 ἄλλα
3245 522 3452 575 τούτων
3489 522 3716 576 πλείονα
3755 523 4008 586 λέγουσα,

753 641 944 696 diebus
991 647 1044 691 et
1098 635 1316 690 totidem
1370 632 1618 686 noctibus
1653 631 1973 684 venerandae
2007 629 2125 698 ejus
2155 642 2330 694 capsa:

753 730 974 792 assedit,
1004 737 1058 783 et
1082 729 1144 794 (ο
1168 726 1259 779 Dei
1294 724 1621 790 miracula!)
1646 723 1834 775 ultima
1860 732 2019 776 nocte
2051 721 2329 788 egreditur

753 838 781 873 e
799 835 959 886 capsa
988 819 1068 872 vir
1094 817 1182 871 ille
1205 814 1538 870 admirabilis
1568 813 1727 868 simul
1745 829 1864 868 cum
1897 813 1979 876 iis,
2005 812 2093 880 qui
2119 826 2238 865 cum
2265 825 2330 864 eo

747 913 1026 982 jacebant,
1059 910 1326 980 episcopis
1372 907 1656 979 (ejusmodi
1691 907 1832 962 enim
1887 914 2005 960 erat
2054 905 2144 969 id,
2185 903 2329 972 quod

753 1005 1105 1072 apparebat),
1140 1011 1192 1056 et
1219 1000 1266 1054 ei
1302 999 1441 1052 dixit
1473 1015 1488 1053 :
1535 999 1844 1068 Quousque,
1890 1011 1922 1051 ο
1957 997 2170 1061 mulier,
2213 996 2326 1048 cla-

753 1112 911 1151 mans
950 1111 1008 1150 es
1045 1095 1111 1148 iis
1150 1093 1240 1162 qui
1276 1091 1364 1146 hic
1403 1101 1530 1146 sunt
1559 1090 1816 1158 molesta]?
1843 1088 2035 1142 Nostra
2065 1089 2208 1142 enim
2241 1103 2331 1142 ve-

748 1191 1001 1242 stimenta
1035 1185 1146 1254 jam
1179 1194 1284 1238 tua:
1328 1183 1714 1236 liumectarnnt
1768 1181 2050 1251 Iacrymaz,
2099 1178 2331 1235 ﬂuentes

752 1286 924 1335 lnstar
965 1279 1132 1330 ﬂuvii.
1173 1276 1306 1330 Cum
1355 1276 1473 1328 haec
1510 1274 1764 1337 dixisset,
1801 1274 1968 1326 tradit
2013 1272 2062 1326 ei
2099 1274 2330 1326 schedu-

754 1372 881 1437 lam,
911 1372 1050 1424 sicut
1083 1376 1224 1430 erat,
1256 1367 1324 1420 ab
1367 1366 1456 1420 illa
1487 1366 1852 1435 obsignatam.
1892 1364 2113 1430 Deinde,
2149 1368 2327 1432 Agnov

753 1465 931 1518 scisne
961 1463 1118 1523 hanc.
1165 1461 1322 1525 dixit,
1357 1475 1388 1514 ο
1439 1460 1670 1514 mulier?
1697 1459 1894 1528 Accipe
1933 1474 2083 1528 ergo,
2129 1466 2182 1512 et
2217 1457 2327 1525 jam

750 1557 968 1609 solvens
996 1555 1120 1608 vide
1158 1554 1248 1607 Dei
1280 1569 1440 1619 opera
1479 1552 1837 1605 admirabilia.
1864 1550 2000 1605 Cum
2030 1550 2116 1603 illa
2147 1559 2326 1603 autem

755 1650 1103 1707 surrexisset.
1133 1658 1187 1700 et
1225 1648 1289 1699 ad
1335 1661 1391 1699 se
1421 1646 1685 1708 rediissct,
1724 1643 1856 1696 vidit
1893 1642 2107 1711 quidem
2142 1657 2327 1696 rursus

756 1747 973 1790 sanctos
1020 1752 1172 1789 suam
1200 1750 1416 1803 capsam
1447 1736 1740 1805 ingressos,
1775 1733 1978 1787 habens
2002 1747 2133 1791 vero
2170 1735 2329 1786 sche-

751 1829 932 1882 dulam
969 1830 1020 1882 in
1055 1829 1321 1892 manibus,
1367 1829 1530 1881 illa:so
1562 1836 1812 1880 manente
1850 1826 2145 1893 signaculo.
2176 1823 2327 1890 Quod

750 1923 965 1990 quidem
1007 1935 1127 1974 cum
1172 1921 1453 1979 solvisset,
1481 1920 1713 1986 priorem
1756 1916 1973 1986 quidem
2006 1917 2328 1983 scripturam
2360 1894 2404 1952 Β

754 2014 959 2067 invenit
990 2013 1244 2076 deletam,
1281 2013 1510 2066 alienam
1548 2021 1726 2065 autem
1765 2010 1910 2063 videt
1942 2009 2173 2079 positam
2206 2007 2332 2061 sub-

757 2106 1104 2174 srriptionem
1129 2145 1145 2172 ,
1179 2121 1299 2176 quae
1339 2107 1417 2160 sic
1465 2106 1696 2160 habebat
1741 2122 1756 2165 ;
1803 2106 2030 2173 Propter
2069 2101 2329 2156 Joannem

755 2213 973 2251 servum
998 2213 1174 2252 meum
1200 2199 1433 2252 deletum
1458 2208 1538 2251 est
1570 2207 1714 2250 tuum
1747 2211 1995 2265 magnum
2026 2204 2328 2261 peceatum.

759 2289 1064 2344 Declarabit
1098 2302 1276 2344 autem
1312 2291 1361 2343 id
1393 2303 1606 2357 quoque
1629 2330 1644 2350 ,
1671 2288 1813 2357 quod
1857 2288 1922 2341 de
1948 2301 2013 2341 eo
2044 2287 2326 2340 dicendum

754 2392 861 2445 esu,
901 2392 1102 2448 quanta
1129 2391 1274 2435 esset
1317 2379 1415 2432 viri
1451 2381 1641 2444 virtus,
1671 2390 1726 2433 et
1753 2389 2014 2449 quantam
2041 2376 2333 2432 beatitudi-

753 2487 873 2524 nem
906 2486 966 2524 ex
997 2484 1058 2523 ea
1089 2471 1160 2523 sit
1193 2478 1496 2524 assecutus.

824 2561 1061 2616 LXXIX.
1094 2562 1222 2615 Nam
1267 2561 1347 2614 vir
1378 2562 1620 2630 quidam,
1651 2563 1867 2615 nomine
1903 2559 2156 2624 Sabinus,
2200 2571 2333 2615 tem-

753 2667 1009 2725 peranter
1037 2657 1326 2708 admodum
1351 2663 1404 2709 et
1436 2669 1466 2707 e
1505 2655 1701 2708 virtute
1730 2655 1938 2720 vivens,
1979 2656 2331 2708 monasticam

752 2759 807 2802 et
848 2764 875 2800 a
915 2747 1140 2818 negotiis
1172 2755 1431 2800 remotam
1469 2746 1632 2800 vitam
1669 2761 1928 2800 exercens
1971 2747 2332 2810 Alexandrize,

754 2839 887 2892 hora
921 2853 1025 2908 qua
1058 2838 1249 2892 beatus
1275 2835 1783 2900 decessitJoanues.
1820 2842 2043 2908 putabat
2067 2840 2336 2892 exsistens

755 2932 808 2982 in
844 2928 1039 2983 eestasi
1081 2942 1140 2982 se
1186 2943 1306 2982 eum
1359 2927 1540 2982 videre
1578 2941 1855 2998 egressum
1905 2943 1968 2981 ex
2024 2929 2332 2997 episcopatu

757 3037 879 3075 cum
914 3024 1165 3075 universo
1192 3020 1361 3084 clero,
1396 3021 1680 3074 habentem
1730 3020 1782 3073 in
1815 3034 1974 3072 manu
2009 3019 2334 3089 lampadem,

755 3123 810 3166 et
841 3113 945 3167 iter
976 3113 1041 3165 ad
1073 3128 1255 3183 regem
1304 3111 1718 3182 ingredientem,
1759 3111 1876 3164 viro
1904 3114 2134 3180 quodam
2161 3110 2337 3179 splen-

2431 626 2608 695 τρισὶν
2632 625 2867 696 ἡμέραις
2899 619 2992 676 καὶ
3027 620 3170 679 ῑσαις
3201 615 3316 678 νυξὶ
3347 619 3412 685 τῇ
3437 615 3595 684 τιμία
3623 615 3817 667 τούτου
3868 613 4008 681 copi;

2434 717 2792 788 προσήδρευε,
2827 715 2922 767 καὶ
2952 713 3017 783 (ὦ
3035 714 3144 766 τῶν
3172 711 3264 765 τοῦ
3294 711 3431 764 Θεοῦ
3449 708 3749 779 τεραστίων
3771 709 3811 774 l)
3845 705 4010 768 ἔξεισι

2435 810 2501 877 τῇ
2533 805 2820 876 τελευταίᾳ
2850 806 3006 858 νυκτὶ
3031 805 3129 872 τῆς
3156 803 3316 874 σοροῦ
3348 805 3375 855 ὁ
3405 802 3731 871 θαυμάσιος.
3763 799 3879 866 ἅμα
3899 800 4011 858 τοῖς

2434 899 2819 968 συγκειμένοις
2876 897 3025 968 αὑτῷ
3057 898 3211 950 δυσὶν
3241 884 3566 959 ἐπισκόποις
3607 892 3872 964 (τοιοῦτον
3905 893 4011 958 γάρ

2429 991 2497 1068 ἦν
2524 995 2583 1048 τὸ
2618 993 2988 1064 φαινόμενον),
3021 993 3115 1045 καὶ
3149 993 3285 1063 πρὸς
3316 991 3512 1059 αὐτὴν,
3561 989 3742 1058 Μέχρι
3772 989 3938 1048 τίνος,
3969 980 4013 1038 ὦ

2431 1089 2976 1158 γύναι,καταϐοῶσα,
3003 1088 3165 1158 φησὶ,
3188 1086 3255 1139 δι’
3274 1085 3433 1155 ὄχλου
3459 1087 3572 1147 τοῖς
3602 1083 3839 1136 ἐνταῦθα
3866 1084 4009 1151 τίνῃς

2433 1181 2763 1252 Διαδρόχους
2815 1180 2924 1246 γὰρ
2973 1179 3076 1250 ήδη
3125 1179 3221 1242 τὰς
3269 1179 3544 1248 ἡμετέρας
3577 1176 3773 1238 στολὰς
3810 1177 3879 1227 τὰ
3941 1176 4012 1226 σα

2432 1275 2734 1342 κατέστησε
2760 1273 2992 1341 δάκρυα,
3038 1273 3128 1325 ίσα
3166 1273 3262 1324 καὶ
3316 1273 3586 1340 ποταμοῖς
3642 1270 4006 1339 ἀπορρέοντα.

2431 1365 2618 1420 Ταῦτα
2649 1365 2820 1418 εἰπὼν
2849 1362 3144 1434 ἐγχειρίζει
3171 1365 3230 1416 τὸ
3257 1365 3638 1434 γραμματεῖον
3667 1362 3805 1431 αὐτῇ
3826 1361 4007 1430 ὥσπερ

2430 1454 2497 1530 ἦν
2524 1459 2615 1512 ὑπ’
2641 1459 2857 1526 ἐκείνης
2891 1457 3350 1529 ἐσφραγισμένον·
3383 1455 3526 1521 εἶτα,
3566 1455 4004 1522 Ἐπιγινώσκεις,

2431 1549 2605 1616 εἶπεν,
2637 1547 2681 1604 ὧ
2704 1553 2884 1619 γύναι,
2927 1554 3110 1617 τουτες
3147 1550 3292 1605 Λάϐε
3329 1548 3638 1618 τοιγαροῦν,
3689 1553 3782 1602 καὶ
3805 1550 4006 1601 λύσασα

2431 1642 2563 1696 Θεοῦ
2592 1644 2689 1698 θέα
2739 1643 2877 1713 ἔργα
2930 1644 3233 1711 παράδοξα.
3286 1644 3630 1695 Διαναστᾶσα
3665 1641 3796 1707 γοῦν
3831 1643 4007 1709 ἐκείνη

2431 1737 2524 1789 καὶ
2554 1735 2902 1805 ἁνανήψασα,
2949 1737 3079 1796 τοὺς
3117 1735 3214 1803 μὲν
3249 1736 3433 1802 ἁγίους
3480 1734 3822 1795 εἰσελθόντας
3855 1732 4006 1794 αὖθις

2432 1829 2510 1890 είς
2534 1829 2634 1898 τὴν
2663 1827 2843 1882 αὐτῶν
2873 1827 3046 1887 θήκην
3077 1827 3199 1896 ὁρᾷ·
3233 1827 3293 1878 τὸ
3312 1826 3366 1877 δὲ
3392 1829 3769 1897 γραμματεῖον
3801 1827 3859 1879 ἐν
3884 1841 4006 1893 χερ-

2437 1920 2519 1971 σίν
2552 1919 2748 1990 ἔχουσα
2784 1919 2880 1986 τῆς
2907 1919 3203 1988 σφραγῖδος
3245 1917 3488 1980 ἀπαθοῦς
3517 1918 3807 1988 μενούσης.
3835 1920 4006 1985 Ὅπερ

2435 2011 2499 2078 δὴ
2543 2012 2752 2063 λύσασα
2793 2012 2893 2079 τὴν
2931 2013 3028 2080 μὲν
3054 2012 3322 2080 προτέραν
3374 2009 3833 2079 ἀπαληλιμμένην
3886 2003 4007 2077 εὗρε

2435 2103 2676 2173 γραφὴν,
2711 2102 2869 2172 ξένην
2916 2103 2972 2155 δὲ
3021 2102 3344 2171 ὑπογραφὴν
3399 2102 3660 2169 κειμένην
3709 2101 3814 2168 ὁρᾷ
3851 2100 4004 2167 ἔχου-

2438 2210 2538 2248 σαν
2569 2193 2758 2254 οὕτως·
2793 2193 2892 2244 Διὰ
2930 2192 3182 2260 Ἰωάννην
3216 2193 3308 2243 τὸν
3337 2189 3522 2242 διῦλὸν
3556 2207 3657 2258 μου
3695 2189 4010 2257 ἐξήλειπταί

2438 2298 2528 2336 σου
2559 2284 2619 2336 τὸ
2655 2287 2795 2354 μέγα
2823 2285 3148 2354 ἁμάρτημα.
3178 2281 3420 2353 Δηλώσει
3446 2281 3501 2334 δὲ
3533 2282 3626 2332 καὶ
3655 2281 3714 2332 τὸ
3741 2280 3829 2332 ἐπ’
3865 2280 4009 2350 αὐτῷ

2433 2376 2848 2444 λεχθησόμενον,
2881 2379 2977 2445 ὅση
3010 2393 3067 2426 τε
3098 2377 3130 2445 ἡ
3161 2375 3250 2426 τοῦ
3286 2375 3476 2443 ἀνδρὸς
3508 2373 3705 2442 ἁρετὴ,
3741 2375 3838 2424 καὶ
3894 2374 4010 2433 οἵας

2436 2467 2593 2536 ἔτυχε
2623 2467 2720 2534 τῆς
2752 2467 2962 2519 ἐκεῖθεν
2991 2468 3416 2536 μακαριότητοςι

2506 2558 2624 2612 ΟΘ’.
2671 2560 2831 2628 Ἀνὴρ
2861 2559 2971 2628 γάρ
3032 2575 3113 2620 τις
3151 2559 3392 2627 τοῦνομα
3451 2557 3697 2621 Σαϐῖνος,
3728 2555 4015 2623 ἐγκρατῶς

2435 2653 2515 2704 ὅτι
2549 2650 2781 2719 μάλιστα
2815 2652 2920 2716 ζῶν
2949 2653 3044 2704 καί
3082 2652 3408 2722 φιλαρέτως,
3467 2651 3558 2703 τὸν
3592 2651 3894 2714 ἀσκητικὸν
3926 2652 4018 2700 καὶ

2437 2746 2769 2815 ἀπράγμονα
2803 2745 3003 2814 μετιὼν
3063 2749 3119 2798 ἐν
3161 2743 3542 2814 Ἀλεξανδρείᾳ
3573 2744 3709 2812 βίον,
3745 2743 3890 2794 κατὰ
3925 2744 4018 2810 τὴν

2437 2836 2588 2906 ὥραν
2619 2839 2713 2904 τῆς
2752 2838 2844 2890 τοῦ
2877 2838 3127 2909 μάκαρος
3182 2837 3464 2907 τελευτῆς,
3520 2840 3652 2907 όρᾷν
3685 2836 3855 2890 αὑτὸν
3884 2837 4021 2904 ᾤετο

2437 2931 2496 2980 ἐν
2525 2930 2779 2982 ἐκστάσει
2837 2932 3174 2998 γενόμενος,
3233 2930 3328 2982 τοῦ
3377 2932 3728 2987 ἐπισκοπείου
3768 2931 3867 2981 σὺν
3905 2930 4021 2996 ἆρα

2439 3021 2626 3090 κλήρῳ
2659 3022 2821 3074 παντὶ
2867 3023 3187 3087 ἐξελθόντα,
3226 3024 3484 3094 λαμπάδα
3527 3041 3586 3075 τε
3634 3023 3772 3091 μετᾶ
3833 3026 4021 3091 χεῖρας

2442 3113 2651 3180 ἔχοντα,
2683 3113 2777 3163 καὶ
2809 3113 2905 3179 τὴν
2938 3114 3164 3182 πορείαν
3192 3114 3265 3176 ὡς
3294 3115 3383 3166 τὸν
3416 3113 3638 3182 βασιλέα
3667 3113 4019 3179 ποιοῦμεν-ολ,

761 3207 1074 3271 didissinio,
1117 3207 1300 3260 habitu
1337 3204 1672 3260 cubiculario
1694 3245 1708 3268 ,
1747 3218 1868 3258 enm
1899 3214 2252 3267 accersente;
2286 3211 2337 3254 et

2443 3203 2630 3274 ἀνδρὸς
2664 3204 2824 3255 αὑτὸν
2848 3203 3230 3274 λαμπροτάτου
3268 3207 3407 3258 κατα
3443 3205 3626 3273 σχῆμα
3658 3205 4022 3256 κουὸικουλα-

762 3297 936 3365 puella
963 3299 1194 3366 quadam
1223 3298 1642 3366 speciosissima,
1671 3305 1729 3349 ut
1755 3296 1957 3350 diceret
1978 3297 2137 3349 etiam
2167 3296 2338 3363 ipsum

765 3389 932 3443 solem
967 3390 1016 3443 ei
1052 3391 1255 3457 primas
1281 3400 1462 3459 partes
1488 3390 1680 3444 cedere
1715 3391 1766 3442 in
1801 3387 2220 3458 pulchritudine,
2254 3387 2337 3440 cui

760 3491 878 3536 erat
914 3491 1080 3551 caput
1124 3481 1255 3536 olea:
1297 3497 1497 3537 corona
1561 3483 1905 3543 redimitum,
1951 3491 2005 3534 et
2053 3482 2340 3548 aliquando

760 3575 982 3642 quidem
1017 3587 1140 3627 eum
1171 3575 1507 3643 praecedente
1529 3613 1544 3637 ,
1575 3573 1864 3642 aliquando
1896 3583 2077 3626 autem
2121 3588 2337 3624 manum

765 3679 982 3734 quoque
1005 3674 1278 3736 tangente,
1305 3665 1463 3718 simul
1493 3665 1788 3718 incedente.
1825 3664 1959 3718 Cum
1991 3676 2169 3717 autem
2199 3664 2338 3716 diem

767 3759 1080 3812 adnotasset
1100 3759 1167 3824 is,
1200 3759 1291 3828 qui
1330 3758 1541 3812 viderat
1567 3758 1709 3825 (erat
1732 3773 1859 3811 vero
1882 3759 2139 3811 memoria
2175 3757 2341 3809 Mena:

769 3850 946 3918 magni
983 3848 1300 3918 martyris),
1353 3857 1478 3900 tunc
1525 3856 1704 3901 autem
1741 3849 2016 3902 venissent
2049 3846 2266 3912 quidam
2310 3861 2343 3899 ο

769 3940 970 4011 Cypro,
993 3940 1060 3993 ab
1092 3940 1221 4009 ipsis
1253 3940 1481 4006 accepit,
1519 3939 1661 4008 quod
1690 3938 1778 3991 illo
1809 3940 1923 4007 ipso
1956 3939 2062 4004 die,
2087 3953 2193 4006 quo
2227 3937 2342 3993 haec

767 4032 881 4086 visa
919 4037 1063 4095 sunt,
1098 4031 1335 4097 inclytus
1364 4028 1601 4085 Joannes
1629 4029 1863 4084 excessit
1885 4044 1949 4083 ex
1983 4030 2084 4084 hoc
2114 4030 2334 4086 mundo.

839 4298 1050 4353 LXXX.
1085 4298 1178 4352 Vir
1203 4301 1420 4368 quidam
1467 4301 1605 4356 alius
1635 4300 2063 4366 Alexandrinus,
2102 4304 2189 4372 qui
2223 4314 2342 4356 erat

772 4392 884 4458 ipse
913 4407 1127 4460 quoque
1157 4409 1219 4445 ex
1262 4394 1348 4458 iis,
1390 4396 1478 4462 qui
1514 4405 1638 4449 sunt
1672 4396 1869 4464 pietate
1911 4398 2174 4465 insignes,
2212 4399 2343 4450 vidit

771 4500 832 4538 ea
883 4484 998 4550 ipsa
1037 4495 1192 4539 nocte
1239 4500 1467 4539 examen
1504 4501 1796 4554 pauperum
1845 4499 1896 4542 et
1947 4490 2338 4542 multitudinem

2444 3295 2559 3363 ρίου
2599 3297 3140 3364 μετακαλεσαμένου,
3179 3297 3346 3366 κόρης
3391 3297 3449 3349 τέ
3485 3312 3630 3357 τινος
3663 3297 3875 3363 σφόδρα
3931 3298 4020 3363 τὴν

2440 3385 2590 3454 ὦρ-ιν
2621 3387 3001 3456 περικαλλοῦς,
3021 3387 3095 3450 ὼς
3119 3390 3210 3439 καὶ
3239 3388 3400 3440 αὑτὸν
3427 3389 3590 3456 φάναι
3620 3388 3709 3439 τὸν
3733 3389 3888 3455 ἥλιον
3921 3390 4023 3437 τῶδ

2443 3479 2723 3547 πρωτείων
2778 3480 2912 3548 αὐτῇ
2973 3480 3064 3531 τοῦ
3125 3480 3353 3540 κάλλους
3411 3482 3781 3550 παραχωρεῖν,
3841 3481 4023 3539 ἐλαίας

2444 3574 2692 3640 στεφάνῳ
2725 3573 2823 3640 τὴν
2862 3574 3105 3643 κεφαλὴν
3142 3574 3521 3643 ἐστεμμένης,
3581 3577 3674 3626 καὶ
3729 3577 3861 3627 ποτέ
3931 3578 4025 3644 μέδ

2442 3663 2843 3731 προοδευούσης
2874 3663 3061 3727 αὑτοῦ,
3103 3665 3230 3716 ποτέ
3263 3665 3317 3716 δὲ
3350 3665 3567 3733 καὶτῆς
3622 3665 3805 3734 χειρὸς
3859 3667 4024 3716 ἁπτο-

2445 3755 2616 3824 μένης
2647 3755 2741 3806 καὶ
2794 3758 3302 3824 συμπορευομένης.
3350 3756 3461 3826 Τὴν
3490 3757 3705 3825 ἡμέραν
3734 3755 3829 3808 οῦν
3863 3759 3890 3807 ὁ
3921 3757 4024 3808 ἐω-

2446 3844 2626 3913 ρακὼς
2654 3846 3137 3914 ἐπισημηνάμενος
3193 3848 3263 3917 (ἡ
3315 3849 3504 3916 μνήμη
3533 3847 3588 3898 δὲ
3623 3843 3690 3916 ἦν
3725 3848 3898 3917 Μηνᾶ
3932 3847 4025 3899 τοῦ

2445 3937 2978 4009 μεγαλομάρτυρος),
3014 3937 3133 3990 ἐπεί
3190 3955 3334 4001 τινες
3369 3938 3556 4007 ἔτυχον
3605 3941 3726 3991 τότε
3776 3941 3879 4008 τῆς
3912 3941 4027 3992 Κύ-

2443 4044 2582 4096 πρου
2607 4027 2951 4096 ἐληλυθότες,
2985 4028 3188 4097 ἔμαθεν
3219 4030 3349 4099 παρ’
3387 4030 3564 4082 αὐτῶν
3593 4030 3667 4092 ὡς
3698 4029 3824 4082 κατ’
3859 4033 4028 4098 αὐτήν

2442 4120 2658 4190 ἐκείνην
2683 4120 2782 4191 τὴν
2812 4121 3046 4190 ἡμέραν,
3065 4122 3152 4174 ὅτε
3173 4121 3346 4174 ταῦτα
3375 4121 3585 4191 ώράθη,
3618 4127 3708 4174 καὶ
3740 4124 3835 4174 τὸν
3862 4124 4026 4182 ἀοίδι-

2446 4229 2545 4280 μον
2581 4211 2833 4280 Ἰωάννην
2864 4212 3100 4280 ἔκδημον
3132 4211 3383 4277 γενέσθαι
3409 4212 3516 4263 τῶν
3546 4213 3886 4280 ἐγκωμίων.

2517 4301 2594 4355 n'.
2632 4303 2855 4371 Ἐτερός
2884 4319 2966 4361 τις
2995 4303 3133 4370 ἀνὴρ
3174 4301 3568 4372 Ἀλεξανδρεὺς,
3596 4304 3690 4355 καὶ
3720 4305 3885 4366 αὐτὸς
3921 4306 4026 4355 τῶν

2444 4394 2529 4445 ἐπ’
2581 4395 2834 4463 εὐσεϐείᾳ
2880 4395 3242 4462 περιὸοήτιυν,
3303 4394 3450 4462 ἐώρα
3511 4397 3650 4446 κατὰ
3705 4398 3804 4460 τὴν
3853 4400 4026 4465 αὶτῂν

2443 4487 2613 4538 νύκτα
2667 4487 2870 4554 σμῆνος
2938 4489 3213 4554 πενήτων,
3260 4486 3460 4552 πλῆθός
3508 4503 3565 4537 τε
3615 4488 3874 4554 ὀρφανῶν
3935 4495 4027 4540 καὶ

772 4577 1134 4642 ςστμιιειειοτυιιι
1169 4587 1223 4630 et
1258 4577 1557 4641 viduarum,
1592 4594 1712 4646 qua:
1741 4595 1964 4632 numero
1997 4596 2100 4632 non
2135 4589 2337 4646 poteral

2448 4576 2630 4644 χηρῶν
2659 4576 2776 4627 οὐδὲ
2809 4575 3027 4644 ἀριθμῷ
3057 4576 3491 4644 λαμϐανόμενον,
3531 4577 3759 4639 κλάδους
3797 4581 3856 4630 ἐν
3899 4599 4025 4648 χερ-

776 4664 1188 4726 coinprehendi,
1233 4665 1512 4719 habentem
1556 4668 1606 4720 in
1649 4670 1899 4722 manibus
1943 4684 2122 4722 ramos
2173 4671 2342 4723 oliva-

773 4765 914 4815 rum,
956 4762 1012 4806 et
1058 4756 1448 4820 praecedentem
1477 4761 1843 4824 patriarcham
1887 4774 2104 4814 euntem
2147 4762 2209 4816 ad
2252 4777 2344 4831 sy-

776 4847 978 4896 naxim.
1029 4843 1312 4900 SulIiciunt
1364 4850 1476 4902 haec
1534 4851 1840 4904 testimonia
1883 4854 2132 4906 maxime
2169 4855 2342 4922 magni

775 4932 1001 4988 Joannis
1053 4939 1118 4990 ad
1159 4937 1323 4992 Deum
1372 4941 1598 4995 ﬁduciae.
1635 4943 1786 5007 Quod
1835 4955 2016 4997 autem
2049 4956 2132 4999 est
2177 4950 2346 4998 maxi-

777 5041 959 5092 mum,
1003 5037 1058 5081 et
1103 5041 1253 5083 caret
1299 5032 1444 5085 onmi
1487 5033 1821 5088 dubitatione
1875 5052 1887 5088 :
1937 5036 2346 5091 celebrabantur

779 5123 1152 5175 anniversaria
1201 5124 1373 5191 magni
1413 5134 1468 5178 et
1514 5126 1906 5180 admirabilium
1956 5143 2178 5196 operum
2217 5129 2346 5182 effe-

780 5213 944 5264 ctoris
982 5210 1252 5281 Tychonis
1290 5229 1304 5267 z
1346 5214 1542 5268 deinde
1569 5231 1690 5268 cum
1725 5230 2070 5284 perageretur
2101 5220 2166 5273 de
2200 5235 2347 5276 more

783 5300 1096 5368 hynmodia,
1129 5313 1184 5356 et
1222 5304 1381 5356 simul
1414 5314 1554 5358 esset
1587 5318 1912 5375 congregata
1944 5308 2121 5378 populi
2167 5310 2348 5363 multi-

785 5393 932 5456 tudo,
977 5394 1116 5446 Deus
1151 5395 1572 5461 admirabilium,
1605 5399 1787 5453 volens
1820 5411 2068 5468 apertum
2103 5404 2345 5465 reddere,

782 5497 1034 5550 quantam
1077 5486 1241 5539 fuerit
1273 5490 1410 5557 apud
1461 5504 1585 5544 eum
1637 5491 1863 5559 gloriam
1908 5503 2228 5548 consecutus
2271 5495 2347 5557 is,

782 5575 872 5641 qui
913 5579 1085 5630 luerat
1114 5579 1231 5647 ejus
1275 5579 1620 5649 benignitatis
1641 5620 1657 5646 ,
1688 5585 1865 5652 quoad
1907 5585 2027 5653 ejus
2054 5583 2167 5639 ﬁeri
2198 5596 2347 5654 pote-

787 5680 889 5730 rat.
940 5673 1240 5735 mniulator,
1295 5673 1566 5740 Joannes,
1611 5677 1874 5745 inquam,
1915 5679 2007 5747 qui
2051 5693 2347 5749 cognomen

786 5765 991 5829 accepit
1047 5779 1074 5815 a
1108 5766 1518 5835 misericordia;
1551 5771 1732 5824 woluit
1785 5781 1840 5824 ut
1886 5787 1949 5826 ex
1991 5774 2109 5841 ejus
2155 5770 2349 5826 divinis

790 5857 1029 5927 reliquis
1079 5860 1291 5927 copiosa
1334 5863 1660 5918 scaturirent
1712 5876 2011 5936 unguenta,
2050 5864 2346 5919 eminentia

2447 4669 2528 4718 σὶν
2565 4668 2783 4736 ἔχοντας
2815 4667 3030 4731 ἐλαιῶν,
3083 4669 3174 4718 καὶ
3223 4668 3315 4719 τοῦ
3352 4671 3690 4737 πατριάρχου
3737 4672 3868 4740 πρὸς
3929 4677 4026 4742 τὴν

2448 4760 2668 4823 σύναξιν
2735 4761 2988 4822 ἀπιόντος
3045 4760 3206 4827 δῆθεν
3236 4761 3431 4823 αὐτοὺς
3485 4764 4022 4831 προπορευομένους.

2462 4850 2650 4904 Ἱκανὰ
2674 4849 2844 4902 ταῦτα
2885 4851 3163 4921 μαρτύρια
3190 4851 3285 4920 τῆς
3323 4854 3582 4921 μεγίστης
3634 4854 3725 4905 τοῦ
3782 4857 4024 4923 μεγάλου

2447 4943 2578 5013 πρὸς
2611 4943 2742 4993 Θεὸν
2775 4943 3105 5013 παρρησίας.
3132 4943 3205 4994 Τὸ
3236 4943 3291 4994 δέ
3327 4960 3386 5010 γε
3421 4944 3603 5010 μεῖξον
3659 4945 3752 4996 καὶ
3783 4948 4029 5013 amase-

2448 5035 2602 5088 6ολον
2624 5074 2638 5099 ,
2681 5035 2939 5102 παννυχὶς
2996 5033 3229 5085 ἐτελεῖτο
3268 5034 3498 5103 λαμπρὰ
3522 5035 3621 5102 τῆς
3653 5035 3862 5099 διετοῦς
3889 5057 3960 5105 μν
3975 5059 4029 5105 ς-

2451 5147 2558 5197 μης
2584 5129 2677 5180 τοῦ
2709 5128 2940 5194 μεγάλου
2975 5129 3066 5179 καὶ
3090 5127 3511 5197 θαυματουργοῦ
3557 5128 3812 5197 Τυχωνος
3833 5146 3846 5156 ·
3906 5128 4030 5186 εἶτα

2446 5217 2544 5283 τῆς
2577 5217 2633 5280 ἐξ
2674 5215 2827 5276 ἔθους
2871 5216 3302 5284 ἐπιτελουμένης
3341 5217 3610 5284 ὑμνῳδίας
3667 5235 3759 5268 και
3798 5219 3894 5286 τῆς
3932 5222 4028 5272 το]

2448 5309 2575 5362 λαοῦ
2614 5307 2849 5376 πληθύος
2883 5309 2973 5359 ἐπὶ
3001 5307 3063 5359 τὸ
3090 5308 3221 5360 αὐτὸ
3261 5310 3627 5378 συνηγμένης,
3678 5312 3706 5360 ὁ
3737 5311 3845 5361 τῶν
3896 5311 4028 5363 θαυ-

2454 5402 2660 5470 μασίων
2689 5402 2819 5464 Θεὸς
2850 5400 3097 5470 ἐπίδηλον
3122 5400 3310 5452 θέσθαι
3339 5401 3689 5470 βουλόμενο;,
3715 5405 3833 5466 οἵας
3863 5404 4024 5471 ἔτυχε

2449 5495 2546 5561 τῆς
2580 5492 2901 5562 παράὖτοῦ
2946 5493 3102 5561 δόξης
3156 5495 3183 5544 ὁ
3235 5497 3334 5562 τῆς
3385 5493 3550 5545 αὑτοῦ
3613 5496 4030 5564 φιλανθρωπίας

2454 5585 2592 5636 κατά
2618 5600 2679 5650 γε
2709 5586 2769 5634 τὸ
2804 5584 3032 5634 δυνατὸν
3089 5583 3359 5652 ζηλωτὴς,
3392 5587 3419 5635 ὁ
3449 5584 3540 5636 τοῦ
3583 5586 3794 5648 ἐλέους,
3856 5595 4026 5656 φημὶ,

2452 5680 2735 5747 ἐπώνυμος
2780 5677 3052 5743 Ἰωάννης,
3092 5677 3350 5745 εῦδόκησε
3403 5677 3493 5728 το]
3528 5676 3671 5728 θείου
3711 5680 3877 5730 αὑτοῦ
3921 5681 4030 5730 λιιι

2451 5771 2620 5840 ψάνου
2664 5770 2811 5840 μύρα
2843 5770 3037 5839 δαψιλῆ
3092 5770 3302 5838 βλύσαι,
3357 5771 3584 5823 εὐωδίαν
3639 5772 3838 5823 licata»
3886 5774 4027 5824 άτεοο

2455 5865 2761 5930 πέμπονταο
2811 5854 2884 5916 ὧν
2923 5863 2972 5913 οί
3028 5861 3430 5932 παρατυχόντες
3483 5868 4028 5935 κατατρυςὲίσαντεςι
