4148 6486
157 412 266 481 955
1470 410 1642 469 \‘lT.\
1687 411 1746 472 s.
1791 412 2121 474 ηλιιινιηιξ.
3312 411 3417 475 966

158 532 308 598 κοινῇ
359 528 451 580 τὸν
505 525 635 579 Θεὸν
694 524 786 577 τὸν
834 522 974 575 οὕτω
1023 521 1150 584 τοὺς
1183 520 1506 585 δοξάζοντας
1568 522 1734 575 aut?»
1771 534 1796 585 Α

1780 534 1806 585 Α
1842 526 2242 579 suaveolentent
2275 525 2496 579 odorem
2534 526 2896 579 curationum.
2933 525 3139 593 Quibus
3178 524 3418 581 frui-ntes

156 619 335 689 πολλῷ
374 618 449 686 τῷ
502 617 706 669 πλείονι
751 614 1041 678 δοξάζοντα
1076 614 1426 683 εὐχαρίστως
1473 611 1734 678 ἐδόξασαν

1832 616 1922 683 qui
1958 619 2008 669 itt
2041 632 2103 667 ea
2132 616 2454 678 inciderant,
2489 622 2851 671 communiter
2882 616 3070 675 Deum.
3099 620 3189 687 qui
3217 619 3294 672 sic
3319 636 3416 673 eus

156 714 413 781 χείλεσιν.
444 704 514 779 ᾯ
533 710 626 761 καὶ
648 709 792 777 ἡμᾶς
816 707 913 775 τὴν
948 706 1333 772 προσήκουσαν
1383 705 1734 773 προσοιστέον

1833 707 1920 774 qui
1959 706 2131 774 ipsum
2165 708 2467 775 gloriﬁi-attt
2505 708 2659 777 longe
2691 709 2918 776 amplius
2951 710 3215 776 gluriticat
3242 750 3257 775 ,
3288 725 3415 777 gra-

155 802 525 870 εὑχοιριστίαν,
550 797 871 863 δοξάζοντας
898 795 1137 863 Πατέρα,
1166 795 1260 846 καὶ
1293 792 1436 855 Υἱὸν,
1460 794 1551 845 καὶ
1580 792 1735 862 ἅγιον

1834 798 1903 853 tis
1964 798 2130 854 labris
2185 800 2579 866 gloriiicaruut.
2629 799 2727 855 Cui
2789 816 2884 853 nos
2936 816 3149 868 quoque
3200 809 3416 869 oportet

156 895 406 963 Πνεῦμα,
443 894 538 962 τὴν
571 892 698 961 μίαν
726 893 782 941 ὲν
806 888 955 959 τρισὶ
986 886 1219 957 Θεό-ιητά
1253 903 1309 938 τε
1346 886 1442 938 καὶ
1484 887 1733 955 δύναμιν,

1832 906 1992 957 quam
2027 895 2277 944 convenit
2311 891 2502 946 tilTel‘re
2536 892 3008 957 gltiriﬂt'atiotiettt,
3042 892 3411 959 gloriﬁcantes

156 986 248 1037 νῦν
281 988 373 1037 καὶ
396 987 483 1039 ἀεὶ
514 985 607 1037 καὶ
632 985 713 1047 εἰς
748 984 872 1045 τοὺς
901 980 1106 1043 αἰῶνας
1135 980 1241 1035 τῶν
1269 980 1500 1036 αἰώνων.
1555 983 1732 1052 Αμήνο

1835 980 2074 1044 Patrem,
2109 992 2156 1034 ei
2196 978 2414 1044 Filium,
2452 992 2505 1034 et
2548 983 2806 1047 Spiritum
2835 991 3113 1044 sanctum,
3164 996 3324 1032 uuam
3362 981 3411 1031 iit

1850 1072 2018 1127 tribus
2043 1072 2379 1127 divinitatem
2413 1084 2458 1127 et
2494 1074 2814 1143 potentiam,
2861 1090 3001 1128 nunc
3038 1084 3091 1128 et
3122 1088 3330 1142 semper
3365 1082 3418 1127 ct

1843 1166 1894 1219 iii
1927 1166 2119 1218 smcula
2156 1166 2497 1218 suat-ulmum.
2550 1167 2743 1219 Amen.

1880 1368 3395 1400 Μ

946 1390 1593 1400 ‘-—_—.———-——-——————.

1045 1570 1226 1680 DE
1317 1569 1879 1682 SANCTO
1967 1567 2527 1681 BABYLA

1376 1788 1715 1846 EPISCOPO
1754 1787 2200 1846 ANTIOCHENO

484 1951 581 2011 ET
609 1951 955 2026 URBANO,
1006 1950 1505 2021 PlllLlDIANO,
1558 1948 1991 2021 EPOLONIO,
2042 1951 2346 2026 PUERIS,
2395 1952 2573 2015 EJUS
2632 1954 3086 2017 DISCIPULIS.

909 2114 1120 2177 (Surculo
1141 2128 1213 2174 ιιι,
1235 2112 1452 2164 Januarii
1482 2112 1562 2164 2L
1586 2138 1644 2150 -
1676 2115 1795 2166 Acta
1823 2116 1915 2164 SS.
1953 2113 2177 2164 Bollmnt.
2203 2115 2264 2165 ad
2288 2116 2410 2165 hanc
2430 2117 2563 2166 diem
2585 2117 2676 2178 ta).

1755 2290 1811 2309 μ

224 2448 660 2504 Celeberrimum
698 2444 757 2502 S.
792 2444 1007 2516 Babyls:
1041 2445 1280 2517 cpiscOpi
1316 2460 1511 2501 nomen
1534 2486 1548 2507 ,
1587 2441 1891 2513 praesertim
1939 2449 2057 2509 post
2105 2438 2492 2509 triumphatam
2527 2438 2804 2509 Apostata:
2848 2440 3045 2497 Juliani
3082 2444 3410 2515 impietatem

150 2536 531 2605 indictumque
576 2535 910 2603 Dapliniticis
944 2534 1180 2589 oraculis
1214 2534 1508 2588 silentium.
1543 2531 1779 2585 Diversis
1812 2532 2017 2593 diebus,
2052 2540 2107 2582 tit
2146 2532 2344 2597 passim
2380 2528 2711 2591 multorum,
2742 2532 3038 2598 ascriptum
3073 2544 3156 2586 est
3188 2533 3405 2591 Fastis:

149 2623 362 2678 Graecis
390 2623 562 2691 pridie
600 2620 781 2675 Nonas
818 2621 1187 2691 Septembris,
1230 2621 1489 2673 Romanis
1532 2635 1581 2672 ix
1625 2617 1747 2672 Kal.
1810 2616 2113 2670 Februarii.
2152 2616 2230 2667 Att
2263 2616 2401 2667 alter
2431 2616 2720 2685 martyrio,
2764 2618 3102 2672 translationi
3146 2620 3284 2673 alter
3324 2621 3411 2674 ili-

152 2721 309 2763 catus
340 2709 435 2773 sit,
484 2708 679 2778 ambigi
709 2718 879 2778 potest
913 2727 927 2763 :
968 2717 1061 2761 aut
1091 2709 1268 2761 dUOlte
1299 2707 1498 2762 fuerint
1538 2707 1751 2776 Baliylae
1791 2704 2084 2758 antiStitcs.
2126 2703 2262 2768 Quid
2292 2711 2521 2768 utroque
2566 2703 2650 2754 die
2700 2701 3081 2775 Martyrologia
3116 2706 3179 2758 de
3213 2706 3409 2776 Babylo

151 2799 475 2867 praedicent,
508 2811 668 2866 quem
697 2794 971 2864 Babyllam
1000 2809 1231 2865 quoque,
1260 2794 1558 2863 Babyllum,
1588 2793 1858 2855 Babilam,
1899 2802 1949 2846 et
1979 2790 2246 2843 Babillum
2280 2789 2574 2858 appellant,
2606 2789 2869 2845 dicamus.
2911 2786 3080 2845 Vetus
3112 2790 3414 2847 Romanum

150 2898 179 2938 a
220 2884 528 2953 “02WR‘Yti0
561 2883 765 2936 editum
800 2900 813 2937 :
850 2900 867 2933 t
909 2882 1210 2937 Antiochiae
1240 2882 1298 2937 S.
1335 2883 1548 2952 Babylm
1580 2883 1839 2950 episcopi.
1873 2898 1891 2932 ι
1929 2878 2025 2931 Ms.
2061 2877 2119 2930 S.
2152 2875 2464 2948 Hieronymi
2499 2895 2515 2930 τ
2560 2894 2578 2927 t
2618 2877 2917 2932 Antiochia:
2939 2878 3135 2935 Babiite
3171 2880 3418 2950 eplscopt

152 2986 273 3026 cittn
314 2972 491 3025 tribus
521 2970 776 3037 parvulis.
819 2988 838 3021 ι
872 2967 1029 3024 Paria
1062 2971 1113 3024 itt
1140 2971 1323 3025 multis
1349 2972 1564 3025 excusis
1596 2986 1659 3025 ac
1695 2986 1851 3025 manu
1883 2969 2120 3023 exaratis
2150 2968 2425 3036 leguntur.
2457 2966 2732 3023 Usuartlus
2766 2987 2781 3023 :
2814 2985 2834 3019 t
2876 2970 3030 3038 Apud
3062 2971 3409 3025 Antiochiam

155 3060 355 3112 natalis
400 3058 457 3111 S.
491 3056 690 3111 B..bila:
724 3057 984 3126 episc0pi,
1019 3057 1110 3127 qui
1157 3062 1534 3128 persecutione
1571 3056 1738 3123 Decii,
1778 3069 2128 3128 posteaquam
2165 3056 2475 3127 frequenter
2513 3058 2855 3126 passionibus
2885 3060 2998 3114 suis
3034 3074 3097 3115 ac.
3141 3062 3415 3116 cruciati-

153 3150 250 3202 bus
282 3146 686 3216 gloriiicaverat
716 3144 1026 3209 Dominum,
1056 3147 1304 3215 gloriosa:
1331 3146 1455 3199 vita:
1498 3144 1657 3198 ﬁnem
1686 3156 1770 3199 est
1809 3149 2035 3202 sortitus
2074 3151 2125 3202 iit
2160 3147 2411 3201 vinculis.
2452 3146 2783 3202 Κεῖοι-ωηατ
2809 3150 2974 3202 etiam
3010 3151 3153 3217 passi
3184 3166 3307 3205 cum
3349 3166 3416 3206 eo

150 3243 261 3290 tres
304 3235 544 3303 parvuli,
579 3235 629 3287 id
667 3245 771 3299 est,
805 3233 1077 3295 Urbanus,
1108 3234 1416 3289 Prilidanus
1452 3246 1505 3289 et
1535 3233 1846 3303 Epolonius.
1886 3253 1904 3285 ι
1944 3235 2142 3289 Eadem
2192 3234 2303 3287 fere
2331 3233 2775 3304 Martyrolotgium
2808 3236 3131 3303 Romanum,
3154 3236 3416 3304 Bellinus,

153 3324 306 3377 Viola
346 3322 450 3376 SS.
488 3322 599 3377 MS.
634 3321 959 3385 Florarium,
996 3322 1248 3376 Cauisins
1282 3321 1500 3391 aliique.
1533 3322 1668 3385 Ado,
1699 3321 1834 3375 Beda
1862 3323 2128 3391 vulgatus,
2167 3322 2413 3377 Mulanus
2445 3313 2495 3374 in
2530 3323 2698 3379 addit.
2731 3324 2797 3376 ad
2838 3321 3165 3388 Usuardutn,
3195 3326 3261 3378 ad
3299 3327 3420 3381 elo-

152 3415 297 3481 gimn
323 3426 391 3463 cx
430 3408 678 3464 Usuardo
704 3409 814 3477 jam
848 3408 1154 3471 recitatum,
1189 3408 1450 3474 adjiciunt
1481 3423 1541 3461 ex
1597 3408 1804 3462 lluilino
1830 3409 1970 3463 haud
2007 3425 2174 3475 pauca
2205 3410 2274 3463 de
2315 3409 2630 3477 triumphali
2663 3425 2691 3463 e
2728 3408 2949 3478 Daphne
2985 3414 3411 3469 trausvcctioue.

151 3500 384 3569 Attingit
420 3515 537 3552 eam
576 3499 813 3553 breviter
838 3496 1108 3553 Nutkcrtts
1133 3507 1185 3550 et
1216 3495 1486 3553 Canisius.
1514 3496 1692 3567 Agunt
1720 3500 1784 3550 de
1810 3514 1873 3551 eo
1907 3514 2120 3567 quoque
2158 3498 2516 3568 Maurolycus,
2560 3498 2837 3558 (labantis.
2870 3498 3319 3566 Wantlalhertus,
3351 3520 3415 3557 ac

152 3593 338 3643 αξιοι-ι
370 3588 570 3642 Latini.
610 3587 673 3640 Et
699 3585 896 3641 colitur
926 3586 979 3639 in
1010 3586 1331 3653 quibusdam
1356 3587 1604 3640 ecclesiis
1632 3584 1804 3641 cilicio
1832 3590 1994 3639 trium
2022 3586 2331 3650 lectionum,
2358 3586 2411 3639 iti
2439 3587 2561 3641 aliis
2593 3586 2819 3641 omnino
2851 3588 3105 3653 solemni,
3136 3605 3193 3642 ut
3220 3589 3415 3647 Medio'

154 3680 259 3731 lani
301 3696 315 3729 :
350 3677 477 3729 alibi
512 3691 634 3729 cum
670 3675 846 3729 olIicio
880 3676 945 3728 de
978 3674 1034 3727 S.
1072 3672 1357 3729 'l‘imotbeo
1388 3675 1445 3728 lit
1475 3676 1542 3729 de
1572 3690 1636 3729 eo
1667 3674 2140 3728 commemoratio.

228 3763 407 3819 Gratci
440 3778 492 3816 iv
556 3760 892 3831 Septembris
924 3776 1044 3816 eum
1075 3762 1369 3817 celebrant.
1401 3762 1478 3816 lia
1513 3762 1873 3832 Antltologion
1910 3777 1939 3814 a
1975 3761 2251 3816 Clemente
2307 3778 2399 3817 rm
2445 3764 2802 3831 approbatum
2844 3781 2860 3819 :
2906 3782 2925 3817 t
2978 3764 3131 3819 Sacri
3167 3764 3419 3836 Martyris

158 3851 376 3920 Bal-ylw
412 3850 651 3919 episcopi
692 3850 990 3903 Antiochia:
1024 3866 1037 3901 :
1084 3850 1174 3919 qui
1212 3849 1597 3903 Nutneriauum
1630 3850 2030 3916 imperatorem,
2075 3851 2126 3903 itt
2159 3850 2466 3913 ecclesiam,
2502 3852 2589 3905 cui
2639 3852 2751 3915 ipse
2786 3862 3036 3921 praeerat,
3079 3854 3283 3921 ingredi
3320 3871 3416 3907 vo-

154 3942 359 3991 lrttlem
390 3937 607 4003 repulit,
645 3937 787 4003 quod
836 3936 1002 3987 tilium
1040 3936 1179 4005 regis
1210 3934 1519 4003 Persarum,
1548 3935 1787 3990 obsident
1826 3937 1929 3990 sibi
1967 3937 2173 4002 datum,
2205 3938 2553 3992 trucidasset.
2586 3938 2931 4008 Quapropter
2983 3941 3190 3995 catenis
3224 3941 3416 3995 ferreis

157 4027 378 4076 tinctus
409 4024 819 4076 circumductus
849 4021 914 4074 ad
940 4036 1188 4091 pompam
1215 4031 1296 4077 est
1326 4020 1571 4095 Babylas,
1603 4038 1836 4093 cumque
1868 4025 2041 4081 tribus
2075 4026 2256 4096 pueris
2299 4026 2487 4095 plcxus
2518 4029 2718 4098 capite.
2762 4047 2781 4082 ι
2811 4027 3009 4086 Eadem
3044 4030 3201 4086 habet
3232 4031 3417 4085 Menu-

157 4112 362 4180 εί-ειιιιιι
398 4109 468 4164 ab
499 4108 731 4164 Henrico
757 4107 976 4163 Canisio
1005 4110 1205 4164 editum
1228 4152 1243 4176 ,
1280 4109 1480 4165 Menam
1504 4150 1519 4177 ,
1559 4110 1878 4182 Cylltereus.

160 4276 799 4402 nauigatﬂﬁflrylam
821 4278 1114 4353 {ediderunt
1156 4286 1495 4349 Bollandiani,
1545 4300 1655 4338 eam
1706 4293 1899 4339 tantum
1941 4289 2111 4340 damus
2140 4301 2285 4351 quam
2320 4290 2593 4353 composuit
2634 4290 2711 4341 vel
2762 4293 3025 4358 descripsit
3061 4295 3417 4359 Metaphraate;
