4148 6486
757 410 860 473 967

1977 419 2256 478 MENSIS
2295 417 2747 478 JANUARIUS.

3893 425 3991 491 968

2014 750 2759 888 ΑΘΛΗΣΙΣ

1040 999 1336 1115 ΤΟΥ
1394 999 1853 1114 ΑΓΙΟΥ
1928 999 3086 1118 ΙΕΡΟΜΑΡΤΥΡΟΣ
3145 1000 3729 1118 ΒΑΒΥΛΑ

1868 1212 2434 1270 ΑΡΧΙΕΠΙΣΚΟΠΟΥ
2472 1214 2911 1272 ΔΝΤΙΟΧΕΙᾹΣ.

2331 1400 2398 1413 —

1975 1550 2755 1663 CERTAMEN

1335 1785 2126 1876 SACBOSANCTI
2213 1786 2830 1873 MARTYRIS
2909 1787 3399 1875 BABYLASI

1896 1979 2418 2035 ARCHIEPISCOPI
2464 1976 2878 2033 ΑΝΤΙΟΟΗΙᾸΞ.

1119 2142 1336 2200 (δια-ςυε
1369 2144 1536 2189 textus
1568 2150 1697 2185 nunc
1723 2134 1932 2198 primum
1962 2133 2121 2195 prodit
2151 2149 2212 2184 ex
2241 2132 2408 2184 codice
2443 2135 2597 2196 Regio
2616 2133 2883 2181 Parisiensi
2907 2146 2954 2180 ιι.
2985 2133 3097 2185 I607
3129 2146 3313 2199 notato,
3337 2141 3497 2189 sarculi
3531 2143 3648 2200 xm.)

828 2451 865 2504 Ι.
902 2448 1036 2502 Cum
1082 2443 1444 2497 Numerianus
1491 2451 1706 2513 sceptra
1756 2445 2120 2498 Romanorum
2167 2459 2311 2500 acce-

2497 2448 2574 2501 A'.
2635 2447 3013 2520 Νουμέριανοῦ
3067 2449 3133 2501 τὰ
3199 2449 3482 2519 Ῥωμαίων
3531 2453 3783 2522 σκῆπτρα
3847 2458 3989 2524 παρὰ

753 2541 922 2609 pisset
967 2552 995 2588 a
1049 2534 1397 2603 parentibus,
1445 2531 1632 2586 fuisset
1665 2540 1841 2587 autem
1890 2535 2063 2587 hzeres
2103 2535 2316 2588 illorum

754 2626 1079 2696 impietatis,
1147 2625 1464 2676 movebatur
1515 2639 1674 2691 grave
1724 2634 1778 2678 et
1829 2623 2066 2678 iminane
2123 2626 2316 2679 bellum

753 2722 1015 2774 adversus
1051 2716 1407 2769 Christianos.
1442 2715 1630 2770 Omnis
1673 2719 1813 2771 enim
1847 2727 2008 2784 aetas,
2059 2728 2114 2772 et
2151 2733 2318 2787 genus

750 2828 911 2868 Onme
937 2825 1121 2866 eorum
1147 2851 1160 2874 ,
1195 2808 1283 2876 qni
1313 2807 1565 2876 pietatem
1605 2808 1938 2877 delegerant,
1967 2810 2175 2864 acerbis
2206 2820 2319 2863 tor-

753 2905 946 2957 mentis
970 2913 1021 2956 et
1052 2903 1200 2972 gravi
1238 2911 1408 2953 morte
1446 2901 1761 2954 interibant.
1803 2901 2004 2970 lmpius
2047 2917 2173 2969 ergo
2208 2901 2318 2954 Nu-

754 2997 1025 3050 merianus
1057 2993 1353 3046 Antiochia:
1382 2991 1667 3060 aliquando
1704 3008 1946 3056 versans,
1979 3009 2096 3062 qum
2127 3003 2211 3047 est
2248 2995 2314 3046 ad

755 3089 1034 3157 Daphnen,
1063 3100 1131 3140 ne
1154 3084 1413 3139 abstinuit
1443 3086 1661 3152 quidem
1695 3100 1723 3137 a
1753 3100 1904 3138 sacro
1936 3085 2131 3152 templo
2161 3084 2318 3138 Clu-i-

749 3183 1068 3242 stianorum,
1101 3180 1192 3233 sed
1229 3181 1391 3232 etiam
1421 3178 1682 3231 adversus
1730 3177 1782 3231 id
1829 3178 1988 3230 struit
2029 3177 2313 3245 quemdam

749 3272 952 3326 dolum.
999 3270 1212 3323 Etcum
1244 3268 1573 3322 dmmonibus
1613 3269 1676 3322 de
1718 3282 1866 3320 more
1916 3268 2315 3333 sacrificasset,

747 3374 801 3415 et
853 3363 1051 3416 caedem
1101 3360 1315 3412 fecisset
1365 3360 1598 3411 maxime
1647 3359 1908 3412 nefariam
1955 3359 2068 3427 (l),
2106 3359 2316 3413 infante

750 3456 838 3508 illo
894 3455 1035 3520 regis
1087 3453 1232 3515 filio,
1278 3467 1435 3519 quem
1483 3465 1510 3502 a
1553 3460 1704 3517 patre
1756 3465 1851 3518 pro
1904 3453 2052 3514 paris
2095 3452 2314 3520 pignore

747 3550 1059 3608 acceperat,
1089 3541 1462 3596 crudelissime
1488 3542 1702 3601 occiso,
1740 3541 1997 3608 pergebat
2038 3542 2102 3594 ad
2139 3543 2314 3596 eccle-

748 3636 913 3700 siam,
969 3643 1021 3687 et
1082 3633 1173 3687 Dei
1229 3633 1486 3700 templum
1544 3631 1841 3685 conabatur
1880 3632 2164 3699 profanare
2223 3649 2316 3700 per

747 3743 899 3780 suum
931 3725 1230 3778 introitum.
1271 3721 1402 3775 Nam
1434 3725 1532 3775 hoc
1560 3737 1772 3790 quoque
1809 3723 2157 3776 existimabat
2194 3740 2314 3778 esse

751 3833 854 3869 non
883 3831 1104 3884 parvum
1137 3815 1337 3868 cultum
1368 3813 1612 3875 deorum,
1643 3815 1688 3868 si
1715 3814 1784 3866 ab
1805 3829 1868 3867 eo
1906 3813 2315 3881 profanarentur

748 3917 801 3962 et
831 3909 1338 3962 comaminarentnr
1379 3917 1566 3959 sancta
1601 3906 2052 3960 Clu-istianorum.
2092 3905 2315 3961 Divinus

749 4009 922 4052 autem
960 3997 1185 4065 Babylas
1211 4011 1276 4050 eo
1310 4007 1568 4066 tempore,
1604 4011 1710 4065 quo
1751 3997 1837 4050 hic
1901 4007 2054 4050 actus
2083 3997 2315 4050 adorna-

748 4093 941 4155 batur,
984 4107 1168 4144 curam
1222 4106 1418 4161 gerens
1462 4092 1600 4145 sacri
1654 4091 1830 4161 gregis
1873 4091 2226 4154 Antiocheni,
2261 4099 2315 4144 et

746 4183 923 4235 sedem
975 4183 1360 4236 administrans
1409 4181 1804 4250 episc0palem,
1851 4195 1973 4232 cum
2017 4180 2107 4232 diu
2151 4189 2308 4242 ante,

745 4277 873 4342 quid
927 4275 1106 4328 animo
1151 4275 1379 4342 agitaret
1424 4283 1476 4326 et
1517 4272 1868 4324 meditaretur
1918 4282 2215 4342 tyrannus,
2259 4278 2312 4323 et

744 4366 884 4432 quod
908 4379 1224 4418 accessurus
1245 4374 1378 4427 erat,
1402 4373 1454 4416 et
1470 4377 1702 4432 quonam
1724 4362 1902 4424 modo,
1925 4363 2307 4427 intellexisset;

743 4471 970 4524 cumque
997 4457 1047 4509 in
1077 4456 1273 4525 templo
1302 4463 1620 4524 cengregata
1646 4457 1895 4506 universa
1933 4455 2142 4522 piorum
2175 4452 2310 4505 mul-

745 4547 992 4607 titudine,
1028 4547 1160 4598 satis
1197 4560 1291 4598 ens
1339 4546 1636 4606 incitasset,
1671 4552 1728 4594 ut
1772 4558 1926 4610 opem
1972 4543 2176 4595 ferrent
2217 4541 2307 4594 Dei

744 4636 968 4705 lrgilms,
1017 4638 1068 4688 in
1106 4651 1238 4704 quas
1273 4637 1627 4688 exercebatur
1659 4636 1915 4702 tyrannis,
1954 4634 2308 4701 precibusque

745 4736 797 4779 et
829 4725 1310 4794 supplicationibus
1347 4725 1438 4777 Dei
1471 4727 1775 4776 invocasset
1801 4724 2087 4784 auxilium,
2115 4738 2309 4792 magno

744 4828 796 4870 et
824 4817 946 4868 forti
977 4817 1157 4868 animo
1189 4825 1296 4867 stat
1335 4824 1460 4866 ante
1493 4824 1676 4880 portas
1706 4813 1909 4879 templi.
1943 4812 2008 4866 Et
2034 4828 2155 4866 cum
2190 4829 2310 4880 pcr-

744 4906 976 4972 rupisset
1018 4905 1365 4974 supercilium
1407 4919 1593 4957 eorum
1653 4903 1743 4972 qui
1794 4902 2203 4970 praecedebant,
2255 4910 2307 4954 et

739 4997 932 5050 fastum
960 5011 1143 5050 eorum
1166 5035 1181 5060 ,
1213 4996 1302 5064 qui
1334 4995 1564 5062 gloriose
1603 5005 1656 5049 et
1685 4996 1914 5062 superbe
1944 4996 2302 5058 incedebant,

738 5087 1050 5150 Satellitum,
1079 5086 1317 5152 inquam,
1344 5094 1400 5136 et
1421 5087 1764 5153 stipatorum,
1806 5086 2129 5138 sceleratum
2159 5084 2302 5137 illum

740 5175 1081 5226 accedentem
1107 5174 1440 5240 increpavit,
1471 5183 1521 5226 et
1550 5173 1626 5243 (2)
1653 5175 1925 5227 dexteram
1957 5174 2075 5241 ejus
2099 5174 2303 5241 pectori

738 5266 1008 5331 admovit;
1046 5277 1098 5319 et
1128 5268 1206 5320 sic
1255 5264 1548 5320 retardavit
1591 5265 1708 5332 ejus
1743 5265 2001 5334 impetum
2037 5266 2089 5318 in
2126 5267 2306 5320 eccle-

739 5360 896 5420 siam,
947 5370 1000 5412 et
1029 5358 1173 5412 illum
1203 5375 1230 5412 a
1263 5361 1434 5414 sacris
1467 5359 1662 5428 repulit
1688 5359 1996 5413 ambitibus.
2029 5359 2301 5427 Loquendi

735 5459 914 5503 autem
965 5452 1263 5504 libertatem
1296 5451 1596 5506 admiratus
1632 5449 2021 5512 Numerianus,
2073 5458 2128 5504 et
2167 5451 2304 5504 illius

735 5536 928 5592 famam
963 5548 1219 5607 praeterea
1276 5541 1565 5606 reveritus,
1605 5553 1723 5609 qua“:
1759 5549 1875 5595 erat
1927 5553 2116 5610 magna
2152 5549 2205 5595 et
2248 5540 2300 5594 in

828 5753 878 5816 l)
912 5753 1157 5805 Pluribus
1184 5753 1338 5818 huius
1383 5753 1472 5805 filii
1506 5753 1646 5821 regis
1712 5769 1897 5808 necem
1945 5754 2201 5810 describit
2236 5753 2291 5806 ς.

733 5826 1147 5894 anysostomus
1184 5825 1399 5876 humilia
1443 5836 1630 5876 contra
1661 5826 1906 5894 {gentiles

2427 2541 2676 2609 πατέρων
2693 2543 3072 2609 ἐκδεξαμένου,
3096 2541 3432 2613 κληρονόμου
3457 2545 3512 2596 δὲ
3535 2549 3626 2598 καὶ
3648 2550 3745 2615 τῆς
3773 2549 3991 2600 ἐκείνων

2424 2634 2676 2697 ἀσεϐείας
2725 2637 3125 2705 γεγενημένου,
3184 2637 3353 2707 βαρὺς
3400 2643 3426 2692 ό
3466 2642 3606 2692 κατὰ⁵
3654 2641 3992 2709 Χριστιανῶν

2426 2726 2661 2794 πόλεμος
2684 2727 2933 2787 ἐκινεῖτο,
2963 2726 3057 2777 καὶ
3082 2727 3308 2793 σφοδρὸν
3334 2728 3485 2780 ἔπνει
3513 2732 3606 2781 καὶ
3631 2732 3990 2799 ἀγριώτατον.

2427 2817 2583 2870 Πᾶσα
2626 2835 2682 2869 τε
2711 2818 2818 2887 γὰρ
2849 2817 3034 2888 ἡλικία
3067 2819 3158 2871 καὶ
3188 2822 3344 2886 γένος
3389 2823 3531 2874 ἆπαν
3570 2823 3678 2873 τῶν
3714 2823 3995 2873 εὐσέϐειαν

2425 2907 2693 2975 ἑλομένων
2727 2907 2979 2984 βασάνοις
3008 2912 3233 2977 πικραῖς
3265 2913 3358 2961 καὶ
3407 2913 3621 2981 Θανάτῳ
3660 2913 3886 2980 χαλεπῷ
3919 2914 3994 2963 διο

2423 2997 2756 3065 εφοείροντο.
2801 2997 2857 3048 Ὀ
2889 2998 3066 3050 τοίνυν
3111 2997 3468 3060 ἀσεϐέστατος
3498 2999 3897 3066 Νουμέριανος,
3939 3002 3995 3050 ὲν

2436 3089 2736 3158 Ἀντιοχεία
2765 3090 2828 3157 τῇ
2856 3088 2991 3158 πρὸς
3019 3089 3237 3157 Δάφνην
3266 3091 3395 3141 ποτὲ
3415 3091 3727 3158 διατρίὸων,
3753 3091 3878 3141 οὐδὲ
3903 3091 3994 3141 τοῦ

2425 3176 2571 3245 ἱεροῦ
2602 3177 2709 3229 τῶν
2737 3177 3073 3246 Χριστιανῶν
3104 3177 3362 3246 τεμένους
3389 3180 3679 3247 ἀπέσχετο,
3706 3181 3844 3232 ἀλλά
3877 3198 3996 3232 τινα

2425 3270 2518 3321 καὶ
2556 3269 2674 3320 κατ’
2703 3268 2866 3320 αὐτοῦ
2900 3269 3050 3320 δόλον
3083 3270 3318 3338 ὑφαίνει.
3355 3272 3464 3324 Καὶ
3497 3272 3772 3339 δαίμοσιν,
3804 3272 3994 3340 ὥσπερ

2423 3360 2543 3421 ἔθος
2575 3359 2742 3428 αὐτῷ,
2771 3359 2960 3424 θύσας,
2996 3361 3088 3412 καὶ
3121 3361 3337 3412 πάντων
3364 3363 3725 3427 ἐναγέστατον
3754 3364 3994 3429 ἐργασα-

2427 3467 2583 3518 μενος
2622 3451 2801 3516 φόνον,
2834 3452 2892 3502 τὸ
2925 3451 3133 3502 παιδίον
3160 3454 3337 3503 ἐκεῖνο
3367 3452 3426 3504 τὸ
3457 3454 3754 3520 βασιλικὸν,
3789 3454 3818 3504 δ
3849 3456 3995 3522 παρὰ

2421 3541 2515 3592 τοῦ
2551 3541 2756 3611 πατρὸς
2797 3541 3036 3606 ἀσφαλὲς
3067 3544 3321 3610 ἐνέχυρον
3350 3543 3447 3610 τῆς
3483 3545 3709 3612 εἰρήνης
3741 3545 3955 3613 είλήςει
3980 3587 3992 3605 ,

2420 3631 2770 3700 ἀπηνέστατα
2811 3634 3189 3701 κατασφάξας,
3232 3635 3366 3702 πρὸς
3407 3637 3506 3704 τὴν
3551 3637 3854 3704 ἐκκλησίαν
3891 3641 3994 3704 ὴπο

2421 3723 2618 3788 είγετο,
2655 3724 2748 3774 καὶ
2789 3723 3097 3792 βεῦηλῶσαι
3124 3724 3184 3775 τὸ
3213 3723 3303 3776 τοῦ
3343 3724 3478 3777 Θεοῦ
3522 3725 3750 3795 τέμενος
3779 3728 3873 3778 διὰ
3905 3730 3996 3793 τῆς

2352 3798 2392 3851 Β
2417 3814 2624 3874 οἰκείας
2657 3814 2794 3882 πρὸς
2824 3815 2890 3866 τά
2922 3815 3069 3866 ἔνδον
3099 3817 3371 3883 ἐπεχείρει
3397 3818 3652 3885 παρίδου.
3681 3818 3833 3887 Θερα
3847 3822 3995 3871 κείαν

2414 3903 2520 3972 γὰρ
2546 3905 2662 3973 ᾔδει
2685 3905 2778 3956 καὶ
2803 3904 2961 3959 τοῦτο
2991 3907 3257 3973 δαιμόνων
3286 3908 3346 3958 οὐ
3378 3910 3602 3976 μικρὰν,
3626 3910 3675 3960 εί
3707 3909 3992 3979 βεδηλωθῇ

2414 3993 2541 4059 παρ’
2574 3993 2738 4044 αὑτοῦ
2784 3995 2877 4045 καὶ
2909 3994 3170 4062 χρανθείη
3203 3994 3270 4046 τά
3302 3995 3410 4046 τῶν
3453 3995 3796 4063 Χριστιανῶν
3834 3997 3992 4061 ᾶγια.

2416 4079 2659 4139 Βαϐύλας
2694 4080 2750 4131 δὲ
2781 4081 2808 4130 ὁ
2837 4080 3004 4142 θεῖος,
3039 4084 3180 4132 κατὰ
3204 4080 3294 4131 τὸν
3318 4081 3510 4147 καιρὸν
3536 4083 3744 4132 ἐκεῖνον
3775 4084 3903 4134 καθ’
3939 4085 3997 4134 ὃν

2412 4171 2471 4222 τὸ
2487 4170 2670 4238 δρᾶμα
2705 4170 3160 4234 συνεσκευάζετο,
3190 4173 3291 4239 τῆς
3323 4172 3470 4239 ἱερᾶς
3523 4173 3631 4223 τῶν
3671 4174 3994 4242 Ἀντιοχέων

2412 4261 2647 4330 ποίμνης
2678 4261 3128 4330 ἐπιμελούμενος,
3162 4263 3257 4313 καὶ
3283 4262 3374 4313 τὸν
3405 4262 3498 4314 τοῦ
3537 4267 3837 4316 ἐπισκόπου
3870 4267 3994 4335 θρό-

2411 4369 2498 4404 νον
2524 4353 2721 4404 διέπων
2740 4391 2753 4414 ,
2787 4353 2884 4421 τὴν
2912 4355 3155 4405 ἐπίνοιαν
3185 4355 3402 4422 ἐκείνην
3434 4355 3498 4405 ἐκ
3533 4353 3728 4405 πολλοῦ
3769 4359 3865 4408 καὶ
3894 4359 3992 4424 τὴν

2416 4444 2686 4512 μελέτην,
2725 4443 2820 4495 καὶ
2859 4445 2947 4495 ὅτε
2982 4447 3009 4496 ὁ
3043 4444 3306 4513 τύραννος
3354 4446 3610 4514 ἐπισταίη
3634 4483 3648 4506 ,
3699 4449 3791 4496 καὶ
3842 4448 3992 4506 ὅπως

2415 4533 2623 4601 μαθὼν,
2659 4535 3016 4602 συναθροίσας
3048 4536 3108 4588 τὸ
3137 4535 3360 4597 εὑσεόὲς
3389 4537 3536 4587 ἅπαν
3570 4539 3708 4588 κατὰ
3739 4537 3832 4588 τὸν
3865 4540 3992 4589 vat-iv

2413 4626 2708 4694 πλήρωμα,
2749 4626 2841 4678 καὶ
2873 4626 3095 4688 τούτους
3132 4626 3335 4694 ἀμῦναι
3367 4630 3476 4690 τοῖς
3503 4626 3596 4678 τοῦ
3629 4627 3766 4679 Θεοῦ
3804 4631 3990 4696 νόμοις

2409 4717 2861 4784 τυραννουμένοις
2912 4717 3110 4778 ἱκανῶς
3145 4718 3464 4786 παραθήξας
3488 4761 3501 4778 ,
3538 4721 3630 4771 καὶ
3675 4719 3897 4787 δεήσεσι
3934 4725 3992 4772 τὸ

2408 4807 2559 4859 Θείον
2579 4809 2672 4857 καὶ
2695 4811 3022 4875 προσευχαῖς
3048 4810 3126 4870 είς
3158 4809 3475 4876 συμμαχίαν
3496 4810 3754 4873 καλέσας,
3774 4813 3963 4879 ἀνδρει
3979 4843 3992 4849 -

2407 4899 2572 4950 όεατα
2617 4899 2720 4969 πρὸ
2747 4899 2853 4950 τῶν
2890 4898 2980 4950 τοῦ
3014 4899 3144 4952 ναοῦ
3175 4899 3356 4952 πυλῶν
3396 4902 3631 4962 ἵσταται,
3677 4905 3774 4954 καὶ
3803 4904 3990 4955 διεικὸ-

2412 4996 2518 5058 ψας
2547 4991 2644 5061 τὴν
2677 4992 2848 5060 ὀφρὺν
2881 4991 2990 5042 τῶν
3030 4994 3488 5061 προηγουμένων,
3532 4993 3639 5044 τῶν
3682 4996 3990 5048 σοϐουντων

2408 5085 2497 5133 τὸν
2532 5084 2700 5150 τύφον
2725 5124 2738 5144 ,
2772 5084 2895 5144 τοὺς
2941 5082 3292 5152 δορυφόρους,
3328 5086 3452 5146 τοὺς
3481 5086 3855 5146 ὑπασπιστὰς.
3892 5091 3992 5138 ἐπ-

2411 5175 2639 5242 ετίμησε
2663 5173 2741 5240 τῷ
2780 5173 2960 5242 μιαρῷ
2991 5175 3184 5244 ἐκείνῳ
3216 5179 3516 5245 προσιόντι,
3553 5179 3647 5229 καὶ
3677 5177 3774 5247 τὴν
3803 5179 3990 5242 δεξιὰν

2409 5266 2487 5326 είς
2525 5265 2586 5316 τὸ
2611 5265 2803 5334 στῆθος
2829 5265 3118 5334 ἀπήρεισε,
3143 5269 3238 5318 καὶ
3264 5268 3434 5330 οὕτως
3463 5269 3625 5320 αὑτὸν
3656 5270 3754 5337 τῆς
3788 5276 3871 5332 εἰς
3890 5273 3988 5339 τὴν

2406 5355 2700 5423 ἐκκλησίαν
2738 5355 2914 5425 ὁρμῆς
2946 5356 3221 5410 ἀνέστειλε
3241 5401 3255 5424 ,
3283 5361 3376 5412 καὶ
3399 5362 3506 5412 τῶν
3539 5363 3698 5431 ἱερῶν
3725 5366 3990 5417 ἀπώσατο

2406 5449 2729 5517 περιῦόλων.
2761 5449 2870 5519 Τὴν
2895 5451 3209 5522 παρρησίαν
3229 5455 3407 5504 τοίνυν
3440 5457 3816 5520 καταπλαγεὶς
3847 5457 3990 5508 N3;-

2409 5541 2681 5610 μεριανὺς,
2717 5542 2850 5611 πρὸς
2882 5541 2936 5594 δὲ
2986 5546 3080 5594 καὶ
3119 5543 3216 5612 τὴν
3248 5544 3340 5594 τοῦ
3377 5545 3568 5616 ἀνδρδς
3600 5549 3790 5616 φήμην
3823 5548 3988 5600 εζλα-

2476 5756 2551 5823 (2»
2579 5755 3001 5824 Chrysostomus
3035 5773 3048 5807 :
3089 5774 3106 5804 ι
3141 5754 3423 5809 Dexteram
3451 5757 3741 5825 iii-pactam
3773 5762 3826 5812 in
3859 5775 3985 5824 ρες-

2409 5833 2493 5880 tus
2529 5826 2759 5880 firmavit
2791 5825 2867 5878 ira
2900 5827 3170 5896 turgidum
3195 5840 3256 5881 ac
3283 5828 3426 5881 caede
3457 5825 3700 5895 fervens,
3741 5849 3759 5881 ι
3803 5845 3908 5886 etc.
