4148 6486
145 441 252 509 969

1449 448 1616 512 ΠΤΑ
1660 449 1716 512 S.
1764 451 2084 515 ΒΑΒὶῚαῑ.

3311 472 3415 536 9ῖο

156 577 342 646 δηθεὶς
374 578 580 647 (πολὺς
616 579 722 649 γὰρ
746 575 814 650 ἦν
843 581 1050 651 ταύτην
1081 586 1118 650 ).
1154 581 1359 644 ικιῐνος
1389 579 1454 634 Et‘
1477 582 1721 636 ἀπάντωι

1837 597 2047 639 omnem
2085 597 2290 657 partem
2328 591 2695 660 pervadchat;
2728 610 2794 648 nu
2836 600 3026 654 audaci
3067 610 3193 659 tunc
3237 621 3411 675 empto

154 669 347 741 ιχώρει
377 687 391 704 ·
423 672 521 740 τῆς
567 673 810 743 πονηρᾶς
852 673 986 737 τέως
1020 672 1291 742 ἀπέσχετο
1343 672 1567 741 τόλμης,
1622 674 1730 726 εἴτε

153 765 340 815 στάτιν
387 765 508 818 τινὰ
549 765 682 834 πρὸς
724 764 818 818 τοῦ
859 765 1016 836 ὄχλου
1054 765 1378 835 γενήσεσθαι
1411 765 1728 834 ὑπιδόμενος

154 860 291 921 (καὶ
332 860 441 926 γὰρ
496 857 628 912 πολὺ
686 857 888 924 πλῆθος
943 860 1058 910 ἐκεῖ
1113 857 1563 926 συνεληλύῡεισαν
1620 857 1728 910 τῶν

151 947 358 999 πιστῶν
377 950 418 1015 ),
443 950 550 1000 εἴτε
576 947 638 1018 δὴ
663 949 754 1002 καὶ
776 949 949 1009 ἄλλως
977 947 1122 1017 αύτῷ
1141 947 1446 1018 βουλευοὲν,
1477 947 1726 1016 χαλεπῶς

154 1042 335 1106 μέντοι
370 1041 464 1094 xal
496 1031 724 1108 βαρέωξ,
761 1043 884 1111 σιγῇ
911 1041 965 1094 δὲ
992 1041 1138 1109 ὅμως
1160 1040 1255 1110 τὴν
1280 1039 1436 1111 ὓϐριν
1464 1039 1722 1106 ἐνεγκὼν,

151 1131 510 1198 ἀναστρέφειν
527 1132 736 1184 κελεύει
763 1133 898 1201 πρὸς
916 1134 982 1185 τὰ
1004 1131 1266 1199 βασίλεια.

223 1221 298 1274 Β’.
337 1223 415 1292 Τῇ
439 1224 495 1276 δὲ
521 1223 646 1290 ἑξῆς
678 1227 768 1275 τὸν
802 1226 1062 1293 ἀρχιερέα
1093 1221 1608 1290 παραστησάμενος,
1629 1221 1724 1291 τὴν

150 1311 240 1364 τοῦ
269 1312 403 1364 ναοῦ
434 1312 668 1366 κώλυσιν
698 1314 775 1375 ὡς
800 1315 1039 1380 φανερὰν
1075 1313 1231 1382 ὓϐριν
1267 1313 1416 1380 αὐτῷ
1448 1314 1722 1377 ἐνεκάλει,

152 1404 388 1462 κα“ι,’ῐ“ίνι
408 1403 646 1471 Θαρρὦ,
671 1404 877 1468 ἔλεγεν,
904 1397 949 1454 ὦ
973 1404 1188 1454 πάντων
1207 1401 1503 1453 ἀΘλιὼτατε
1523 1404 1608 1465 σὺ,
1627 1402 1725 1468 τῆς

151 1495 225 1555 εἰς
259 1496 351 1544 τὸν
379 1497 505 1547 ναὸν
535 1495 742 1548 εισὸδου
772 1496 831 1546 τὸ
867 1495 1000 1561 ἐμὸν
1031 1494 1227 1562 κράτος
1264 1494 1566 1560 ἐτόλμησας
1603 1495 1723 1544 ὲπι-

152 1590 297 1652 σχεῖν
318 1603 334 1649 ;
352 1589 384 1654 ἢ
411 1589 621 1652 ἀγνοεῖς
645 1590 767 1639 ὅσον
793 1589 940 1638 ἐστὶν
965 1587 1134 1638 κακὸν
1165 1587 1194 1652 ἡ
1223 1588 1300 1645 εἰς
1324 1586 1545 1653 βασιλέα
1571 1584 1724 1653 ὕϐρις

151 1683 240 1729 καὶ
287 1681 576 1747 παροινία;
615 1681 673 1732 Ὀ
702 1682 779 1741 δὲ,
811 1681 929 1731 Τῶν
961 1682 1052 1730 ἐπὶ
1083 1681 1181 1748 γῆς
1219 1679 1316 1747 μὲν
1344 1678 1540 1740 οὐδενὶ,
1567 1679 1720 1746 φησὶ,

148 1768 223 1835 τῷ
257 1770 315 1818 ἐν
356 1769 607 1833 οὐρανοῖς
641 1767 694 1820 δὲ
724 1767 994 1828 πεποιθὼς
1027 1768 1256 1835 βασιλεῖ,
1291 1767 1348 1828 ὃς
1383 1784 1447 1835 με
1475 1768 1567 1818 καὶ
1600 1783 1720 1817 ποι·

152 1860 288 1923 μένα
321 1860 426 1909 τῶν
461 1860 627 1911 αὑτοῦ
662 1860 949 1926 προϐάτων
985 1859 1156 1921 ἔθετο.
1202 1859 1295 1909 καί
1325 1860 1456 1928 πρὸς
1503 1858 1600 1924 τὴν
1631 1855 1722 1908 τοῦ

1845 675 2086 738 destitit.
2136 680 2247 735 sive
2278 682 2580 750 suspicatus
2627 685 2862 744 luturatu
2915 695 3204 759 quamdam
3237 714 3263 751 ο
3319 719 3410 767 ιι.»-

1844 766 1968 834 pnlo
2000 769 2319 826 seditionem
2351 773 2497 840 (illuc
2527 777 2670 829 enim
2702 791 3025 836 convenerat
3062 802 3253 856 magna
3282 766 3413 845 niui-

1842 858 2012 910 titudo
2043 859 2277 913 lidclium
2304 863 2345 928 ).
2379 863 2494 918 sive
2524 865 2705 931 aliquo
2740 869 2845 922 alio
2878 884 2906 922 a
2932 887 2990 926 se
3038 889 3191 942 capto
3227 887 3408 935 conisi-

1839 946 1944 1012 lio,
1993 967 2136 1020 wgre
2183 953 2398 1020 quidem
2430 968 2485 1012 et
2525 959 2782 1028 graviter,
2835 965 2928 1016 sed
2969 965 3186 1021 silentio
3228 985 3408 1028 tamen

1839 1037 2020 1096 ferens
2051 1045 2457 1112 contumeliam,
2489 1060 2546 1103 ct
2581 1065 2831 1106 reversus
2861 1063 2943 1108 est
2976 1055 3029 1109 iu
3065 1061 3284 1129 regiam.

1912 1219 1974 1273 ll.
2019 1221 2116 1276 Die
2153 1235 2331 1280 autem
2383 1232 2627 1295 sequenti
2657 1245 2776 1284 Cllm
2810 1235 2872 1284 ad
2903 1251 2960 1288 se
3007 1241 3410 1305 producendum

1838 1325 2084 1367 curasset
2114 1317 2440 1384 pontiﬁcem,
2477 1322 2619 1385 quod
2650 1337 2707 1374 se
2733 1339 2760 1374 a
2790 1328 2986 1393 templo
3017 1334 3409 1396 prohibuisset.

1838 1413 2091 1468 tanquam
2142 1407 2427 1460 manifesta
2480 1409 2698 1465 allectus
2745 1417 3111 1476 contumelia,
3162 1437 3282 1476 cum
3331 1437 3412 1480 ρει

1839 1495 2196 1558 criminatus;
2248 1510 2322 1560 et,
2355 1498 2624 1564 Quonam,
2672 1503 2861 1570 inquit,
2912 1506 3103 1572 fretus,
3139 1526 3171 1564 0
3211 1523 3264 1566 ttt
3293 1530 3412 1569 om-

1839 1587 1985 1638 niutu
2012 1587 2336 1652 miserrime,
2362 1607 2524 1644 ausus
2550 1609 2607 1645 es
2631 1610 2799 1647 meatu
2834 1602 3064 1656 retinere
3094 1609 3408 1674 potentiam,

1840 1689 1908 1726 ne
1939 1674 1990 1726 in
2026 1677 2279 1740 templum
2311 1677 2653 1748 ingrederer?
2683 1684 2864 1740 Nescis
2891 1703 3154 1755 quantum
3193 1696 3260 1748 sit
3292 1715 3408 1752 ma-

1841 1765 1946 1817 lum
1999 1769 2194 1834 probro
2247 1782 2302 1822 et
2353 1776 2677 1827 contumelia
2726 1779 2940 1835 allicere
2995 1782 3411 1852 imperatorem?

1839 1857 1932 1909 Ille
1973 1869 2188 1922 autem,
2225 1859 2378 1912 Nullo
2415 1863 2666 1928 quidem,
2701 1866 2907 1935 inquit,
2941 1886 3126 1928 eorum
3157 1878 3245 1945 qui
3284 1894 3409 1934 sunt

148 1950 310 2002 λύκου
345 1951 626 2003 καθεύδειν
657 1953 843 2017 ἔφοδον
877 1952 974 2003 οὐκ
1005 1953 1069 2020 ἐᾷ
1100 1967 1112 1980 ·
1150 1952 1248 2003 οὐκ
1296 1952 1374 2012 εἰς
1411 1949 1632 2017 βασιλέα
1667 1966 1721 2016 γε

1836 1949 1887 2000 in
1934 1959 2111 2012 terra,
2145 1951 2238 2003 sed
2273 1953 2439 2005 l‘rctns
2483 1952 2626 2022 lit-ge
2660 1958 2748 2024 qui
2783 1970 2864 2012 est
2901 1961 2952 2013 in
2971 1949 3133 2019 caelis
3155 2005 3169 2030 ,
3203 1973 3292 2036 qui
3323 1987 3409 2026 me

151 2045 252 2111 μὴν
291 2045 492 2113 ὖερισα
540 2043 791 2110 (αὔθαδες
825 2044 934 2113 γὰρ
973 2044 1048 2105 ὡς
1091 2043 1307 2110 ἀληΟὼς
1336 2042 1492 2094 τοῦτο
1527 2043 1617 2093 καὶ
1663 2040 1724 2092 οὺ

149 2140 340 2205 πόῤῥω
371 2137 612 2205 μανίας),
634 2136 745 2189 ἀλλ’
764 2136 1070 2200 εἰςτάἂγια
1089 2135 1365 2202 ἐνυϐρίσαι
1397 2132 1725 2199 πειραθέντα

147 2232 397 2299 ἐπέσχον.
438 2231 599 2282 Ὥστε
647 2230 740 2282 καὶ
766 2229 930 2298 χάριν
969 2227 1028 2280 οὗ
1059 2247 1111 2279 τι
1152 2226 1353 2295 μικρὰν
1401 2226 1596 2278 εἰδέναι
1635 2243 1724 2294 μοι

146 2325 354 2385 δίκαιος
400 2325 466 2376 ἂν
492 2323 635 2392 εἴης,
670 2323 750 2375 ὅτι
782 2339 838 2374 σε
874 2320 1119 2374 τοιούτου
1148 2318 1447 2371 διεκώλυσα
1481 2318 1726 2386 ἐγχειρήο

152 2436 340 2488 ματος,
379 2419 466 2484 ὑφ’
492 2413 551 2472 οὗ
575 2417 710 2486 πρὸς
740 2417 963 2483 ἔσχατον
994 2414 1057 2466 ἂν
1086 2412 1420 2481 κατηνέχθης
1451 2412 1724 2478 βάραθρον

147 2511 427 2572 ἀπωλείας
457 2512 533 2572 εἰς
559 2511 722 2561 αὐτὸν
740 2508 1022 2577 ἁμαρτὼν,
1047 2502 1104 2560 οὗ
1131 2507 1188 2558 τὸ
1213 2506 1466 2555 ἐκπεσεῖν
1492 2502 1722 2554 θανάτου

148 2606 348 2666 παντὸς
372 2592 772 2672 χαλεπώτερονέ
803 2605 910 2657 Καὶ
931 2605 958 2654 ὁ
980 2599 1372 2668 Νουμεριανὺς,
1392 2597 1540 2658 Δέον,
1566 2596 1718 2665 φησὶ,

147 2698 233 2747 ἐπὶ
273 2701 388 2757 τοῖς
421 2696 661 2763 φθάσασι
699 2694 1144 2764 μεταμελεῖσυαι,
1178 2691 1313 2743 ἀλλὰ
1350 2689 1480 2756 σύγε
1516 2705 1721 2758 μακρο-

145 2791 304 2857 τέρας
338 2791 473 2856 ἡμῖν
529 2788 816 2855 καταχέεις
857 2787 954 2847 τὰς
994 2782 1278 2848 λοιδορίας.
1311 2782 1417 2832 Καὶ
1445 2782 1472 2832 ὁ
1517 2780 1724 2848 μάρτυς

149 2881 460 2942 ὑπολαϐὼν,
503 2878 616 2933 Οὐκ
647 2880 823 2944 ἔξεστι
851 2877 949 2945 μὲν
971 2878 1100 2944 ἡμῖν
1123 2876 1251 2941 τάγε
1288 2874 1440 2935 ἀλλα,
1473 2872 1599 2939 ἔφη,
1630 2873 1722 2923 ἁν-

148 2976 380 3046 6ρώπων
409 2973 585 3028 οὐδενὶ
617 2971 1008 3040 λοιδορεῖσθαι,
1051 2968 1244 3021 οὔκουν
1278 2967 1398 3018 οὐδὲ
1441 2966 1523 3016 σοὶ
1554 2963 1722 3014 λοιδοο

151 3068 389 3137 ρούμεθα
409 3083 424 3098 ·
459 3066 573 3129 πῶς
599 3067 704 3134 γὰρ
731 3065 865 3116 Θεοῦ
895 3061 1119 3129 πλάσμα
1147 3060 1264 3112 δντι
1293 3097 1307 3122 ,
1335 3057 1428 3108 καὶ
1461 3057 1526 3124 τῇ
1557 3053 1722 3105 αὐτοῦ

147 3162 310 3213 εἰκόνι
362 3159 744 3229 τετιμημένῳς
776 3157 836 3209 El
875 3154 931 3206 δὲ
972 3153 1098 3222 περὶ
1132 3152 1264 3203 Θεὸν
1295 3148 1719 3210 ὁςκίνδυνος.....

149 3271 326 3327 petere
375 3256 679 3310 maledictis
733 3271 746 3306 :

148 3353 254 3419 eius
286 3351 587 3402 honoratus
628 3343 896 3413 imagine?
928 3340 1032 3395 Sed
1062 3340 1103 3392 si
1137 3340 1202 3392 de
1232 3338 1338 3390 Deo
1366 3346 1644 3405 agatur....

211 3441 282 3494 Γ.
323 3440 436 3493 Καὶ
478 3440 507 3489 ὀ
531 3433 928 3503 Νουμεριανὸς,
967 3429 1229 3494 ἐπικόιᾲας
1271 3426 1418 3494 αὐτῷ
1457 3425 1556 3493 τὴν
1599 3441 1723 3476 συν-
1752 3429 1796 3490 c

147 3538 349 3596 ἐπειαν,
405 3527 564 3583 Ἀλλά
594 3528 804 3596 χαίρειν
854 3521 1022 3575 εἰπὼν
1046 3559 1060 3583 ,
1092 3521 1193 3589 ἔφη
1214 3560 1226 3583 ,
1265 3522 1329 3588 τῇ
1355 3517 1521 3587 πολλῇ
1542 3516 1716 3585 ταύτῃ

147 3628 245 3678 τῶν
277 3626 458 3690 λόγων
495 3619 662 3690 ἰσχύϊ,
694 3620 743 3670 εἴ
769 3633 829 3684 γε
862 3617 926 3683 δὴ
953 3615 1046 3666 καὶ
1069 3612 1350 3679 διαφυγεῖν
1383 3609 1592 3678 βούλοιο
1621 3609 1718 3678 τὴν

149 3721 232 3770 ἐπὶ
257 3717 337 3784 τῷ
368 3714 675 3781 ἐγκλήματι
703 3709 884 3775 δίκην,
911 3709 1021 3766 τοῖς
1057 3703 1334 3774 μεγίστοις
1365 3700 1524 3753 Θῦσον
1555 3699 1715 3761 θεοῖς.

149 3811 250 3863 Καὶ
281 3810 309 3860 ὁ
343 3810 558 3877 μάρτυς
597 3802 861 3871 πρότερον
897 3799 1032 3868 πρὸς
1077 3796 1175 3864 τὴν
1215 3794 1471 3862 ἑγκλησιν
1517 3791 1718 3843 ἀπολο-

149 3903 476 3971 γησάμενος,
502 3897 597 3948 καὶ
621 3896 795 3962 φήσας
819 3890 959 3958 ὑπὲρ
988 3886 1080 3938 τοῦ
1105 3883 1354 3952 ποιμνίου
1379 3883 1554 3935 πάντα
1583 3881 1719 3949 μετὰ

147 3993 449 4063 προθυμίας
484 3985 756 4056 αἱρεῖσθαι
787 3982 998 4043 παθεῖν,
1051 3979 1238 4030 ἔπειτα
1290 3973 1558 4028 διαλαϐὼν
1582 4015 1604 4063 ,ν
1637 3972 1714 4024 Οὐ

147 4062 363 4136 δυνατὸν
389 4121 404 4145 ,
434 4080 622 4146 ἔλεγεν
646 4114 663 4140 ,
702 4069 748 4127 ὣ
787 4069 1030 4140 βασιλεῦ,
1066 4067 1159 4119 τοῦ
1209 4067 1376 4127 ὅντως
1403 4062 1718 4116 ἀποστάντα

144 4175 269 4228 Θεοῦ
302 4168 678 4241 ψευδωνύμως
709 4163 999 4233 προσέχειν
1031 4159 1192 4222 θεοῖς,
1223 4152 1302 4216 οἷς
1336 4158 1427 4208 καὶ
1451 4155 1714 4221 ὀνομάσαι

150 4269 299 4335 μόνον
329 4264 568 4331 αἰσχύνη
593 4260 704 4320 τοῖς
745 4255 987 4308 εὐσεδείν
1025 4249 1386 4321 βουλομένοις.
1433 4246 1489 4298 Ὀ
1521 4245 1600 4309 δὲ,
1634 4245 1714 4296 Τὰ

147 4359 381 4432 πρότερὰ
420 4371 503 4406 σοι
533 4352 629 4405 καὶ
655 4351 811 4404 πάλιν
847 4348 978 4417 ἐρῶ,
1008 4344 1161 4414 φησί·
1199 4343 1323 4432 τους
1353 4339 1594 4432 μακροὺς
1619 4337 1713 4432 λη-

149 4427 263 4518 ρους
295 4427 493 4507 ἔασας,
530 4441 690 4494 θῦσον
728 4441 837 4502 τοῖς
873 4436 1035 4497 Θεοῖς·
1069 4435 1115 4485 ει
1147 4432 1190 4484 δ’
1239 4427 1350 4492 οὖν,
1377 4428 1511 4482 ἀλλὰ
1545 4427 1714 4480 κακόν

149 4559 199 4592 σε
229 4540 415 4600 κακῶς
440 4538 502 4588 τὸ
530 4535 663 4603 ἐμὸν
694 4531 951 4585 ἀπολέσει
977 4526 1195 4597 κράτος.
1223 4524 1333 4578 Καὶ
1365 4525 1392 4576 ὁ
1425 4521 1671 4594 Βαδύλας
1699 4537 1709 4547 ·

158 4635 303 4699 Ἐμοὶ
341 4630 413 4684 δι’
439 4628 606 4695 εὐχῆς
635 4621 702 4695 ἦν
733 4623 872 4676 ὥστε
915 4621 1006 4672 καὶ
1053 4619 1109 4670 σὲ
1137 4618 1233 4685 τῆς
1277 4612 1714 4684 περικεχυμένης

149 4743 222 4777 σοι
242 4724 444 4791 ταύτης
475 4719 791 4785 ἀνενεγκεῖν
819 4712 1034 4784 ἀχλύος,
1063 4713 1215 4778 εἴπερ
1244 4708 1346 4760 κᾶν
1374 4711 1469 4768 τὰς
1501 4707 1713 4774 μακρὰς

1834 2041 1996 2093 etiam
2026 2043 2150 2095 l'ecit
2176 2054 2441 2110 pastorem
2475 2062 2694 2101 suarum
2733 2053 2936 2118 ovium,
2969 2073 3141 2127 neque
3173 2078 3258 2117 me
3293 2068 3410 2120 dor-

1836 2131 1972 2184 mire
2014 2133 2184 2194 sinit,
2236 2150 2356 2185 cunt
2415 2135 2571 2204 lupus
2619 2140 2813 2205 irt'ttil,
2867 2145 3247 2212 imperatorem
3303 2171 3406 2210 ῃυη

1833 2221 1987 2274 alleci
2022 2225 2344 2277 contumelia
2374 2228 2546 2293 (esset
2574 2230 2718 2283 enim
2740 2232 2840 2288 hoc
2876 2215 3171 2295 insolentiae
3203 2255 3255 2298 et
3287 2264 3410 2314 pro-

1832 2317 2114 2382 pemodum
2148 2317 2428 2384 insanity),
2466 2320 2557 2374 sed
2599 2337 2720 2375 cum
2760 2327 2916 2381 vellet
2960 2344 3148 2387 saneta
3195 2336 3406 2394 allicere

1834 2407 2202 2469 contumelia,
2258 2409 2520 2461 continui.
2574 2411 2936 2476 Quamobrem
2993 2422 3219 2479 deberes
3275 2431 3402 2483 Inibi

1832 2511 1937 2549 non
1972 2513 2190 2562 parvam
2221 2499 2323 2553 hoc
2355 2503 2571 2555 nomine
2598 2518 2757 2572 agere
2789 2511 3038 2576 gratiam,
3074 2519 3216 2582 quod
3248 2522 3404 2576 talem

1837 2594 1984 2637 tuum
2014 2598 2266 2639 conatum
2292 2591 2682 2656 prohibuerim,
2709 2608 2771 2646 ex
2796 2613 2904 2665 quo
2921 2599 3237 2658 deturbatus
3258 2622 3408 2662 esses

1833 2676 1886 2728 in
1915 2688 2212 2730 extremum
2254 2680 2566 2733 barathrum
2604 2682 2872 2749 interitus,
2899 2705 3020 2741 cum
3053 2692 3104 2742 in
3132 2708 3253 2746 cum
3281 2711 3406 2764 pec-

1832 2784 2011 2822 casses
2056 2786 2081 2821 a
2136 2785 2242 2838 quo
2285 2773 2537 2826 excidere
2583 2784 2665 2827 est
2713 2779 2902 2843 quavis
2956 2792 3126 2836 morte
3165 2789 3402 2853 gravi-tis.

1832 2857 2190 2915 Nunicrianus
2227 2873 2441 2916 autem:
2477 2865 2609 2918 Cum
2652 2875 2724 2930 te,
2749 2865 3252 2938 inquit,'oporteret
3289 2892 3405 2946 pm-

1831 2952 2003 3006 nitcre
2041 2968 2228 3005 corum
2278 2969 2395 3020 qua:
2456 2970 2874 3024 praecesserunt,
2931 2973 2982 3016 tu
3019 2981 3114 3019 nos
3148 2969 3406 3035 prolixio-

1830 3049 1977 3103 ribus
2003 3051 2246 3118 aSpergis
2279 3052 2597 3107 maledictis.
2638 3053 2842 3125 Martyr
2872 3071 3049 3113 autem
3087 3065 3398 3131 excipiens:

1828 3139 2012 3203 Nobis,
2042 3141 2236 3208 inquit,
2278 3157 2383 3196 non
2421 3143 2545 3198 licet
2571 3147 2771 3212 alioqui
2811 3149 2974 3204 ullum
3006 3152 3276 3208 hominem
3309 3173 3402 3223 ap-

794 3266 894 3306 nec
929 3263 1061 3318 ergo
1090 3259 1142 3302 te
1177 3244 1476 3301 maledictis
1512 3241 1832 3312 appetimus.
1902 3239 2182 3305 Quomodo
2257 3240 2398 3293 enim
2426 3280 2440 3304 ,
2487 3256 2608 3296 cum
2656 3244 2732 3298 sis
2810 3245 2901 3300 Dei
2970 3249 3278 3317 ﬁgmentum
3303 3294 3316 3315 ,
3351 3264 3404 3307 et

1909 3421 1995 3473 Ill.
2031 3420 2394 3474 Numerianus
2418 3432 2620 3488 autem,
2656 3424 3050 3494 interrnnipeus
3089 3434 3398 3486 eontext’um

1827 3515 1941 3582 ejus
1967 3515 2251 3579 orationis,
2289 3515 2392 3568 Sed
2436 3515 2655 3584 juheus,
2685 3517 2873 3584 inquit,
2910 3519 3085 3574 valere
3115 3521 3250 3575 hanc
3281 3539 3396 3576 nta-

1826 3621 1981 3674 guam
2009 3607 2115 3659 vim
2143 3607 2452 3670 verborum,
2482 3608 2524 3661 si
2554 3609 2683 3661 velis
2712 3624 2899 3675 poenas
2920 3611 3152 3678 elfngere
3181 3627 3398 3684 propter

1826 3700 2032 3752 Crimen
2073 3699 2412 3760 Subeundas,
2470 3701 2718 3754 maximis
2749 3703 2850 3756 diis
2884 3705 3154 3759 sacriﬁca.
3194 3707 3397 3770 Μαι-ινι-

1827 3799 2003 3846 autem
2033 3804 2152 3842 cum
2187 3791 2335 3856 prius
2369 3791 2732 3858 respondisset
2761 3793 2826 3845 ad
2853 3795 3309 3861 criminationem,
3338 3769 3400 3854 ἐι

1827 3884 2057 3938 dixisset
2084 3898 2142 3936 se
2164 3893 2413 3953 ptompto
2448 3894 2501 3939 et
2523 3885 2687 3938 alacri
2725 3885 2904 3939 animo
2935 3902 3032 3955 pro
3057 3905 3216 3958 grege
3248 3906 3369 3958 quae

1828 3977 1907 4029 vis
1941 3989 2060 4030 esse
2085 3990 2416 4043 .passurum,
2463 3975 2655 4028 deinde
2685 3989 3015 4043 prosequens
3054 3996 3065 4029 :
3103 3978 3266 4044 Fieri,
3302 3981 3396 4034 itt-

1825 4071 1972 4138 quit,
2007 4085 2111 4123 non
2143 4077 2356 4138 potest,
2386 4084 2419 4122 ο
2453 4070 2769 4136 imperator,
2804 4079 2861 4120 ut
2894 4083 2923 4121 a
2957 4085 3084 4123 vero
3122 4071 3230 4126 Deo
3259 4073 3396 4128 deti-

1825 4162 2011 4224 ciens,
2053 4175 2144 4213 eos
2179 4160 2386 4222 colam,
2434 4160 2524 4228 qui
2563 4160 2695 4212 falso
2730 4159 3070 4227 appellantur
3100 4161 3209 4225 dii;
3263 4178 3396 4230 quos

1827 4253 1908 4306 vel
1943 4253 2432 4312 solumnominare
2461 4261 2545 4304 est
2594 4265 2844 4319 magnum
2893 4253 3126 4306 dedecus
3186 4254 3250 4306 iis
3305 4257 3396 4322 qui

1827 4346 2010 4399 volunt
2033 4361 2150 4398 esse
2177 4345 2266 4412 pii.
2303 4344 2394 4396 Ille
2424 4353 2601 4396 autem
2631 4359 2644 4396 :
2678 4342 2899 4405 Eadem,
2932 4343 3104 4409 inquit
3138 4344 3228 4397 tibi
3253 4345 3395 4410 dico,

1823 4452 1941 4506 qua:
1972 4437 2121 4505 prius
2161 4453 2174 4487 :
2216 4435 2456 4503 prolixus
2502 4435 2720 4487 mittens
2753 4448 2922 4502 nugas
2958 4435 3061 4488 diis
3101 4435 3344 4489 sacrilica
3379 4455 3392 4488 :

1824 4531 1906 4582 sin
1945 4530 2153 4589 minus,
2197 4535 2246 4578 te
2289 4525 2486 4576 malum
2537 4523 2674 4577 male
2723 4535 2841 4576 mea
2895 4523 3086 4591 perdet
3132 4525 3394 4591 potentia.

1823 4617 2051 4687 Babylas
2090 4624 2310 4668 autem:
2343 4614 2494 4678 Mihi,
2537 4614 2730 4682 inquit,
2775 4626 2893 4668 erat
2938 4616 2990 4668 in
3026 4615 3185 4678 votis,
3239 4627 3295 4668 ut
3328 4617 3396 4668 ab

1825 4711 1955 4770 hac,
1994 4722 2099 4775 qua
2141 4722 2198 4760 es
2244 4705 2638 4768 circumfusus,
2676 4706 2906 4773 caligine
2942 4705 3253 4761 liberareris
3294 4726 3307 4760 :
3347 4706 3393 4760 si

149 4819 346 4879 ὲκείνας
381 4786 817 4876 aiat-diluviem);
853 4806 1120 4875 τιμωρίας
1162 4802 1393 4870 διέδρας.
1436 4798 1595 4850 Ἀλλά
1645 4798 1709 4849 σὺ

1830 4816 1919 4868 pta
1959 4799 2160 4852 ratione
2195 4797 2306 4850 ﬁeri
2337 4806 2536 4865 posset,
2574 4806 2632 4849 ut
2674 4797 2828 4864 longa
2865 4797 2951 4850 illa
2984 4805 3037 4850 et
3069 4796 3393 4850 immortalia

153 4910 231 4961 καὶ
267 4908 460 4970 ἀλλους
498 4907 588 4956 ἐπὶ
630 4904 831 4970 ταύτην
868 4897 1239 4967 παρακαλεῖς,
1275 4893 1495 4961 μείζονα
1533 4889 1710 4958 ἑαυτῷ

148 5001 234 5069 τὴν
257 5000 457 5070 ἡπειλη
471 5001 637 5065 μένην
661 4995 915 5047 ἀνάπτων
938 4989 1184 5058 γέενναν·
1219 4983 1352 5037 θεοῦ
1383 4984 1490 5052 γάρ
1511 4981 1710 5044 ζῶντος

149 5093 418 5160 διαφυγεῖν
439 5092 629 5160 χεῖρας
651 5088 949 5156 ἀμήχανον.
977 5082 1049 5134 Τὸ
1072 5081 1125 5132 δὲ
1149 5079 1241 5132 καὶ
1269 5077 1468 5131 ἁλῶναι
1490 5074 1709 5136 ταύταις

148 5186 336 5253 ἡλίκον,
370 5187 400 5239 ὸ
435 5181 587 5245 ἅπαξ
608 5177 866 5249 ἐμπεσὼν
898 5177 1119 5227 εἴσεται.

210 5461 276 5513 Δ’.
313 5459 503 5513 Ταῦτα
527 5453 668 5520 εἶπε,
702 5455 794 5507 καὶ
824 5454 998 5506 πάντα
1028 5451 1213 5518 ὥσπερ
1245 5450 1507 5517 ὀστράκου
1545 5465 1707 5517 μετα-

153 5553 395 5614 πεσόντος
420 5551 518 5602 ἑπὶ
565 5547 626 5599 τὸ
665 5545 908 5598 ἐναντίον
951 5541 1175 5612 ἐχώρει·
1213 5541 1312 5608 τὴν
1348 5541 1455 5608 γὰρ
1494 5539 1706 5590 σύνεσιν

211 5752 283 5822 (3)
308 5750 498 5805 Graece
539 5744 1028 5822 ὦσπερρστράκού
1062 5741 1479 5822 μεταπεεόιατος,
1533 5757 1551 5786 ι
1593 5746 1702 5822 tes-

153 5809 244 5874 tula
264 5809 632 5874 'transtnutata
669 5809 713 5866 ιζ
736 5813 808 5866 De
835 5809 1174 5872 ostracismo,
1205 5809 1582 5877 sullragiorunt
1611 5821 1705 5876 εει

153 5909 262 5946 acre
292 5909 384 5962 per
407 5888 651 5944 caltulos
690 5899 750 5937 ac
796 5884 968 5945 fabas,
1000 5891 1054 5934 et
1097 5880 1406 5935 ostracinda
1457 5878 1563 5931 ludi
1608 5893 1699 5946 ge~

406 5990 676 6051 Pnnor.
715 5982 822 6044 Gn.
857 5979 1066 6041 CXIV.
1121 5977 1125 5981 ’

1818 4889 2078 4958 elTngeres
2119 4889 2401 4957 supplicia.
2449 4888 2552 4941 Sed
2607 4897 2663 4941 ttt
2713 4887 2848 4940 alios
2895 4901 3108 4954 quoque
3160 4889 3226 4939 ad
3272 4903 3391 4940 eam

1819 4982 2141 5043 adhortaris,
2174 4980 2427 5047 majorem
2453 4979 2544 5032 tibi
2575 4978 2878 5032 accendens
2904 4979 3204 5047 gehennam
3235 4981 3391 5049 cujus

1820 5074 1974 5127 minae
1999 5084 2126 5125 sunt
2158 5073 2249 5126 tibi
2279 5073 2576 5124 intentata.
2616 5070 2756 5123 Fieri
2788 5070 2928 5122 cnim
2964 5085 3070 5123 non
3104 5080 3300 5137 potest,
3336 5081 3390 5122 ut

1818 5165 2041 5235 cll‘ugias
2094 5181 2285 5218 manus
2323 5165 2411 5218 Dei
2454 5163 2701 5217 viventis.
2748 5161 3060 5228 Cujusmodi
3099 5175 3276 5216 autem
3323 5169 3390 5216 stt

1817 5261 1883 5314 ab
1929 5262 2008 5313 eis
2053 5275 2173 5314 esse
2216 5258 2634 5325 apprehensum,
2684 5255 2818 5308 sciet
2864 5255 2953 5323 qui
2997 5254 3165 5308 semel
3209 5255 3262 5308 in
3296 5268 3388 5308 eas

1813 5353 2078 5406 inciderit.

1888 5444 1974 5497 IV.
2011 5443 2132 5497 llmc
2160 5441 2292 5496 dixit
2332 5459 2340 5491 :
2377 5450 2431 5494 et
2454 5444 2634 5494 omnia
2669 5439 2892 5509 perinde
2920 5452 2982 5492 ac
3014 5440 3056 5491 si
3089 5451 3386 5492 conversus

1816 5548 1959 5592 esset
1987 5539 2064 5604 (5)
2094 5535 2349 5599 calculus,
2396 5545 2600 5588 mutata
2634 5542 2758 5588 sunt
2794 5533 2844 5584 in
2875 5530 3231 5586 contrarium.
3271 5528 3382 5581 Viri

1816 5751 1964 5796 nere,
2015 5735 2153 5786 unde
2183 5731 2430 5797 adagium
2467 5733 2567 5786 hoc
2593 5731 2954 5796 desumptnm,
2987 5730 3205 5782 consule
3255 5729 3380 5780 lira-

1811 5823 1984 5861 smtttu
2020 5805 2068 5856 in
2107 5803 2341 5870 Adagits.

2996 5960 3054 6018 31
