4148 6486
725 467 830 533 9⁵11

1978 456 2264 518 MENSIS
2303 456 2763 522 JANUARIUS.

3918 456 4027 520 979

719 580 864 634 enim
908 572 1228 644 sapientiam
1260 570 1563 625 admiratus
1597 566 1983 631 Numerianus,
2011 567 2079 621 ab
2109 568 2191 621 ira
2219 567 2309 620 de-

2429 564 2506 618 εοῦ
2555 563 2748 638 ἀνδρὸς
2790 566 2817 617 ό
2848 564 3228 635 Νουμεριανὸς
3270 564 3563 637 θαυμάσας
3605 567 3707 637 τῆς
3740 568 3919 638 ὀργῆς
3969 585 4027 619 τε

717 671 879 732 sinit.
921 678 1153 733 eumque
1181 662 1390 731 placide
1432 670 1489 717 et
1518 663 1691 717 amice
1730 660 1983 716 intuens:
2026 658 2070 713 Ο
2102 659 2311 724 doctor,

723 761 939 831 inquit,
976 770 1299 825 puerorum,
1330 764 1554 823 potesne
1589 752 1770 807 dicere
1849 752 1991 821 quod
2027 752 2097 806 sit
2132 750 2316 807 Deus?

726 856 815 910 Ille
873 862 1101 908 autem:
1157 848 1250 904 Dei
1290 850 1530 918 quidem,
1589 847 1790 916 inquit,
1840 858 2111 910 naturam,
2156 861 2222 901 ne
2268 845 2314 901 si

723 949 952 1004 multum
1020 945 1238 1017 quidem
1299 942 1595 1006 laboraris,
1649 941 1951 996 inveneris.
2009 941 2107 995 Est
2167 940 2313 993 enim

725 1042 1036 1106 inell'abilis,
1075 1048 1130 1096 et
1162 1039 1251 1108 qui
1294 1053 1393 1092 nec
1424 1045 1603 1106 potest
1633 1032 2044 1105 comprehendi,
2081 1046 2181 1087 nec
2216 1032 2317 1085 hu-

725 1136 901 1189 manis
934 1132 1179 1199 indagari
1209 1128 1670 1198 cogitationibus;
1702 1128 2031 1197 principium
2068 1124 2307 1179 universi

721 1235 779 1284 ct
815 1223 1127 1281 constitutio
1154 1261 1169 1287 ,
1214 1221 1443 1293 Rexque
1474 1231 1529 1277 et
1555 1221 1818 1277 Dominus
1849 1227 1902 1275 et
1940 1219 2167 1274 Creator
2197 1231 2316 1272 om-

725 1319 896 1373 nium.
946 1314 1083 1371 Cum
1123 1321 1307 1369 autem
1357 1313 1427 1369 sit
1458 1327 1672 1381 semper
1701 1300 2017 1365 tmllins°rei
2067 1310 2316 1379 indigens

725 1410 893 1469 (talis
930 1405 1197 1465 est.enim
1230 1406 1429 1470 Deus),
1464 1404 1591 1457 fecit
1634 1402 1855 1471 angelos
1890 1401 1990 1473 (ιι),
2043 1412 2095 1456 et
2124 1417 2317 1459 omnes

723 1501 860 1556 alias
899 1498 1169 1555 essentias
1208 1497 1683 1565 incorporeormn.
1733 1492 1862 1547 Post
1892 1494 2088 1548 horum
2132 1508 2313 1547 autem

723 1593 1059 1651 creationem
1089 1630 1106 1657 ,
1161 1587 1291 1642 fecit
1354 1588 1665 1651 hominem,
1717 1595 1771 1639 et
1814 1586 1957 1638 hunc
2003 1584 2313 1637 universum

729 1685 1031 1745 mundum.
1084 1690 1140 1738 et
1187 1695 1312 1737 eum
1360 1680 1546 1748 implet
1590 1678 1751 1733 bonis
1796 1676 2312 1741 innumerabilibus,

723 1777 1082 1846 pronuntians
1108 1775 1282 1844 ipsum
1311 1773 1363 1825 id
1387 1784 1509 1825 esse
1538 1770 1592 1824 in
1628 1779 1795 1832 terra,
1818 1769 1961 1838 quod
1988 1770 2105 1838 ipse
2143 1777 2226 1824 est
2258 1768 2312 1822 in

725 1871 903 1926 catis.
934 1868 1070 1922 Eum
1102 1881 1225 1922 cum
1259 1866 1311 1920 in
1348 1873 1499 1919 tanto
1523 1866 1727 1918 honore
1766 1863 2161 1927 constituisset,
2190 1872 2313 1916 tan-

727 1977 890 2029 quam
940 1959 1051 2029 regi
1089 1957 1327 2027 regiam,
1380 1958 1429 2011 ci
1476 1971 1657 2011 rerum
1709 1964 2047 2009 terrenarum
2105 1965 2313 2024 partem

730 2054 980 2109 attribuit
1009 2050 1461 2122 pulcherrimam,
1490 2063 1684 2118 nempe
1719 2048 2054 2118 paradisum.
2092 2048 2157 2102 Et
2194 2062 2314 2102 cum

731 2156 927 2216 praeter
955 2146 1066 2199 haec
1089 2142 1247 2197 vellet
1266 2142 1315 2195 ei
1341 2141 1557 2196 aliunde
1584 2142 1894 2207 ostendere,
1920 2149 2183 2209 quantum
2211 2138 2316 2194 alia

730 2243 1019 2305 superaret
1047 2235 1368 2297 animantia,
1401 2234 1549 2287 ducit
1578 2234 1644 2287 ad
1683 2249 1805 2287 eum
1840 2233 2046 2297 omnia,
2086 2244 2140 2287 et
2163 2232 2319 2302 jubet

732 2343 854 2382 eum
905 2327 1124 2381 nomina
1178 2326 1456 2393 imponere
1497 2322 1770 2377 omnibus.
1821 2322 1954 2376 Cum
2004 2331 2187 2374 autem
2221 2334 2319 2389 per

733 2422 849 2475 haec
873 2420 1145 2474 docuisset
1188 2431 1310 2470 eum
1338 2430 1458 2471 esse
1497 2416 1741 2469 omnium
1778 2414 2313 2484 prmstantissimnm,

737 2523 866 2566 tunc
896 2519 1046 2566 creat
1074 2510 1240 2565 etiam
1275 2508 1581 2572 mulierem,
1618 2521 1681 2561 ea
1709 2521 1929 2576 quoque
1960 2520 2083 2560 eum
2131 2519 2320 2559 rursus

736 2606 1048 2667 honoratis,
1104 2611 1160 2657 et
1210 2599 1563 2655 manifestum
1598 2599 1862 2663 reddens,
1916 2599 2061 2668 quod
2099 2605 2323 2667 propter

737 2698 913 2765 ipsum
953 2693 1091 2747 facta
1131 2691 1221 2746 sit.
1254 2690 1371 2745 Non
1404 2690 1487 2745 his
1521 2699 1704 2745 autem
1746 2690 1919 2745 solum
1953 2691 2189 2752 ornavit,
2229 2687 2321 2744 sed

738 2790 904 2844 etiam
949 2785 1048 2841 soli
1087 2800 1150 2840 ex
1186 2785 1440 2840 omnibus
1466 2785 1515 2838 ei.
1540 2784 1688 2837 dedit
1719 2784 2002 2847 rationem,
2037 2781 2163 2837 etei
2192 2796 2323 2835 con-

738 2883 902 2938 cessit
943 2889 1002 2933 ut
1031 2879 1304 2931 frueretur
1329 2876 1448 2946 ejus
1475 2876 1890 2931 consuetudine.
1924 2873 2019 2930 llle
2056 2888 2186 2928 vero
2217 2873 2322 2928 ini-

743 2973 942 3026 micum
974 2978 1221 3025 statuens
1259 2968 1434 3037 magis
1466 2965 1573 3023 ﬁde
1597 2966 1820 3037 dignum
1863 2980 1930 3020 eo
1961 2965 2055 3034 qui
2088 2968 2201 3019 hare
2232 2965 2325 3020 de-

742 3063 918 3123 derat,
952 3067 1005 3115 et
1036 3058 1235 3113 nullam
1263 3057 1467 3111 ducens
1493 3057 1754 3111 rationem
1786 3055 2025 3111 mandati
2048 3056 2325 3112 Creatoris

2419 657 2705 724 ὑπολήγει,
2736 658 2831 709 καὶ
2857 654 3066 726 ἥμερόν
3100 674 3154 710 τι
3181 658 3345 712 αὑτὸν
3374 660 3471 712 καὶ
3502 658 3683 727 φίλιον
3716 659 4025 729 προσιδὼν,

2418 746 2488 801 Ὦ
2515 748 2804 803 διδάσκαλε
2855 749 3081 816 παίδων,
3113 753 3300 820 φησιν,
3330 751 3477 821 ἔχοις
3508 754 3575 805 ἂν
3599 755 3776 805 εἰπεῖν
3808 756 3860 805 τί
3889 770 4025 805 ποτε

2418 840 2525 910 ἄρα
2557 838 2642 909 εἴη
2671 839 2839 906 Θεός;
2879 841 2945 892 Ὃ
2975 840 3054 906 δὲ,
3078 840 3211 893 Θεοῦ
3233 843 3331 911 μὲν
3354 842 3538 911 φύσιν,
3565 838 3743 910 εἶπεν,
3776 845 3925 909 οὐδὲ,
3958 845 4025 896 iv

2419 938 2591 992 πολλὰ
2618 938 2838 1009 κάμοις,
2874 940 3155 1009 εὑρήσειςο
3184 939 3301 992 ἔστι
3322 940 3434 1011 γὰρ
3462 943 3721 1014 dem-.0;
3751 943 4023 1020 ἄληπτος,

2419 1031 2701 1100 λογισμοῖς
2728 1031 3096 1103 ἀνθρωπίνοις
3119 1032 3444 1105 ἀνεξερεύνη
3456 1051 3562 1097 τος,
3592 1036 3740 1105 ἀρχὴ
3767 1036 3864 1105 τοῦ
3887 1053 4027 1087 παν-

2416 1124 2509 1187 τὸς
2556 1123 2650 1177 καὶ
2680 1125 2965 1191 συνουσία,
3002 1125 3265 1188 Βασιλεύς
3307 1143 3365 1178 τε
3413 1128 3507 1179 καί
3542 1128 3746 1196 Κύριος
3791 1130 3880 1179 καὶ
3915 1130 4030 1197 Δηο

2422 1216 2683 1289 μιουργὸς
2736 1218 3031 1270 ἁπάντων·
3085 1219 3341 1288 ἀνενδεὴς
3378 1219 3434 1271 δὲ
3483 1218 3558 1271 ῶν
3609 1222 3698 1272 ἀεὶ
3739 1219 4025 1289 (τοιοῦτον

2418 1310 2527 1379 γὰρ
2559 1310 2619 1363 τὸ
2644 1310 2844 1381 Θεῖον),
2888 1311 3148 1381 ἐποίησεν
3175 1312 3444 1379 ἀγγέλους
3468 1312 3562 1367 καὶ
3594 1314 3982 1383 ἀρχαγγέλους
4007 1355 4021 1373 ,

2419 1402 2584 1465 ἄλλας
2609 1420 2668 1454 τε
2701 1404 2881 1467 πάσας
2911 1403 3018 1456 τῶν
3048 1404 3361 1472 ἀσωμάτων
3390 1404 3613 1456 οὺσιῶν’
3652 1405 3792 1473 μετὰ
3830 1403 3887 1455 δὲ
3921 1404 4024 1472 τὴν

2419 1493 2625 1546 τούτων
2658 1493 3027 1563 δημιουργίαν
3066 1496 3213 1546 ποιεῖ
3262 1495 3359 1547 καὶ
3406 1493 3498 1546 τὸν
3542 1494 3835 1564 ἄνθρωπον
3863 1535 3876 1556 ,
3924 1493 4025 1545 καὶ

2419 1588 2641 1658 ἅπαντα
2673 1587 2827 1640 τόνδε
2862 1586 2953 1639 τὸν
2984 1586 3191 1655 κόσμον
3212 1626 3227 1652 ,
3273 1587 3371 1639 καὶ
3413 1586 3622 1656 μυρίων
3652 1587 3819 1639 αὐτὸν
3850 1584 4023 1653 ἐμπί-

2419 1679 2530 1751 πλη
2543 1697 2626 1732 σιν
2656 1678 2903 1746 ἀγαθῶν,
2936 1677 3098 1732 τοῦτο
3130 1679 3294 1732 αὑτὸν
3321 1680 3611 1747 ἀποφήνας
3641 1681 3736 1732 ἐπὶ
3764 1679 3865 1748 τῆς
3896 1677 4024 1745 γῆς,

2420 1771 2558 1841 ὅπερ
2587 1771 2736 1823 ἐστὶν
2760 1768 2924 1833 αὐτὸς
2955 1770 3015 1823 ὲν
3034 1772 3147 1833 τοῖς
3169 1770 3442 1841 οὐρανοῖς.
3469 1770 3675 1823 Τοῦτον
3695 1772 3754 1823 ὲν
3778 1771 4026 1840 τοσαύτῃ

2419 1866 2556 1933 τιμῇ
2585 1864 2963 1931 καταστήσας,
2989 1861 3246 1933 καθάπερ
3270 1863 3519 1933 βασίλεια
3544 1864 3776 1933 βασιλεῖ,
3808 1865 3871 1917 τὸ
3891 1864 4026 1917 κάλ-

2423 1958 2609 2010 λιστον
2645 1956 2797 2026 αὐτῷ
2824 1956 2988 2026 μέρος
3005 1955 3115 2009 τῶν
3145 1956 3407 2023 ἐπιγείων
3436 1957 3675 2022 ἀπέταξε
3704 1956 3797 2008 τὸν
3828 1956 4023 2026 παρά-

2417 2048 2598 2101 δεισον
2622 2062 2637 2077 ·
2669 2047 2765 2099 καὶ
2792 2047 2928 2115 πρὸς
2957 2046 3169 2108 τούτοις
3198 2046 3522 2116 βουλόμενος
3548 2048 3698 2116 αύτῷ
3728 2048 3905 2111 δεῖξαι
3930 2049 4029 2099 καὶ

2419 2140 2644 2193 ἄλλοθεν
2674 2138 2797 2191 ὅσον
2835 2137 2904 2190 τὰ
2936 2137 3073 2190 ἄλλα
3126 2139 3475 2208 ὑπερϐέϐηκε
3526 2138 3675 2203 ζῶα,
3723 2142 3847 2206 ἄγει
3888 2140 4027 2208 πρὸς

2427 2232 2591 2286 αὑτὸν
2623 2232 2872 2297 ἃπαντα,
2904 2231 2999 2283 καὶ
3036 2231 3282 2299 ὀνόματα
3309 2232 3578 2285 ἐπιθεῖναι
3611 2233 3824 2286 κελεύει
3858 2236 4028 2287 πᾶσιν

2422 2323 2587 2375 αὐτόν
2612 2338 2626 2352 ο
2664 2322 2759 2374 καὶ
2798 2321 2885 2373 διὰ
2910 2320 3116 2376 τούτων
3139 2322 3354 2388 διδάξας
3384 2324 3547 2377 αὐτὸν
3573 2326 3653 2378 ὅτι
3684 2327 3906 2378 πάντων
3934 2326 4033 2376 αύ-

2420 2416 2511 2479 τός
2541 2418 2657 2467 ἐστι
2685 2412 3041 2482 τιμιώτερος,
3065 2414 3185 2465 τότε
3209 2414 3273 2484 δὴ
3316 2414 3492 2479 κτίζει
3523 2417 3617 2468 καὶ
3636 2416 3736 2485 τὴν
3763 2419 4028 2483 γυναῖκα,

2424 2514 2515 2567 καὶ
2551 2512 2727 2580 τούτῳ
2761 2510 2925 2563 πάλιν
2976 2510 3141 2563 αὐτὸν
3172 2512 3312 2581 τιμᾷ
3353 2512 3449 2564 καὶ
3480 2513 3714 2581 φανερὸν
3763 2513 3914 2563 ποιεῖ
3943 2512 4027 2562 δτι

2429 2602 2495 2655 δι’
2517 2601 2680 2654 αὑτὸν
2704 2602 2948 2669 γέγονεν.
2981 2601 3055 2655 Οὐ
3083 2601 3297 2663 τούτοις
3325 2602 3383 2653 δὲ
3428 2602 3589 2672 μόνον
3621 2604 3785 2656 αὐτὸν
3815 2605 4029 2657 ἀπεσε-

2427 2709 2645 2761 μνυνεν,
2664 2691 2802 2745 ἀλλὰ
2832 2692 2926 2745 καὶ
2942 2691 3100 2758 λόγον
3128 2694 3274 2764 μόνῳ
3303 2694 3410 2745 τῶν
3436 2695 3693 2748 ἁπάντων
3711 2697 4032 2766 ἐχαρίσατο,

2426 2786 2521 2836 καὶ
2570 2783 2789 2853 ὁμιλίας
2841 2784 2942 2853 τῆς
2993 2784 3161 2838 αὑτοῦ
3208 2786 3443 2839 δέδωκεν
3490 2788 3813 2841 ἀπολαύειν.
3875 2790 3936 2842 ’0
3977 2788 4034 2840 δὲ

2430 2876 2750 2946 πιστότερον
2780 2874 2875 2929 τοῦ
2901 2876 3077 2929 ταῦτα
3098 2877 3489 2949 δωρησαμένου
3521 2880 3613 2933 τὸν
3638 2881 3840 2952 ἐχθρὸν
3869 2881 4037 2951 θέμε-

2428 2985 2538 3033 νος,
2600 2968 2698 3022 καὶ
2748 2973 2850 3039 τῆς
2904 2970 3129 3041 ἐντολῆς
3183 2971 3282 3025 τοῦ
3331 2975 3657 3044 ποιήσαντος
3716 2975 4035 3046 ἀλογήσας,

2431 3062 2771 3133 προετίμησε
2792 3064 2893 3132 τὴν
2920 3064 3139 3135 ἀπάτην
3164 3064 3257 3117 τοῦ
3276 3066 3557 3128 παντελῶς
3577 3068 3739 3119 αὑτὸν
3763 3070 4034 3138 ἐκτρέψαι

744 3154 845 3216 sui,
885 3150 1057 3221 pluris
1085 3148 1214 3204 fecit
1246 3148 1622 3218 deceptionem
1656 3148 1799 3217 ejus,
1828 3148 1917 3218 qui
1954 3162 2076 3203 eum
2102 3148 2322 3204 omnino

2436 3153 2866 3221 σπουδάσαντος,
2893 3157 2985 3208 καὶ
3009 3157 3228 3210 πάντων
3255 3158 3467 3227 ἀθρόως
3486 3160 3592 3212 τῶν
3616 3158 3841 3226 ἀγαθῶν
3872 3160 4037 3214 ἑκϐα-

744 3245 952 3299 studuit
981 3249 1287 3306 conterere,
1313 3249 1367 3295 et
1396 3242 1649 3295 omnibus
1672 3240 1829 3296 bonis
1860 3240 2017 3295 simul
2042 3252 2321 3305 evertere;

746 3352 867 3392 cum
909 3337 996 3389 ille
1044 3349 1145 3389 nec
1183 3348 1398 3403 magno,
1434 3347 1533 3387 nec
1567 3348 1736 3401 parvo
1764 3348 1885 3388 eum
1929 3332 2200 3388 aﬂecisset
2232 3335 2327 3389 be-

746 3429 963 3493 neticio,
994 3430 1087 3481 sed
1114 3425 1279 3479 verbo
1306 3424 1421 3479 solo
1455 3440 1577 3479 cum
1611 3439 1676 3478 eo
1705 3425 1924 3493 egisset.
1961 3425 2169 3481 Eumne
2200 3442 2329 3495 ergo

747 3522 890 3576 Deus
942 3520 1177 3576 delevit?
1232 3517 1308 3572 Ex
1370 3520 1579 3572 ratione
1622 3520 1765 3572 enim
1804 3518 2025 3585 iustitiae
2078 3520 2178 3572 hoc
2211 3526 2330 3572 erat

747 3620 1197 3665 consentaneum.
1259 3608 1353 3663 Ille
1407 3623 1538 3662 vero
1590 3623 1693 3662 non
1735 3609 1913 3663 minus
1960 3622 2123 3677 quam
2182 3608 2331 3677 prius

748 3702 1117 3772 perseveravit
1149 3700 1197 3755 ei
1232 3698 1579 3764 benefacere,
1613 3699 1910 3753 ostendens
1942 3700 2085 3767 quod
2117 3700 2328 3753 etiamsi

749 3794 942 3849 millies
971 3792 1401 3860 peccaverimus,
1432 3804 1535 3843 non
1564 3791 1777 3844 desistit
1813 3799 1990 3843 tamen
2025 3792 2136 3858 ipse
2174 3791 2330 3844 nobis

748 3898 1047 3953 procurare
1092 3898 1212 3951 qua:
1258 3882 1529 3951 pertinent
1574 3882 1638 3935 ad
1670 3882 1922 3935 salutem.
1971 3881 2332 3938 Numerianus

751 3989 930 4031 autem
962 3976 1078 4029 haec
1108 3974 1356 4037 audiens,
1392 3988 1578 4027 eorum
1622 3988 1749 4026 vero
1783 3974 2192 4044 intelligentiam
2230 3976 2332 4028 mi-

752 4071 900 4124 nime
953 4068 1136 4121 valens
1191 4067 1451 4134 consequi
1503 4066 1811 4134 (quomodo
1852 4068 1991 4118 enim
2044 4067 2097 4120 id
2151 4077 2331 4136 po;.set

754 4161 955 4221 anima,
981 4173 1099 4228 qnue
1128 4158 1335 4212 divinas
1362 4170 1466 4210 non
1498 4157 1736 4224 gustavit
1767 4157 1989 4226 gratias,
2022 4168 2076 4212 et
2110 4175 2176 4211 ne
2205 4174 2333 4228 par-

752 4266 872 4303 vam
907 4251 1122 4317 quidem
1169 4250 1401 4301 habebat
1450 4248 1803 4315 sapientiam,
1840 4261 2066 4316 eratque
2112 4250 2333 4305 omnino

756 4342 917 4394 stulta
959 4350 1015 4393 et
1059 4337 1411 4404 inerudita?)
1438 4352 1496 4390 se
1526 4347 1705 4390 tamen
1742 4353 1863 4392 esse
1893 4339 2027 4392 adeo
2062 4354 2330 4406 crassum,

755 4443 808 4486 et
857 4431 1006 4484 nullo
1045 4444 1207 4483 sensu
1250 4428 1537 4497 praeditum
1570 4431 1899 4484 erubescens
1932 4433 2221 4485 ostendere
2267 4434 2332 4487 iis

2436 3245 2571 3312 λεῖν,
2595 3246 2751 3300 οὐδὲν
2782 3247 2903 3300 οὗτε
2937 3250 3080 3318 μέγα
3104 3250 3229 3303 οὔτε
3265 3252 3459 3321 μικρὸν
3494 3252 3819 3321 εὐεργεσίας
3847 3255 4037 3305 ἕνεκεν

2437 3338 2855 3407 ἐπιδειξαμένου
2891 3342 3025 3409 πρὸς
3051 3343 3215 3394 αὐτὸν
3248 3343 3479 3405 ἐκείνου,
3514 3343 3648 3395 ἀλλὰ
3680 3347 3839 3412 ῥῆμα
3868 3361 4040 3414 προσο

2432 3429 2753 3494 ενέγκαντος
2799 3431 2959 3499 μόνον
3007 3432 3179 3502 αύτῷ.
3216 3430 3344 3501 τέλει’
3371 3429 3464 3485 οὖν
3491 3433 3772 3501 ἐξήλειψεν
3808 3437 3979 3488 αὑτὸν
4012 3438 4037 3486 ὁ

2435 3520 2606 3584 Θεός;
2667 3521 2839 3573 Τοῦτο
2879 3524 2974 3589 μὲν
3010 3526 3118 3593 γὰρ
3145 3525 3284 3577 κατὰ
3326 3526 3418 3576 τὸν
3465 3526 3557 3577 τοῦ
3602 3527 3817 3579 δικαίου
3876 3530 4038 3594 id?»

2443 3612 2736 3664 ἀκόλουθον
2757 3610 2843 3684 ἦν.
2881 3618 2945 3667 Ὃ
2974 3616 3029 3667 δὲ
3052 3618 3149 3685 οὐχ
3177 3612 3339 3687 ἦττον
3367 3618 3528 3671 αὑτὸν
3564 3620 3595 3689 ῆ
3642 3622 3920 3692 πρότερον
3952 3627 4041 3675 siv-

2438 3706 2678 3775 εργετῶν
2718 3707 3006 3773 διετέλεσε,
3038 3711 3251 3774 δεικνὺς
3293 3713 3374 3764 ὅτι
3408 3713 3507 3763 κᾶν
3546 3719 3807 3782 μυριάκις
3856 3718 4041 3784 ἀμάρ-

2445 3813 2649 3864 τωμεν,
2679 3799 2745 3850 τὰ
2776 3800 2912 3867 πρὸς
2951 3804 3226 3872 σωτηρίαν
3257 3805 3389 3871 ἡμῖν
3414 3805 3576 3867 αὐτὸς
3600 3808 3917 3874 οἰκονομεῖν
3941 3810 4039 3859 οὐχ

2441 3888 2759 3955 ἀφίσταται.
2793 3890 3163 3960 Νουμεριανὸς
3182 3893 3384 3955 τοίνυν,
3406 3893 3576 3945 ταῦτα
3606 3895 3848 3960 ἁκούων,
3869 3896 3963 3946 τὸν
3987 3896 4040 3947 δὲ

2435 3979 2640 4042 τούτοις
2683 3981 3002 4051 ἐγκείμενον
3047 3985 3169 4035 νοῦν
3200 3985 3534 4052 συμὸαλλεῐν
3565 3988 3665 4037 ούκ
3708 3987 3855 4054 ἔχων
3884 3988 4039 4053 (πῶς

2436 4071 2543 4139 γὰρ
2582 4070 2730 4140 ψυχὴ
2764 4072 2923 4124 θείων
2961 4073 3225 4139 ἄγευστος
3268 4076 3528 4145 χαρίτων,
3564 4078 3654 4129 καὶ
3692 4079 3831 4146 μηδὲ
3878 4082 4040 4145 ὀλίγα

2438 4164 2705 4226 συνέσεως
2776 4164 3154 4233 μετασχοῦσα,
3221 4169 3315 4219 καὶ
3368 4169 3501 4230 ὅλως
3565 4171 3898 4234 ἀπαίδευτος
3944 4176 4041 4224 καὶ

2440 4255 2687 4322 μωρὰς)
2737 4255 2764 4307 ὃ
2818 4257 2938 4325 μὲν,
2981 4260 3155 4325 παχὺς
3205 4261 3346 4311 οὕτω
3394 4265 3487 4312 καὶ
3538 4262 3867 4331 ἀναίσθητος
3922 4270 4041 4326 τοῖς

2438 4348 2766 4417 περιεστῶσι
2799 4348 2967 4413 δόξαι,
2991 4350 3057 4401 δι’
3077 4351 3337 4421 αἰσχύνης
3362 4353 3521 4421 ἔχων,
3556 4355 3649 4405 ἐπὶ
3685 4358 4040 4420 προσωπεῖον

2440 4439 2693 4505 γνώσεως
2748 4444 3119 4507 καταφεύγει,
3166 4444 3262 4493 καὶ
3310 4443 3489 4506 καλῶς
3522 4446 3668 4513 ἔχειν
3703 4442 3827 4497 εἷπε
3862 4447 4041 4499 ταῦτα

752 4524 845 4595 qui
891 4523 1402 4586 circumsistebant,
1437 4522 1607 4575 induit
1638 4536 1924 4591 personam
1966 4525 2322 4594 cognitionis.

2440 4531 2575 4599 πρὸς
2621 4532 2711 4598 τὸν
2744 4532 2995 4585 Βαϐύλαν
3019 4571 3037 4599 ,
3074 4537 3170 4587 καὶ
3218 4537 3314 4588 σὺν
3358 4538 3576 4607 ἀκριίεί
3606 4540 3714 4590 τῶν
3750 4538 3925 4592 ὄντων
3971 4545 4037 4609 τῇ

750 4626 807 4671 et
836 4615 1050 4685 Babylm
1085 4614 1245 4676 dixit,
1275 4627 1386 4667 rem
1417 4615 1553 4667 bene
1582 4624 1640 4666 se
1674 4613 1893 4680 habere,
1932 4623 1983 4669 et
2012 4631 2135 4670 cum
2171 4631 2331 4670 accu-

756 4716 869 4759 rata
905 4718 1091 4759 corum
1113 4717 1235 4772 qua
1263 4711 1391 4757 sunt
1422 4703 1911 4770 comprehensione
1941 4719 2064 4758 eum
2101 4721 2331 4775 respon-

754 4797 921 4851 disse.
965 4795 1168 4850 Deinde
1214 4809 1338 4848 eum
1370 4810 1585 4864 quoque
1617 4811 1806 4851 rursus
1848 4797 2147 4867 interrogat
2201 4800 2329 4868 quid

752 4891 823 4942 sit
845 4887 1027 4941 homo.
1081 4886 1175 4940 Ille
1208 4896 1410 4950 autem,
1437 4885 1712 4953 Omnium,
1742 4891 1935 4956 inquit,
1968 4890 2020 4944 in
2049 4906 2166 4959 qua:
2192 4895 2338 4949 cadit

752 4978 1029 5043 interitus,
1071 4978 1215 5032 sicut
1254 4978 1511 5042 diximus,
1557 4981 1911 5034 animantium
1944 4988 2333 5051 praestantissi-

2439 4622 2739 4693 καταλήψει
2773 4626 2933 4677 αὑτὸν
2961 4628 3382 4697 ἀποκρίνασθαι.
3413 4628 3605 4683 Ἔνθεν
3632 4648 3715 4683 τοι
3747 4634 3842 4683 καὶ
3871 4633 4038 4686 πάλιν

2437 4713 2603 4766 αὐτοῦ
2654 4716 3010 4770 πυνθάνεται·
3063 4719 3127 4770 Τί
3156 4721 3302 4773 ἐστιν
3344 4721 3663 4791 ἄνθρωπος;
3705 4724 3771 4774 Ὃ
3796 4723 3879 4775 δέ·
3910 4725 4037 4776 Τῶν

2435 4806 2721 4877 ἐπικήρων
2754 4809 3033 4872 ἁπάντων,
3066 4809 3256 4881 ὥσπερ
3283 4812 3516 4881 ἔφημεν,
3550 4814 3706 4876 ζώων
3733 4816 3797 4867 τὸ
3828 4816 4036 4885 τιμιώ-

2441 4917 2626 4971 τερον,
2659 4904 2868 4972 ἥμερον
2889 4943 2902 4967 ,
2936 4906 3273 4967 κοινωνικὸν,
3311 4906 3657 4977 φιλάλληλον,
3690 4909 3740 4959 εί
3768 4910 3865 4961 καὶ
3901 4912 4037 4963 ἑαυ-

2443 4994 2567 5054 τοὺς
2598 4994 2780 5063 Θηρῶν
2810 4994 3130 5064 ὡπλίσαμεν
3161 4996 3518 5067 ἀγριώτερον.

753 5088 922 5140 mum,
957 5083 1324 5136 mansuetum,
1354 5081 1538 5127 natum
1576 5074 1642 5128 ad
1672 5077 1987 5132 societatem
2011 5089 2067 5134 et
2134 5087 2592 5155 communionem,
2662 5090 2803 5159 quod
2846 5099 3033 5145 mutuo
3074 5105 3258 5147 amore
3301 5103 3513 5147 tenetur
3584 5094 3817 5152 alterum
3894 5099 4031 5155 alte-

753 5168 901 5231 rius;
950 5168 1164 5222 etiamsi
1204 5167 1341 5221 alter
1382 5170 1433 5221 in
1469 5170 1696 5224 alterum
1734 5170 2000 5229 bellemus
2047 5177 2330 5245 quibusvis
2369 5183 2556 5238 bestiis
2589 5186 2893 5240 immanius.

820 5254 885 5312 Υ.
921 5255 1283 5313 Numerianus
1317 5272 1441 5312 vero
1473 5275 1569 5329 pro
1610 5263 1873 5318 miraculo
1899 5264 2103 5320 ducens
2147 5283 2321 5338 expe-

750 5352 918 5403 ditam
966 5350 1201 5417 linguam
1237 5349 1468 5420 Babylat,
1498 5360 1551 5405 et
1580 5353 1741 5406 simul
1789 5357 1959 5411 crassi
2007 5360 2327 5430 hebetisque

752 5444 951 5515 ingenii
996 5444 1181 5498 volens
1243 5445 1415 5498 labem
1457 5447 1800 5516 abstergere,
1842 5454 2003 5519 quod,
2057 5463 2329 5511 utcontra

752 5552 873 5590 eum
903 5537 1127 5601 diceret,
1174 5536 1308 5591 nihil
1355 5547 1537 5606 posset
1578 5538 1791 5605 aﬂ‘erre,
1840 5557 1935 5611 per
1964 5558 2088 5599 suos
2128 5545 2331 5615 juravit

754 5632 882 5683 deos
913 5630 1205 5694 sapientem
1239 5644 1361 5685 esse
1401 5630 1683 5701 Babylam,
1718 5644 1772 5689 et
1818 5652 1923 5691 non
1972 5654 2093 5693 esse
2135 5639 2324 5695 falsam

752 5735 872 5791 qua:
898 5719 966 5774 de
996 5734 1060 5775 eo
1092 5720 1470 5777 celebrabatur
1500 5722 1725 5791 faniam,
1778 5726 1823 5781 si
1855 5728 2189 5787 solummodo
2223 5733 2324 5787 diis

2507 5275 2581 5328 E'.
2609 5274 2982 5346 Νουμεριανὸς
3011 5278 3123 5341 οὖν,
3151 5279 3226 5343 ὡς
3253 5281 3483 5348 ἑτοίμως
3510 5277 3623 5351 εἶχε
3654 5283 3752 5352 τῆς
3780 5284 4029 5355 γλώττης

2439 5368 2466 5418 ό
2496 5366 2807 5437 θαυμαστὸς
2839 5369 3087 5434 Βαϐύλας
3130 5373 3185 5423 ὲν
3214 5371 3453 5441 θαύματι
3484 5373 3711 5441 θέμενος
3734 5415 3749 5433 .
3787 5378 3884 5427 καὶ
3908 5378 4027 5445 ἄμα

2438 5459 2537 5528 τῆς
2574 5460 2780 5523 οίκείας
2829 5462 3138 5533 παχύτητος
3190 5465 3597 5518 ἁπολούσασθαι
3649 5470 3751 5534 τὴν
3802 5469 4028 5533 ἀδοξίαν

2441 5546 2674 5612 ἐθέλων,
2708 5550 2790 5601 ὃτι
2828 5552 2963 5622 μηδὲ
2996 5554 3075 5615 είς
3105 5553 3415 5622 ἀντιλογίαν
3448 5555 3597 5624 αὐτῷ
3634 5561 3838 5627 χωρεῖν
3871 5554 3983 5629 εἶχε
4009 5601 4027 5623 ,

2435 5641 2560 5700 τοὺς
2600 5640 2762 5704 ἰδίους
2786 5642 2970 5711 ὤμνυε
3019 5644 3196 5710 θεοὺς,
3238 5649 3333 5699 καὶ
3365 5649 3525 5714 σοφζν
3563 5644 3704 5701 εἶναι
3738 5650 4026 5718 Bac-31:12:,

2433 5732 2527 5785 καὶ
2551 5732 2649 5803 τὴν
2671 5737 2798 5805 περὶ
2827 5736 2993 5791 αὑτοῦ
3022 5740 3213 5810 φήμην
3241 5739 3392 5794 οὐδὲν
3422 5739 3832 5810 διαψεύδεσθαι,
3859 5742 4023 5812 μόνον

827 5906 904 5965 (ὁ)
932 5906 1088 5960 Addit
1120 5905 1401 5973 Hervelus,
1458 5925 1477 5961 ι
1516 5908 1907 5980 archangt-los;
1951 5930 1971 5963 ο
2005 5916 2145 5981 quod
2175 5914 2326 5971 deest
2368 5916 2420 5970 in
2452 5914 2642 5971 Crteco
2674 5934 2773 5973 ms.
