4148 6486
741 430 852 497 975

1957 429 2236 490 MENSIS
2275 429 2733 492 JANUARIUS.

3881 430 3992 493 976

747 547 930 611 aperte
959 544 1156 593 nostra:
1189 534 1381 588 animae
1412 540 1659 587 amanter
1687 548 1868 587 curam
1898 536 2058 603 gerit.
2092 536 2314 590 Matrem

2422 537 2579 606 ἡμῶν
2614 538 2987 608 φιλοστόργως
3016 537 3431 609 ἐπιμελόμενος.
3463 537 3865 593 Μετακαλεϊται
3887 540 3993 607 τὴν

749 643 959 698 quoque
980 625 1212 682 accersit
1237 626 1550 694 imperator,
1577 634 1628 678 et
1647 625 1797 693 jubet
1816 639 1934 678 eam
1963 627 2311 695 respondere,

747 717 1012 789 quomodo
1048 718 1159 785 ipsa
1192 725 1432 782 vocetur,
1464 724 1517 769 et
1549 732 1615 769 an
1650 716 1719 769 sit
1748 726 1918 770 mater
1961 717 2194 770 illorum.
2222 714 2312 768 Illa

749 820 919 862 autem
943 826 955 860 :
977 807 1102 861 Μηιὶ
1126 806 1366 875 quidem,
1390 806 1584 875 inquit,
1615 820 1808 858 nomen
1830 816 1914 861 est
1931 805 2309 866 Cltristodula;

748 903 796 953 ni
835 915 961 954 vero
990 908 1115 954 sunt
1143 897 1350 953 fructus
1382 898 1484 952 mei
1517 898 1743 960 ventris,
1778 907 1833 949 et
1867 911 1958 950 eos
1996 896 2097 950 mei
2127 906 2314 962 partus

748 992 1015 1061 primitias
1038 991 1147 1045 Deo
1172 989 1374 1044 obtuli:
1405 989 1617 1043 contido
1645 997 1825 1043 autem
1857 987 1994 1053 fore,
2020 998 2077 1040 ut
2109 988 2161 1041 in
2185 988 2311 1042 caeli

747 1086 954 1139 tim-rcis
978 1099 1071 1138 eos
1107 1093 1328 1150 reponat
1359 1082 1575 1151 sapiens
1610 1079 1875 1150 Babylas;
1922 1079 1999 1134 illi
2043 1081 2185 1134 enim
2219 1096 2315 1135 eos

733 1178 964 1233 credidi.

813 1269 949 1324 V'lll.
979 1268 1103 1323 liccc
1119 1282 1242 1322 cum
1268 1267 1526 1332 audisset,
1553 1265 1630 1318 ira
1657 1264 1909 1333 impletur
1931 1263 2309 1330 Numerianus,

744 1376 792 1415 et
830 1362 983 1430 jubet
1012 1362 1058 1413 ei
1100 1358 1293 1412 faciem
1327 1358 1555 1426 percuti,
1590 1365 1646 1410 et
1678 1356 1915 1409 dictitari
1967 1372 2033 1410 ne
2078 1366 2182 1409 tam
2234 1367 2314 1410 te-

748 1469 893 1507 mere
942 1453 1305 1518 alloquct'etur
1346 1449 1749 1517 imperatorem.
1801 1446 1959 1501 Pueri
2015 1459 2193 1501 autem
2236 1449 2313 1500 vi-

746 1551 933 1601 dentes
968 1554 1195 1597 matrem
1226 1542 1451 1611 pulsari,
1503 1542 1685 1593 animo
1718 1539 1867 1593 fuere
1894 1540 2223 1601 conturbati,
2258 1548 2312 1592 et

750 1642 1005 1693 dixerunt
1040 1656 1054 1690 :
1084 1637 1386 1704 Imperator
1418 1644 1646 1687 matrem
1678 1631 1837 1685 cardit
1863 1645 1989 1684 vera
2021 1633 2307 1684 dicentem.

752 1732 864 1797 lpse
908 1737 1084 1782 autem
1128 1727 1263 1780 iram
1300 1724 1426 1779 ludo
1476 1732 1821 1790 temperans,
1858 1720 2007 1788 jubet
2052 1721 2310 1790 majorem

747 1821 962 1887 quidem
996 1836 1061 1875 ex
1096 1819 1276 1887 pueris
1305 1818 1587 1872 duodecim
1619 1814 1789 1884 plagis
1818 1812 1980 1875 allici,
2014 1814 2309 1865 secundum

747 1926 926 1968 autem
959 1927 1175 1975 novem,
1205 1921 1259 1965 et
1287 1910 1533 1962 ultimum
1560 1914 1791 1973 septem,
1821 1904 2056 1973 aequales
2085 1916 2311 1955 numero

746 2009 928 2077 plagas
974 2006 1257 2072 imponens
1296 2000 1589 2068 unicuique
1628 2013 1725 2067 pro
1773 2010 1997 2050 numero
2044 2007 2309 2047 annorum

745 2098 941 2152 :etatis.
972 2096 1051 2149 illi
1081 2105 1258 2148 autem
1283 2108 1404 2147 cum
1429 2091 1612 2159 ﬂagris
1633 2088 1993 2151 caederentur,
2023 2084 2313 2137 laudabant

751 2192 1068 2255 Dominum;
1118 2188 1431 2257 quaerebant
1476 2193 1655 2236 autem
1695 2181 2052 2250 magistrum,
2096 2192 2216 2232 cum
2250 2190 2313 2231 eo

748 2284 1119 2338 desiderantes
1151 2282 1313 2336 etiam
1343 2276 1545 2331 versari
1580 2274 1631 2329 in
1662 2286 1899 2328 carcere.

817 2553 906 2608 IX.
942 2552 1306 2607 Numerianus
1352 2564 1482 2618 ergo
1507 2563 1629 2602 cum
1674 2562 1741 2602 ex
1778 2546 2034 2603 tribunali
2078 2545 2313 2613 impera-

750 2649 888 2699 torio
918 2660 1011 2714 per
1037 2644 1315 2698 ministros
1340 2652 1563 2696 matrem
1593 2641 1866 2695 eduxisset
1893 2648 1947 2693 et
1976 2652 2195 2707 pueros,
2222 2635 2314 2689 Ba-

750 2737 926 2806 ttylam
962 2731 1249 2787 accersite
1278 2729 1551 2793 custodia,
1587 2739 1640 2781 et
1688 2729 1911 2797 perinde
1941 2741 2005 2780 ac
2037 2726 2225 2779 ludens
2259 2724 2312 2779 in

749 2839 933 2887 scena,
967 2830 1057 2875 ant
1094 2820 1414 2875 histrionem
1456 2819 1655 2872 stultus
1684 2833 1847 2887 agens
1877 2815 2069 2883 :Ecce,
2119 2814 2313 2883 inquit,

752 2916 845 2968 tibi
879 2911 1077 2966 cecidit
1111 2924 1301 2979 magna
1329 2920 1416 2963 tua
1446 2909 1697 2979 gloriatio
1727 2917 1782 2961 et
1812 2907 2091 2974 iactantia,
2134 2914 2187 2959 et
2213 2904 2313 2957 ali-

752 3019 834 3061 ter
870 3020 961 3058 res
999 3003 1162 3056 cessit
1190 3015 1350 3070 quam
1400 3000 1630 3069 putabas
1664 3000 1878 3067 pueris;
1918 2998 1954 3050 ii
1993 2998 2140 3050 enim
2191 3002 2317 3048 sunt

750 3095 925 3166 parati
976 3095 1079 3148 diis
1116 3092 1445 3147 sacriﬁcare.
1503 3091 1591 3145 Ille
1648 3100 1826 3145 autem
1881 3089 2125 3155 (sciebat
2171 3085 2315 3139 enim

747 3191 934 3261 quales
980 3202 1076 3243 eos
1128 3187 1428 3256 peperisset
1474 3183 1730 3255 spiritu),
1762 3182 2003 3246 Videris,
2040 3182 2241 3251 inquit.
2282 3195 2314 3234 ο

754 3286 1070 3352 imperator,
1114 3281 1345 3348 teipsum
1380 3279 1556 3347 potius
1608 3276 1813 3340 fallere,
1858 3285 1910 3329 et
1960 3275 2053 3329 tibi
2088 3274 2317 3327 inaniter

753 3375 1052 3443 indulgere.
1087 3373 1227 3427 Oves
1261 3370 1405 3423 enim
1436 3369 1538 3423 mei
1568 3372 1769 3438 gregis,
1812 3382 1932 3436 quae
1961 3379 2086 3421 sunt
2117 3367 2314 3421 Christi

754 3465 880 3527 mei,
916 3474 970 3517 et
1011 3464 1132 3533 agni
1178 3462 1445 3531 pastoris,
1519 3462 1750 3514 alienum
1819 3474 2091 3524 nunquam
2146 3458 2316 3511 secuti

755 3556 955 3609 fuerint
1004 3554 1141 3607 :sed
1172 3568 1344 3606 meam
1395 3567 1600 3614 vocem,
1651 3562 1732 3605 sat
1782 3552 1928 3613 scio,
1971 3550 2313 3613 desiderant;

757 3663 860 3702 non
889 3647 1087 3709 minus,
1114 3661 1273 3713 quam
1299 3644 1418 3712 agni
1450 3643 1641 3697 inclusi
1664 3643 1713 3695 in
1741 3642 1946 3695 aedibus
1972 3649 2173 3695 matres
2196 3654 2309 3708 quae

757 3740 899 3805 ipsos
931 3740 1255 3803 genuerunt.
1288 3731 1353 3784 Et
1382 3733 1427 3784 si
1468 3730 1623 3797 lupus
1650 3744 1742 3783 eos
1772 3730 2051 3798 rapuerit,
2084 3730 2195 3781 sive
2221 3728 2313 3781 ali-

756 3842 859 3897 qua
893 3826 997 3878 alia
1027 3825 1200 3879 bestia
1232 3838 1325 3878 eos
1358 3823 1715 3886 abstraxerit,
1747 3820 1994 3886 abibunt,
2033 3828 2087 3874 et
2107 3823 2319 3874 abstra-

759 3927 955 3970 ncntur
987 3932 1070 3969 me
1099 3916 1395 3969 clamantes
1445 3932 1459 3970 :
1509 3925 1563 3967 et
1596 3913 1751 3979 lupus
1794 3928 1934 3982 agno
1980 3913 2158 3981 potius
2194 3928 2319 3981 per-

757 4008 1007 4069 suaserit,
1038 4007 1250 4076 propria
1287 4015 1457 4059 matre
1490 4004 1704 4068 relicta,
1733 4018 1854 4057 eum
1886 4003 2060 4070 sequi,
2096 4017 2255 4072 quam
2283 4003 2318 4056 ii

757 4100 1146 4154 obliviscantur
1188 4099 1392 4168 proprii
1427 4098 1629 4152 amoris
1658 4096 1712 4150 in
1744 4106 2037 4166 pastorem.

827 4379 894 4433 Χ.
929 4378 1053 4433 Haec
1090 4391 1192 4431 non
1227 4376 1407 4431 ferens
1436 4375 1831 4432 Numerianus:
1868 4378 1937 4432 At
1972 4392 2090 4448 ego,
2126 4378 2319 4448 inquit,

757 4470 993 4525 efﬁciam
1052 4480 1109 4523 ut
1153 4470 1511 4539 Opportunius
1558 4471 1730 4525 utaris
1760 4473 2217 4540 responsionibus.
2258 4469 2324 4523 Et

2420 626 2631 696 μητέρα
2668 628 2695 679 6
2729 625 3002 694 βασιλεὺς,
3034 628 3128 680 καὶ
3160 628 3308 690 ὅπως
3352 626 3487 696 αὕτη
3528 626 3765 690 καλοῖτο,
3810 630 3903 679 καὶ
3945 629 3994 679 εἰ

2418 717 2604 786 μήτηρ
2658 717 2883 771 ἐκείνων
2930 718 3015 787 εἴη
3064 718 3466 787 ἀποκρίνασθαι
3516 718 3751 770 κελεύει.
3810 717 3872 771 Ἦ
3908 719 3991 781 δέ,

2416 807 2775 878 Χριστοδούλη
2812 808 2911 877 μὲν
2954 809 3106 877 ἐμοὶ,
3141 811 3306 879 φησὶν
3328 850 3344 874 ,
3385 809 3555 878 ὄνομα
3578 825 3592 840 ’
3628 811 3725 878 τῆς
3767 810 3907 878 ἐμῆς
3936 811 3994 862 δὲ

2415 896 2620 959 κοιλίας
2665 892 2809 951 οὗτοι
2855 901 3090 970 καρποὶ,
3144 902 3238 953 καὶ
3290 900 3509 963 τούτους
3566 900 3825 969 ἀπαρχὰς
3880 901 3993 951 τῶν

2416 988 2567 1056 ἐμῶν
2604 988 2811 1041 ὠδίνων
2852 995 3205 1062 προσήνεγκα
3248 993 3325 1062 τῷ
3360 993 3477 1061 Θεῷ
3502 1006 3516 1019 ⁸
3553 992 3793 1045 πέποιθα
3824 993 3877 1043 δὲ
3908 993 3996 1044 ὅτι

2414 1080 2508 1132 καὶ
2558 1082 2639 1144 είς
2682 1082 2751 1134 τὰ
2795 1086 3019 1151 ταμιεῖα
3065 1084 3173 1137 τῶν
3222 1085 3468 1153 οὐρανῶν
3512 1087 3539 1135 6
3586 1086 3747 1152 σοφὸς
3795 1086 3996 1145 αὐτοὺς

2414 1169 2748 1239 ἀποϐήσεται
2785 1172 3053 1237 Βαϐύλαςο
3081 1175 3276 1243 ἐκείνῳ
3301 1176 3409 1246 γάρ
3434 1176 3629 1235 αὐτοὺς
3658 1174 3989 1243 ἐνεχείρισα.

2484 1258 2565 1311 H'.
2608 1261 2811 1315 Τούτου
2840 1264 3100 1325 ἀκούσας,
3133 1264 3305 1331 ὀργῆς
3339 1266 3755 1331 ὑποπίμπλαται
3784 1266 3995 1333 Νουμε-

2415 1353 2615 1421 ριανδς,
2649 1354 2745 1405 καὶ
2790 1354 2973 1407 παίειν
3006 1356 3177 1423 αὐτὴν
3209 1355 3351 1408 κατά
3386 1357 3587 1427 κόρρης
3635 1357 3991 1425 προστάττει,

2418 1447 2515 1495 καὶ
2547 1444 2842 1512 ἐπιλέγειν,
2878 1447 2952 1515 μὴ
2982 1448 3208 1498 τοιαῦτα
3240 1448 3374 1516 πρὸς
3406 1451 3498 1499 τον
3528 1448 3752 1517 βασιλέα
3786 1466 3992 1518 προπε-

2411 1536 2521 1599 τῶς
2556 1537 2914 1605 φθέγγεσθαι.
2948 1538 3028 1589 Τά
3061 1540 3251 1593 παιδία
3298 1540 3478 1592 τοίνυν
3508 1542 3858 1608 τυπτομένην
3898 1544 3993 1610 τὴν

2416 1630 2628 1698 μητέρα
2655 1630 2884 1699 ὁρῶντα,
2928 1630 3179 1700 διέφθορε
3210 1632 3298 1683 τὸν
3328 1632 3470 1696 νοῦν,
3501 1632 3869 1686 διασέσεισται
3902 1634 3995 1694 τὰς

2413 1722 2636 1791 φρένας,
2700 1723 2758 1774 Ὀ
2783 1724 3063 1793 βασιλεὺς,
3106 1726 3319 1790 ἔλεγον,
3394 1726 3490 1793 τὴν
3542 1727 3753 1794 μητέρα
3786 1725 3993 1793 τάληθῆ

2414 1813 2677 1879 λέγουσαν
2710 1815 3001 1878 αἰκίζεται.
3052 1812 3185 1870 Εἶτα
3232 1816 3417 1886 παιδιᾷ
3450 1819 3477 1867 6
3510 1816 3758 1883 βασιλεὺς
3785 1818 3877 1867 τὸν
3907 1817 3999 1867 θυι

2346 1883 2384 1937 Β
2422 1904 2518 1974 μὸν
2548 1907 2907 1974 ,ἀνακεράσας
2964 1907 3174 1959 κελεύει
3232 1909 3324 1959 τὸν
3375 1910 3473 1976 μέν
3534 1909 3836 1977 προέχοντα
3892 1907 3995 1957 τῶν

2419 1997 2627 2048 παίδων
2662 1998 2896 2065 πληγαῖς
2930 1999 3252 2053 δυοκαίδεκα
3302 2000 3632 2068 αἰκισθῆναι,
3665 2000 3757 2051 τὸν
3796 1999 3994 2065 ἐφεξῆς

2417 2084 2473 2137 δὲ
2505 2084 2681 2149 ἐννέα,
2714 2088 2808 2137 καὶ
2837 2087 2978 2139 ἐπτά
2999 2089 3090 2138 τὴν
3122 2088 3373 2157 ἔσχατον,
3415 2089 3737 2157 ἰσαρίθμους
3778 2091 3996 2157 ἑκάστῳ

2421 2176 2519 2237 τὰς
2549 2175 2762 2244 πληγὰς
2814 2179 2925 2240 τοῖς
2960 2178 3055 2247 τῆς
3100 2180 3312 2248 ἡλικίας
3360 2180 3567 2242 ἐπιθεὶς
3619 2180 3785 2232 ἐτεσι.
3825 2181 3909 2231 Τὰ
3939 2180 3995 2230 δὲ

2418 2268 2527 2338 ἄρα
2563 2270 2658 2321 καὶ
2692 2269 3067 2340 μαστιζόμενα
3101 2272 3314 2339 εὐλόγει
3353 2272 3452 2341 μὲν
3486 2274 3573 2324 τὸν
3606 2272 3759 2336 Θεὸν,
3813 2273 3996 2340 ἐζήτει

2418 2359 2474 2426 δὲ
2502 2358 2594 2411 τὸν
2630 2360 2969 2429 διδάσκαλον,
3013 2365 3254 2417 συνεῖναι
3301 2364 3450 2432 αὑτῷ
3474 2366 3565 2416 καὶ
3597 2366 3655 2415 ἐν
3677 2363 3753 2431 τῷ
3782 2365 3996 2431 δεσμω-

2418 2451 2592 2520 τηρίῳ
2631 2452 2949 2523 γλιχόμενα.

2489 2541 2565 2597 Θ’.
2601 2544 2972 2615 Νουμεριανὸς
3016 2547 3134 2611 οῦν,
3162 2546 3255 2599 τοῦ
3291 2546 3570 2617 βασιλικοῦ
3613 2546 3859 2617 βήματος
3909 2548 3997 2599 διὰ

2420 2634 2530 2688 τῶν
2566 2637 3026 2707 ὑπηρετουμένων
3070 2641 3170 2710 τὴν
3221 2641 3434 2710 μητέρα
3464 2642 3555 2692 καὶ
3589 2642 3657 2692 τά
3691 2641 3881 2692 παιδὲα
3916 2640 3998 2703 ἐξ·

2424 2727 2669 2795 αγαγὼν,
2719 2732 3140 2799 μεταπέμπεται
3168 2732 3265 2799 τῆς
3308 2732 3550 2800 φυλακῆς
3596 2733 3685 2783 τὸν
3721 2734 3999 2797 Βαϐύλαν,

2422 2818 2516 2871 καὶ
2546 2818 2797 2888 καθάπερ
2827 2822 2884 2872 ἐν
2916 2823 3086 2889 σκηνῇ
3118 2822 3327 2881 παίζων
3359 2824 3390 2890 ἢ
3422 2822 3601 2889 δρᾶμα
3628 2823 4000 2888 ὑποκρινόμε-

2421 2925 2510 2969 νος
2536 2909 2564 2959 ὁ
2595 2909 2845 2977 ἀνόητος,
2901 2910 3029 2962 Ἰδού
3062 2929 3163 2975 σοι,
3200 2913 3351 2982 φησι,
3386 2916 3597 2971 πάντως
3642 2912 3999 2963 διαπεπτιςικε

2421 2999 2482 3050 τὸ
2513 2999 2878 3070 μεγάλαυχον,
2911 3003 3003 3053 καὶ
3028 3002 3087 3053 τὸ
3115 3002 3223 3053 τῶν
3257 3005 3480 3056 παιδίων
3528 3006 3653 3077 περὶ
3682 3005 3748 3053 τα
3782 3003 4002 3053 ἐναντία

2423 3095 2616 3160 χωρεῖ’
2652 3093 2825 3146 ταῦτα
2857 3093 2965 3165 γὰρ
2996 3093 3143 3147 θύειν
3176 3097 3295 3148 ἐστὶ
3333 3102 3441 3159 τοῖς
3486 3099 3624 3160 θεοῖς
3677 3104 3899 3167 ἕτοιμα.-
3946 3095 4002 3145 ’0

2422 3183 2478 3234 δὲ
2521 3183 2671 3252 (ᾔδει
2722 3184 2835 3255 γάρ
2881 3189 3029 3249 τίνας
3073 3190 3273 3249 ἐκεῖνος
3312 3188 3388 3257 τῷ
3430 3188 3702 3257 πνεύματι
3748 3187 4000 3256 ὤδινεν),

2428 3276 2668 3340 Ἔοικας,
2705 3277 2889 3345 φησιν,
2919 3272 2963 3329 ὦ
3011 3278 3250 3346 βασιλεῦ,
3285 3280 3507 3331 σεαυτὸν
3551 3280 3869 3346 ψεύδεσθαι,
3910 3281 4005 3333 καὶ

2428 3369 2670 3438 ματαίως
2697 3371 3185 3440 καταχαρίζεσθαιο
3213 3373 3283 3433 ὡς
3314 3375 3441 3438 τάγε
3469 3372 3564 3438 τῆς
3597 3372 3736 3438 ἐμῆς
3763 3373 4001 3436 ποὶένης

2425 3461 2736 3529 θρέμματα,
2765 3462 2831 3513 τά
2862 3461 2954 3514 τοῦ
2992 3463 3126 3531 ἐμοῦ
3157 3463 3391 3531 Χριστοῦ
3421 3468 3513 3515 καὶ
3534 3464 3790 3530 ποιμένος
3816 3462 4000 3529 ἀριία,

2424 3552 2520 3601 οὐκ
2560 3550 2622 3602 ἄν
2655 3567 2783 3602 ποτε
2822 3551 3088 3622 ἀλλοτρίῳ
3128 3554 3507 3623 ἀκολουθήσοι,
3542 3553 3675 3604 ἀλλά
3704 3553 3805 3619 τὴ)
3840 3554 4000 3619 ἐμὴν,

2424 3637 2563 3703 οἶδα,
2616 3644 2798 3713 φωνὴν
2827 3645 3055 3697 ἀκοῦσαι
3098 3644 3274 3708 ποθεῖ,
3307 3647 3403 3715 οὐχ
3433 3640 3591 3713 ἦττον
3622 3646 3652 3713 ἦ
3684 3645 3754 3694 τά
3786 3646 4006 3694 ἀποκε-

2426 3732 2719 3802 κλεισμένα
2753 3736 2809 3785 ἐν
2834 3736 3061 3806 οἰκίσκῳ
3082 3736 3241 3806 ἀρνία
3274 3736 3380 3788 τῶν
3409 3737 3831 3803 γεννησαμένων
3866 3734 4008 3785 alti

2430 3826 2710 3894 μητέρων·
2745 3825 2847 3879 κᾶν
2881 3826 3042 3890 λύκος
3074 3828 3299 3898 ἁρπάσῃ
3326 3828 3485 3889 αὐτὰ,
3519 3827 3621 3879 κᾶν
3642 3828 3776 3880 ἄλλο
3802 3844 3855 3878 τι
3887 3828 4008 3878 δια-

2430 3919 2543 3987 σπᾷ
2559 3918 2766 3987 θηρίον,
2786 3918 2884 3987 ἐμέ
2904 3918 3175 3971 καλοῦντα
3193 3921 3471 3987 οἰχήσεται
3492 3922 3580 3969 καὶ
3595 3919 3684 3969 δια
3694 3919 4008 3987 σπαςθήσε-

2426 4026 2539 4072 ται,
2574 4010 2668 4061 καὶ
2720 4010 2857 4078 ἄρνα
2899 4012 3161 4080 πρότερον
3189 4010 3253 4062 ἂν
3282 4010 3441 4071 λύκος
3475 4011 3679 4061 πείσειε
3722 4009 3825 4075 τῆς
3872 4009 4009 4070 ἰδίας

2431 4102 2635 4172 μητρὸς
2665 4103 2935 4171 ἀφέμενον
2966 4102 3114 4170 αὐτῷ
3140 4119 3198 4153 τε
3235 4102 3463 4154 ἕπεσθαι
3494 4102 3586 4152 καὶ
3637 4100 3788 4168 αὐτῷ
3824 4102 4006 4151 συνεῖ-

2430 4212 2539 4259 ναι,
2573 4196 2607 4263 ἢ
2639 4194 2811 4248 ταῦτα
2839 4195 2939 4264 τῆς
2972 4196 3109 4264 πρὸς
3138 4196 3229 4247 τὸν
3257 4196 3456 4247 οἰκεῖον
3494 4195 3735 4263 ποιμένα
3766 4197 4010 4263 στοργῆς

2428 4287 2755 4340 ἐπιλάθοιτο.

2501 4378 2556 4433 l'.
2588 4379 2774 4432 Ταῦτα
2808 4379 2883 4450 μὴ
2912 4378 3150 4447 ἐνεγκὼν
3182 4377 3551 4447 Νουμεριανδς
3572 4419 3586 4441 ,
3640 4376 3782 4428 Ἀλλ’
3814 4378 4009 4428 εὐκαι-

2433 4473 2654 4542 ρότερόν
2684 4489 2745 4523 σε
2786 4475 2907 4533 ταῖς
2946 4472 3302 4541 ἀποκρίσεσιν
3346 4470 3457 4537 ἐγὼ
3522 4469 3760 4539 χρῆσθαι
3822 4487 4005 4539 παρα-

758 4563 938 4615 statim
973 4576 1025 4614 tn
1060 4560 1201 4628 ligno
1233 4561 1286 4614 in
1334 4562 1500 4613 altum
1533 4561 1775 4616 sublatus
1804 4572 1890 4616 est
1920 4562 2141 4627 athleta,
2174 4573 2227 4617 ct
2257 4577 2316 4616 ex

2434 4564 2707 4627 σκευάσω,
2742 4564 2874 4632 φησι
2896 4579 2910 4592 ο
2949 4564 3043 4614 καί
3070 4564 3269 4616 αὐτίκα
3300 4565 3568 4632 μετέωρος
3594 4564 3687 4614 ἐπὶ
3716 4562 3809 4615 τοῦ
3844 4564 4009 4628 ξύλου

760 4653 991 4706 adverso
1053 4651 1204 4720 pueri
1264 4650 1456 4705 lerreis
1493 4652 1938 4721 discerpebantur
1980 4654 2212 4724 ungulis.
2260 4655 2325 4709 Et

760 4746 864 4797 illis
906 4745 1122 4812 quidem
1145 4744 1324 4797 divina
1348 4744 1590 4812 quaedam
1610 4746 1837 4814 desuper
1860 4747 2096 4799 animum
2120 4747 2324 4801 addens

759 4836 931 4902 gratia
954 4874 967 4898 ,
1007 4844 1421 4903 promptumque
1453 4844 1509 4887 et
1554 4835 1735 4891 alacre
1764 4851 1967 4904 augens
2000 4836 2162 4890 animi
2208 4848 2325 4892 stu-

754 4929 928 4993 dium,
960 4927 1219 4982 reddebat
1248 4942 1342 4981 eos
1370 4928 1565 4982 statuis
1590 4928 1759 4999 magis
1783 4929 2127 4996 impatibiles.

826 5019 919 5074 XI.
960 5019 1035 5073 Ex
1090 5020 1157 5073 iis
1192 5029 1401 5083 autem,
1453 5020 1542 5089 qui
1575 5022 2035 5087 circumstabant,
2077 5022 2326 5076 dicebant

757 5112 975 5180 quidam
1008 5110 1193 5165 divino
1243 5110 1493 5181 Baliylaa:
1529 5112 1820 5180 Quousque
1858 5114 1967 5167 eris
2016 5128 2203 5167 amens
2228 5154 2242 5176 ,
2273 5124 2325 5167 et

759 5204 898 5258 male
954 5204 1045 5257 tibi
1082 5201 1368 5256 consules?
1401 5202 1479 5255 Ne
1531 5217 1816 5270 puerorum
1854 5204 2069 5274 quidem
2115 5204 2325 5272 species

756 5294 921 5348 ﬂeetit
950 5293 1048 5346 hoc
1078 5299 1227 5345 tuum
1257 5306 1351 5345 cor
1379 5292 1573 5346 durum
1599 5302 1654 5347 et
1689 5294 1917 5359 immite,
1944 5308 2064 5362 qua:
2089 5304 2194 5347 tam
2221 5293 2322 5347 mi-

758 5400 874 5437 sere
927 5383 1097 5452 perit,
1144 5392 1197 5437 et
1248 5395 1372 5436 ante
1411 5385 1658 5452 tempus?
1706 5384 1927 5438 illorum
1964 5400 2093 5452 ergo
2143 5386 2324 5440 verbis

764 5488 969 5545 martyr
997 5490 1315 5539 conversus,
1353 5487 1408 5529 et
1456 5488 1641 5543 aperte
1688 5477 1981 5534 ostendens
2029 5490 2088 5530 se
2134 5491 2321 5531 eorum

762 5570 929 5622 vicem
966 5583 1106 5636 :egre
1147 5566 1289 5621 ferre
1318 5576 1371 5619 et
1396 5567 1609 5621 dolere:
1646 5566 1901 5631 Quaenam
1943 5570 2059 5624 haec
2096 5579 2198 5632 est,
2238 5569 2324 5620 in-

758 5658 893 5726 quit,
929 5660 1109 5725 gravis
1134 5668 1185 5710 et
1213 5656 1506 5726 caliginosa
1542 5658 1729 5720 nubes,
1764 5672 1882 5726 qua:
1907 5662 2101 5713 mentis
2127 5670 2323 5714 vestra:

760 5750 993 5801 nlistruit
1025 5748 1233 5813 oculos,
1276 5762 1375 5803 nec
1403 5749 1746 5824 sinitcmlum
1778 5751 2000 5816 intueri,
2041 5754 2133 5805 sed
2159 5753 2322 5805 deor-

769 5855 885 5891 sum
916 5838 1135 5893 inclinat
1162 5848 1214 5893 et
1241 5848 1396 5894 terra:
1421 5840 1565 5908 cogit
1609 5839 1822 5895 aﬂixnm
1848 5844 2009 5897 esse?
2050 5842 2186 5907 Quid
2220 5852 2324 5907 est,

2425 4656 2454 4707 6
2481 4654 2740 4725 ἀθλητὴς,
2790 4655 3018 4724 ἄντικρυ
3056 4657 3147 4707 καὶ
3184 4657 3255 4706 τα
3287 4655 3472 4706 παιδία
3527 4654 3767 4723 σιδηροῖς
3828 4655 4012 4718 ξαινὸ-

2430 4764 2565 4817 μενα
2599 4747 2768 4812 ὄνυξι.
2806 4748 2915 4800 Καὶ
2950 4749 3059 4808 τοῖς
3096 4748 3193 4815 μὲν
3218 4746 3463 4816 θειοτέρα
3493 4763 3572 4807 τις
3604 4746 3811 4799 ἀνωθεν
3847 4747 4009 4813 χάρις

2428 4839 2628 4909 θάρσος
2678 4840 2987 4908 ἐμπνέουσα
3039 4839 3131 4890 καὶ
3163 4836 3472 4902 αὐξάνουσα
3515 4840 3613 4905 τὴν
3663 4838 4006 4907 προθυμίαν,

2426 4931 2757 5000 ἀνδριάντων
2780 4930 3187 5000 ἀπαθεστέρους
3222 4931 3511 4997 ἀπέφαινε.

2498 5020 2599 5074 IA'.
2634 5020 2755 5073 Τῶν
2791 5021 2847 5072 δέ
2872 5021 3251 5089 περιεστώτων
3273 5022 3437 5083 τινές,
3468 5022 3619 5089 παρὰ
3661 5020 3737 5089 τῷ
3768 5025 4009 5089 γενναίῳ

2429 5112 2653 5173 στάντες
2703 5110 2954 5180 Βαθύλᾳ,
2987 5112 3165 5180 Μέχρι
3211 5114 3375 5176 τίνος,
3423 5112 3627 5178 ἔλεγον,
3661 5114 3867 5179 ἀπο-θοῇ
3909 5116 4006 5164 καὶ

2429 5200 2664 5273 βουλεύῃ
2713 5203 2846 5270 περὶ
2885 5200 3084 5255 σαυτοῦ
3134 5202 3352 5265 κακῶς;
3407 5204 3542 5255 Οἰιδέ
3585 5206 3615 5271 ἡ
3650 5206 3755 5255 τῶν
3797 5207 4007 5257 παίδων

2426 5292 2545 5364 ὥρα
2577 5294 2675 5362 τὴν
2705 5294 2946 5362 σκληρὰν
2972 5311 3064 5347 σου
3095 5296 3294 5363 ταύτην
3318 5299 3413 5350 καὶ
3438 5298 3728 5350 ἀτίθασσον
3762 5300 4006 5367 ἐπικέα-

2428 5400 2552 5436 πτει
2589 5384 2837 5453 καρδίαν,
2871 5384 3063 5454 ἀώρως
3092 5385 3232 5438 οὕτω
3260 5388 3352 5438 καὶ
3380 5386 3580 5451 ἀθλίως
3607 5388 3965 5457 ἀπολλυμένη
3989 5408 4005 5453 ;

2440 5477 2807 5546 Ἐπιστρεφὴς
2856 5478 3036 5529 τοίνυν
3082 5482 3193 5540 τοῖς
3239 5481 3463 5531 ἐκείνων
3517 5481 3695 5546 λόγοις
3726 5483 3755 5533 6
3792 5484 4008 5550 μάρτυς

2427 5570 2736 5639 γενόμενις,
2770 5574 2862 5623 καὶ
2892 5572 3046 5639 δῆλος
3078 5572 3153 5623 ὢν
3195 5572 3517 5641 ὑπεραλγῶν
3563 5574 3740 5625 αὑτων
3783 5577 3880 5626 καὶ
3914 5592 4007 5625 τῖε-

2433 5663 2774 5730 ρικαιομενος
2795 5703 2808 5727 ,
2839 5664 2901 5715 Τί
2933 5667 2991 5715 τὸ
3019 5666 3155 5733 βαρὺ
3188 5666 3364 5727 τοῦτο,
3415 5668 3580 5732 λέγει,
3628 5670 3721 5719 καὶ
3765 5667 4008 5735 ζοςιτῷδες

2431 5754 2611 5819 νέφος,
2643 5754 2670 5804 ὅ
2699 5771 2760 5821 γε
2787 5756 2883 5816 τὰς
2918 5756 3013 5823 τῆς
3062 5756 3300 5820 διανοίας
3350 5758 3499 5825 ὂψεις
3530 5759 3684 5826 ὑμῶν
3715 5758 4005 5826 ἐμῆ-εἶξιν

2430 5846 2527 5896 οὐκ
2557 5847 2619 5915 ἐᾷ
2656 5846 2786 5914 πρὸς
2814 5848 2904 5898 τὸν
2935 5849 3160 5915 οὐρανὸν
3197 5849 3346 5913 ἰδεῖν,
3376 5849 3508 5902 ἀλλὰ
3544 5850 3691 5903 κάτω
3711 5849 3892 5901 νεύειν
3915 5852 4008 5901 καὶ
