4148 6486
759 426 863 488 979

752 719 807 773 in
835 736 932 774 nos
959 721 1315 788 providentia,
1357 724 1498 791 quod
1534 740 1617 779 me
1652 726 1867 796 dignum
1896 736 2191 799 censueris,
2226 737 2315 805 qui

751 825 978 864 vocarer
1013 812 1272 881 magister
1321 816 1528 881 talium,
1577 832 1683 871 non
1721 835 2030 887 puerorum,
2081 828 2173 879 sed
2203 826 2313 880 for-

754 905 881 956 tium
913 904 1089 970 potius
1117 905 1392 973 virorum;
1426 923 1531 963 non
1559 920 1719 965 aetate
1748 912 2051 979 infantium,
2081 917 2176 972 sed
2208 917 2315 972 vir-

751 1003 862 1048 tute
900 995 1280 1063 perfectorum.

821 1084 934 1138 XV.
975 1085 1191 1141 Interim
1234 1098 1408 1142 autem
1452 1105 1571 1144 eum
1602 1106 1815 1161 quoque
1860 1095 1978 1149 sisti
2022 1106 2174 1150 curat
2207 1097 2313 1153 Nu-

747 1179 1021 1233 merianus
1059 1197 1071 1231 :
1105 1177 1417 1237 et:.Nonne
1458 1183 1687 1235 sunt‘tni
1712 1224 1727 1247 ,
1769 1185 1970 1253 inquit,
2007 1188 2090 1242 isti
2125 1191 2313 1259 pueri?

751 1285 897 1332 nam,
925 1286 1016 1337 per
1040 1268 1250 1335 Jovem,
1279 1281 1404 1325 sunt
1431 1273 1515 1325 isti
1550 1274 1645 1327 tibi
1676 1277 1942 1329 sententia
1969 1279 2130 1332 animi
2159 1280 2313 1336 valde

747 1359 970 1412 similes.
1009 1358 1102 1414 llle
1159 1370 1336 1415 autem
1372 1378 1385 1413 :
1427 1361 1651 1429 Spiritu,
1690 1366 1884 1433 inquit,
1928 1382 1961 1423 ο
1996 1369 2307 1439 imperator,

745 1460 870 1505 sunt
901 1451 1015 1516 lilii,
1049 1467 1154 1504 non
1195 1467 1386 1516 carne;
1423 1457 1665 1522 corporei
1706 1458 1847 1511 enim
1894 1462 2095 1516 amoris
2128 1473 2181 1517 et
2217 1480 2310 1519 cu-

744 1542 869 1597 bilis
915 1556 1129 1597 sensum
1187 1544 1253 1597 ad
1303 1544 1403 1598 boe
1451 1560 1618 1614 usque
1666 1558 1875 1618 tempus
1916 1568 2022 1606 non
2070 1558 2309 1623 percepi.

746 1634 850 1688 Sed
882 1648 977 1687 cur
1016 1650 1146 1699 non,
1203 1636 1374 1704 inquit
1403 1636 1780 1701 Nmnerianns,
1824 1643 1931 1697 cito
1973 1647 2302 1711 sacriﬁcans,

748 1734 802 1779 et
833 1734 884 1780 te
930 1736 983 1779 et
1025 1740 1118 1778 nos
1174 1726 1368 1779 liberas
1415 1742 1442 1779 a
1494 1729 1800 1784 molesziis?
1846 1730 1939 1787 Sin
1975 1740 2153 1787 autem
2201 1753 2305 1790 non

750 1814 930 1867 sinunt
956 1829 1031 1868 ea:
1064 1829 1182 1883 qua:
1214 1830 1604 1884 prmcesserunt
1637 1823 1910 1888 molestiae,
1944 1826 2035 1878 sed
2063 1828 2309 1882 mordent

751 1919 813 1957 ac
844 1904 1154 1958 excruciant
1214 1914 1267 1957 et
1307 1906 1544 1959 dolorem
1591 1908 1848 1975 alierum;
1885 1923 1934 1965 at
1969 1930 2067 1984 ego
2100 1926 2150 1970 te
2188 1932 2311 1983 pns-
2346 1889 2386 1944 Β

747 2011 864 2049 sum
899 1998 1230 2051 remunerari
1265 1997 1418 2066 longe
1446 1999 1687 2066 pluribus
1718 2013 1772 2056 et
1803 2004 2095 2071 majoribus
2133 2008 2305 2073 bonis,

744 2099 797 2141 ct
826 2090 1077 2142 inducere
1102 2090 1166 2141 ad
1194 2088 1404 2142 illarutn
1428 2091 1771 2146 oblivionem.
1806 2095 2001 2150 Deinde
2030 2099 2311 2153 videbatur

742 2180 905 2232 etiam
958 2179 1005 2232 ei
1040 2179 1240 2233 bonum
1276 2180 1404 2234 dare
1452 2184 1731 2236 consilium
1786 2185 1851 2237 ad
1901 2201 1961 2239 ea
2008 2203 2125 2257 qua:
2155 2202 2311 2247 erant

743 2269 1015 2339 proposita
1058 2268 1388 2337 :Oporteret
1434 2283 1638 2337 autem,
1681 2275 1889 2343 dicens,
1942 2292 1975 2331 ο
2032 2281 2305 2349 magister,

743 2370 889 2414 tuam
935 2363 1191 2417 canitiem
1242 2378 1532 2431 suggerere
1563 2380 1854 2432 puerorum
1896 2370 2037 2423 aetati
2072 2370 2122 2423 id
2166 2375 2306 2440 quod

742 2454 915 2518 decet,
951 2461 1002 2506 et
1031 2454 1109 2507 eis
1146 2454 1489 2522 persuadere,
1542 2470 1608 2508 ne
1647 2457 1781 2510 adeo
1830 2458 2223 2527 intempestive,
2255 2472 2305 2516 et

742 2546 793 2598 in
827 2546 941 2613 ipso
987 2542 1120 2600 ﬂore
1145 2554 1483 2598 marcescant
1518 2547 1917 2604 miserabiliter.
1957 2551 2175 2607 Divinus
2210 2568 2303 2607 au-

740 2645 845 2689 tem
868 2635 1115 2705 Babylas,
1136 2636 1330 2691 .videns
1353 2635 1494 2688 illam
1522 2635 1835 2691 Nnmcriani
1862 2641 2304 2706 sollicitudinem,

741 2742 792 2781 ut
833 2730 882 2783 in
935 2744 995 2783 se
1028 2730 1198 2798 ipsum
1232 2739 1288 2783 et
1317 2729 1369 2781 in
1402 2744 1603 2798 pueros
1644 2742 2007 2800 comparatam
2048 2734 2308 2789 callidita-

742 2832 890 2874 tem:
926 2819 1159 2885 Videris,
1200 2821 1393 2889 inquit,
1443 2836 1477 2873 ο
1517 2821 1838 2890 imperator,
1889 2822 2071 2878 valere
2117 2824 2307 2893 iubens

739 2914 1030 2977 Barbaros,
1070 2927 1191 2967 cum
1224 2913 1421 2981 quibus
1454 2920 1507 2966 te
1541 2913 1775 2967 maxime
1802 2925 2077 2983 oporteret
2109 2917 2304 2971 bellum

740 3020 950 3076 gerere,
987 3013 1041 3058 et
1092 3004 1331 3059 externis
1365 3004 1512 3057 curis
1562 3003 1821 3067 dimissis,
1859 3007 1910 3058 in
1961 3021 2060 3060 nos
2092 3009 2307 3061 univer-

740 3114 858 3154 sum
889 3099 1223 3153 convertisse
1251 3096 1525 3161 studium;
1559 3110 1663 3151 non
1686 3112 1752 3151 eo
1775 3105 1923 3150 tuum
1953 3098 2187 3168 dirigens
2216 3114 2306 3167 ap-

1994 439 2269 499 MENSIS
2307 443 2761 512 JANUARIUS.

755 542 932 609 plina!
978 541 1184 610 accipio
1223 544 1524 598 mercedem
1562 560 1693 601 mea:
1729 549 2084 618 educationis,
2130 555 2310 624 collige

2426 564 2634 628 παῖδες,
2691 566 2897 635 ἔλεγεν,

754 628 988 697 majores
1024 630 1230 685 fructus
1264 631 1529 689 laborum.
1579 638 1691 706 Ago
1730 639 1823 693 tibi
1869 644 2107 710 gratias,
2141 644 2318 700 divina

2950 568 3099 639 εὖγε,
3145 568 3189 624 ὦ
3233 574 3453 629 παιδεία
3497 578 3640 647 ὲμήυ
3691 580 3887 650 ἀπέχω
3927 582 3992 633 τὰ

2420 654 2663 719 τροφεῖα,
2709 656 2961 724 μείζονας
2998 659 3105 712 τῶν
3156 662 3333 714 πόνων
3381 665 3654 733 δρέπομαι
3693 670 3821 729 τοὺς
3857 686 3993 737 καρ-

2424 740 2572 798 πούς.
2617 742 2934 816 Εὐχαριστῶ
2966 765 3065 813 σοι,
3096 751 3214 805 θεία
3258 752 3365 804 τῶν
3406 755 3532 823 περὶ
3560 757 3703 825 ἡμᾶς
3733 759 3988 827 Πρόνοια,

2418 830 2499 882 ὄτι
2537 834 2790 888 τοιούτων
2831 854 2897 908 με
2944 839 3207 910 κληθῆναι
3269 843 3587 898 διδάσκαλον
3643 848 3989 918 κατηξίωσας

2416 921 2476 972 οὐ
2506 924 2733 990 παίδων,
2784 929 2900 982 ἀλλ’
2947 933 3234 1002 ἀριστέων,
3263 936 3324 989 οὐ
3357 938 3577 1008 νηπίων
3606 940 3704 1010 τὴν
3742 940 3985 1010 ἠλικίαν,

2415 1012 2549 1067 ἀλλὰ
2580 1017 2801 1073 τελείων
2834 1021 2933 1092 τὴν
2962 1025 3184 1095 ἀρετήν.

2486 1108 2588 1164 1Ε’.
2625 1110 2733 1163 Καὶ
2764 1113 2963 1178 μεταξὺ
3022 1117 3323 1185 παρίστησι
3349 1119 3446 1171 καὶ
3475 1119 3635 1172 αὑτὸν
3666 1121 3983 1191 Νουμερια-

2414 1198 2521 1262 νὸς.
2549 1201 2668 1266 καὶ,
2700 1198 2842 1271 Ἆρα
2869 1205 2986 1274 οὐχὶ
3021 1208 3089 1260 σα
3128 1208 3241 1259 ἐστι
3276 1211 3428 1261 ταυτὶ
3452 1210 3518 1262 τα
3553 1211 3774 1274 παιδίας
3823 1214 3983 1280 φησί.

2413 1289 2494 1359 Νὴ
2525 1292 2621 1343 Δία
2654 1308 2715 1358 γε
2740 1310 2753 1323 ο
2786 1295 2925 1348 πάνυ
2955 1296 3061 1362 γάρ
3107 1314 3185 1349 σοι
3211 1299 3307 1368 τὴν
3343 1300 3564 1369 γνώμην
3600 1302 3858 1355 ἐοίκασιν.
3906 1303 3966 1355 ’0

2410 1380 2487 1443 δὲ,
2521 1379 2609 1449 Τῷ
2641 1383 2929 1453 πνεύματι,
2982 1386 3221 1456 βασιλεῦ,
3263 1389 3387 1459 ἔφη,
3437 1392 3530 1443 καὶ
3573 1392 3633 1442 οὐ
3678 1394 3739 1461 τῇ
3784 1392 3981 1461 σαρκί·

2412 1475 2608 1543 ἔρωτος
2648 1476 2757 1543 γὰρ
2787 1478 2896 1546 ἐγὼ
2922 1480 3236 1548 σωματικοῦ
3270 1484 3351 1542 εἰς
3376 1484 3491 1535 τόδε
3522 1486 3713 1553 χρόνον
3744 1484 3837 1536 καὶ
3865 1482 3981 1535 κοί-

2410 1583 2508 1633 της
2530 1566 2809 1633 ἄγευστος.
2847 1570 3009 1622 Ἀλλὰ
3034 1571 3086 1623 τί
3116 1572 3198 1642 μὴ.
3234 1574 3427 1625 θᾶττον
3458 1573 3644 1637 θύσας,
3674 1574 3805 1645 φησὶ
3834 1575 3979 1626 Νον-

2413 1660 2690 1728 μεριανὸς,
2716 1661 3055 1730 πραγμάτων
3083 1665 3174 1715 καὶ
3197 1664 3389 1717 σαυτὸν
3407 1667 3500 1717 καὶ
3523 1668 3671 1735 ἡμᾶς
3696 1666 3979 1719 ἀπαλλατ-

2408 1766 2552 1814 τεις;
2587 1752 2649 1804 Εἰ
2680 1753 2735 1803 δὲ
2763 1753 2829 1804 τὰ
2860 1752 3192 1822 προλαϐόντα
3222 1755 3371 1807 δεινὰ
3403 1758 3503 1809 οὒκ
3526 1759 3607 1826 ἐᾷ,
3636 1756 3770 1808 ἀλλὰ
3795 1757 3981 1809 δακνει

2410 1838 2504 1889 καὶ
2547 1839 2708 1909 ὸδυνᾷ
2752 1842 2847 1893 καὶ
2894 1844 2971 1904 εἰς
3014 1845 3174 1896 ἀνίαν
3220 1845 3513 1914 ἐμϐάλλει⁸
3550 1846 3685 1899 ἀλλὰ
3715 1846 3981 1914 δυναῐμην

2412 1929 2476 1981 ἂν
2504 1929 2675 1997 ἔγωγε
2707 1930 2912 2000 μείζοσί
2942 1949 3000 1983 σε
3033 1934 3211 2003 πολλῷ
3243 1940 3345 1987 καὶ
3372 1936 3580 1987 πλείοσι
3613 1937 3725 1995 τοῖς
3756 1952 3982 2003 χρηστνι·

2411 2021 2589 2089 τέροις
2635 2022 2997 2091 ἀμείψασθαι.
3036 2026 3127 2077 καὶ
3166 2022 3247 2086 εἰς
3272 2026 3441 2094 λήθην
3474 2027 3697 2079 ἐκείνων
3728 2028 3979 2092 ἀγαγεῖν.

2411 2107 2541 2164 Εἶτα
2587 2115 2677 2163 καὶ
2725 2113 3041 2181 σύμϐουλος
3086 2117 3236 2185 αὐτῷ
3286 2116 3462 2168 ἐδόκει
3513 2118 3744 2185 χρηστὸς
3798 2121 3873 2178 εἷς
3914 2119 3980 2168 τα

2412 2202 2742 2271 προκείμενα
2780 2204 3056 2269 γίνεσθαι·
3103 2208 3299 2276 Ἐχρῆν
3326 2208 3380 2259 δὲ
3422 2208 3549 2276 ἄρα,
3608 2208 3804 2274 λέγων,
3842 2210 3981 2260 διδά-

2412 2294 2599 2357 σκαλε,
2632 2294 2728 2363 τὴν
2756 2292 2851 2364 σὴν
2878 2296 3070 2348 πολιὰν
3097 2301 3162 2365 τῇ
3188 2298 3295 2351 τῶν
3336 2300 3539 2352 παίδων
3565 2300 3747 2369 ἡλικία
3771 2301 3833 2351 τὸ
3859 2301 3976 2352 δέον

2408 2383 2710 2446 ὑποθεῖναι,
2765 2387 2859 2438 καὶ
2921 2389 3106 2440 πεῖσαι
3150 2388 3225 2458 μὴ
3276 2388 3453 2458 ἄωρον
3502 2390 3643 2443 οὕτω
3703 2393 3795 2443 καὶ
3846 2388 3978 2459 παρ’

2409 2475 2577 2545 αὐτὴν
2613 2476 2712 2545 τὴν
2739 2478 2909 2547 ἄνθην
2938 2479 3188 2540 ἐλεεινῶς
3233 2480 3706 2551 ἀπομαρανθῆναι.
3749 2482 3807 2535 Ὀ
3839 2484 3980 2543 θεῖος

2408 2564 2585 2616 τοίνυν
2612 2566 2859 2630 Βαϐύλας
2885 2568 2945 2619 τὸ
2972 2569 3230 2635 ἐπιμελὲς
3265 2574 3441 2623 ἐκεῖνο
3470 2572 3849 2641 Νουμεριανοῦ
3889 2574 3983 2625 καὶ

2407 2658 2594 2720 δεινῶς
2630 2661 2936 2731 πανοῦργον
2960 2663 3086 2730 περὶ
3113 2663 3276 2716 αὑτὸν
3308 2665 3401 2715 καὶ
3432 2666 3557 2726 τοὺς
3589 2665 3786 2727 παῖδας
3820 2666 3943 2717 ἰδὼν
3964 2703 3980 2728 ,

2413 2751 2652 2813 Ἔοικας,
2681 2752 2803 2821 ἔφη,
2840 2751 3080 2821 βασιλεῦ,
3112 2754 3179 2805 τὰ
3209 2754 3344 2823 πρὸς
3369 2758 3495 2817 tota;
3520 2755 3838 2825 Βαρϐαρονς
3862 2758 3984 2821 χαί-

2412 2858 2523 2911 ρειν
2554 2842 2741 2904 ἐάσας,
2770 2836 2848 2904 οἷς
2883 2859 2939 2894 σε
2967 2842 3184 2894 πάντων
3220 2844 3455 2911 μάλιστα
3496 2844 3751 2913 πολεμεῖν
3788 2845 3979 2913 ἐχρῆν,

2386 2935 2497 2985 καὶ
2525 2932 2658 2995 ὅλως
2687 2932 2797 2984 τῶν
2822 2932 3019 2997 ἔξωθεν
3046 2934 3339 3002 φροντίδων
3363 2936 3653 3003 ἀφέμενος,
3680 2934 3779 3005 τὴν
3812 2952 3985 2986 σπου·

2405 3025 2499 3094 δὴν
2533 3025 2748 3078 ἅπασαν
2794 3025 2879 3093 ἐφ’
2925 3025 3074 3094 ἡμᾶς
3120 3027 3422 3096 τρέψασθαι
3492 3029 3584 3079 καὶ
3652 3026 3752 3096 τὴν
3804 3042 3986 3094 παραυ

2408 3114 2628 3183 σκευὴν,
2652 3115 2748 3184 οὐχ
2779 3116 2926 3177 ὅπως
2961 3114 3253 3185 ὠφελὴαῃς
3274 3132 3325 3167 τι
3353 3116 3414 3168 τὸ
3440 3116 3673 3183 ὑπήκοον
3700 3114 3789 3166 δια
3830 3113 3986 3181 μερξο

740 3199 1012 3258 paratum,
1067 3199 1124 3242 ttt
1168 3197 1270 3242 tua!
1299 3202 1442 3241 cura:
1478 3187 1545 3241 iis
1593 3187 1802 3254 prosint
1842 3188 1934 3257 qui
1987 3199 2077 3243 tuo
2118 3201 2303 3258 parent

2411 3222 2545 3274 μνης
2576 3203 2874 3272 τιθέμενος,
2905 3204 3020 3255 ἀλλ’
3042 3202 3180 3256 ὥστε
3207 3204 3456 3273 βασάνων
3485 3204 3667 3257 λαϐεῖν
3701 3201 3983 3269 ἀψορμας,

739 3279 1005 3350 imperio;
1037 3280 1130 3333 sed
1162 3286 1220 3332 ut
1254 3286 1522 3333 tormenta
1576 3279 1869 3347 excogites,
1912 3294 2007 3349 per
2049 3295 2167 3349 qua:
2213 3281 2305 3335 ira:

741 3383 847 3428 tua:
882 3375 1157 3444 indulgeas
1189 3386 1243 3430 et
1280 3374 1481 3431 leritati
1512 3379 1769 3432 naturali.

810 3465 952 3519 XVI.
983 3464 1077 3520 llis
1109 3476 1218 3520 toto
1255 3470 1417 3523 corde
1444 3469 1706 3524 ebulliens
1738 3480 1792 3523 et
1824 3471 2069 3525 incensus
2108 3469 2304 3524 Nume-

743 3560 951 3623 rianus,
971 3559 1123 3626 jubet
1148 3564 1213 3615 ad
1245 3571 1469 3615 mortem
1505 3571 1646 3615 recta
1675 3562 1794 3616 duci
1823 3574 2108 3633 martyres.
2136 3564 2308 3633 Atque

743 3652 819 3706 illi
866 3651 1083 3721 quidem
1123 3652 1463 3706 ducebantur
1506 3652 1785 3719 lzetantes,
1847 3663 1902 3707 et
1959 3657 2070 3708 bare
2128 3654 2309 3724 lingua

744 3747 975 3799 canebat
1012 3760 1133 3799 cum
1173 3746 1365 3813 gaudio
1406 3761 1419 3799 :
1452 3745 1792 3810 Benedictus,
1838 3746 2010 3811 Dens,
2047 3747 2136 3816 qni
2181 3747 2307 3799 olim

744 3838 960 3907 quidem
992 3852 1056 3892 ex
1092 3837 1385 3893 infantibus
1425 3848 1479 3891 et
1526 3837 1847 3893 lactentibus
1879 3840 2088 3893 laudem
2138 3839 2307 3907 pelle-

743 3930 905 3993 cisti;
939 3942 1081 3982 nunc
1114 3938 1290 3982 autem
1330 3944 1393 3983 ex
1426 3927 1743 3993 infantibus,
1778 3928 1878 3982 etsi
1921 3942 2024 3982 non
2064 3928 2311 3981 lactenti-

743 4022 863 4085 bus,
890 4030 943 4073 et
965 4034 1027 4075 ex
1062 4033 1200 4073 cano
1234 4034 1365 4073 sene
1396 4019 1745 4081 sacriﬁcium,
1777 4018 2094 4088 sanguinein
2123 4034 2307 4073 eorum

742 4111 966 4179 accipis.
1020 4109 1116 4164 llis
1158 4125 1310 4179 ergo,
1346 4119 1401 4163 et
1440 4107 1516 4178 (7)
1567 4108 1750 4163 multis
1803 4109 1923 4163 aliis
1963 4117 2311 4164 contexentes

742 4202 1039 4272 gratiarum
1078 4202 1382 4265 actionem,
1429 4209 1791 4270 pervenerunt
1834 4201 1899 4255 ad
1944 4200 2120 4255 locum
2167 4214 2313 4253 mar-

743 4294 891 4361 tyrii.
926 4294 986 4347 Et
1018 4308 1138 4347 cum
1170 4301 1543 4347 sacrosanctos
1565 4293 1699 4360 {ante
1724 4306 1782 4345 se
1808 4306 2005 4359 pueros
2037 4291 2312 4345 statuisset

745 4385 805 4441 Β.
845 4384 1109 4453 Babylas,
1149 4384 1270 4440 illos
1302 4397 1412 4438 suae
1452 4382 1708 4438 doetrince
1757 4382 2039 4450 puli-brum
2075 4380 2307 4436 fructum

742 4476 852 4529 Deo
880 4475 1095 4532 obtulit.

814 4658 982 4713 xvn.
1016 4658 1306 4727 Postquam
1338 4668 1515 4711 autem
1563 4657 1684 4712 illos
1716 4657 1847 4712 vidit
1886 4666 2308 4720 consummatos,

741 4754 961 4807 beatam
992 4750 1139 4805 illam
1188 4751 1365 4805 emisit
1413 4765 1599 4804 vocem
1638 4740 1661 4802 ⁸ι
1696 4750 1837 4806 Ecce
1878 4765 1996 4820 ego,
2030 4750 2222 4820 inquit,
2258 4759 2310 4802 et

743 4842 921 4910 pueri,
955 4856 1094 4909 quos
1122 4840 1267 4894 dedit
1289 4841 1416 4893 mibi
1460 4841 1618 4895 Deus.
1650 4840 1819 4895 Porro
1846 4852 2024 4895 autem
2055 4855 2150 4896 eos
2177 4856 2284 4909 quo

743 4948 871 5003 que,
900 4932 988 4998 qui
1017 4933 1260 4994 aderant,
1287 4933 1514 5001 rogavit,
1546 4941 1604 4985 ut
1630 4933 1743 5000 ipsa
1781 4934 1930 5001 signa
1955 4932 2291 4987 certatninun

744 5036 865 5079 cum
919 5038 986 5079 eo
1041 5024 1351 5093 sepelirent.
1406 5023 1521 5091 Ipsa
1571 5026 1713 5077 enim
1766 5033 1985 5092 propter
2038 5024 2306 5079 Christum

748 5114 962 5168 amabat
1002 5124 1055 5168 et
1079 5113 1540 5183 amplectebatur;
1571 5124 1624 5169 et
1646 5129 1745 5169 nec
1780 5115 1993 5170 volebat
2020 5130 2081 5168 ea
2109 5115 2308 5169 auferri

748 5220 774 5256 a
808 5204 972 5257 surdo
1019 5203 1161 5257 illius
1205 5202 1423 5271 pulvere
1471 5220 1483 5255 :
1521 5218 1641 5273 qua:
1673 5204 1887 5272 quidem
1935 5203 2157 5273 pulchra
2192 5220 2310 5258 esse

744 5310 856 5350 sua:
902 5295 1190 5366 sepultura:
1231 5308 1579 5359 ornamenta,
1617 5295 1840 5364 pulchre
1876 5305 2117 5349 noverat.
2152 5296 2309 5361 Quae-

742 5402 869 5442 nam
908 5395 1088 5442 autem
1122 5402 1184 5442 ea
1221 5389 1419 5442 erant?
1448 5388 1677 5451 Collare,
1721 5397 1775 5443 et
1817 5388 1975 5442 ferrei
2010 5389 2127 5457 ejus
2166 5403 2311 5441 com-

745 5479 927 5545 pedes.
978 5475 1183 5533 Deinde
1226 5479 1274 5533 ei
1319 5494 1531 5548 quoque
1562 5488 1723 5548 caput
1765 5490 2077 5548 amputatur
2115 5490 2308 5548 quarto

741 5567 834 5625 die
889 5568 1241 5638 Septembris.
1274 5570 1425 5626 Jacet
1457 5581 1634 5625 autem
1681 5572 1757 5641 (8)
1812 5588 1952 5626 nunc
1998 5586 2209 5640 quoque
2257 5572 2308 5624 in

821 5706 899 5773 (7)
935 5706 1269 5781 ΙΙαιο-ιρι-Ιιτι
1325 5710 1513 5776 psalmi
1561 5726 1587 5761 a
1632 5711 1829 5781 Baby.a
1878 5725 2090 5769 cantata
2143 5713 2309 5767 relert

748 5778 943 5853 Suidaf
975 5795 985 5828 :
1018 5778 1395 5853 itionvcrlcre,
1416 5782 1593 5853 anitpa
1615 5778 1760 5848 mea,
1787 5783 1836 5837 in
1874 5786 2112 5853 requiem
2140 5793 2304 5850 luam,

746 5836 869 5915 quia
902 5845 1156 5902 Dominus
1193 5836 1449 5904 bcnclctit
1488 5836 1601 5902 tibi.
1652 5870 1666 5900 ι

2408 3295 2477 3348 δι’
2504 3288 2578 3348 ὧν
2618 3295 2683 3347 ἂν
2726 3294 2802 3364 τῷ
2842 3293 3000 3364 θυμῷ
3038 3294 3238 3366 χαρίσῃ
3289 3294 3382 3348 καὶ
3421 3297 3486 3364 τῇ
3532 3296 3738 3362 φυσικῇ
3786 3292 3985 3361 ἀγριό-

2408 3400 2548 3452 τητμ

2483 3470 2597 3537 ις’.
2652 3471 2876 3534 Τούτοις
2926 3470 3055 3539 ὃλην
3117 3470 3424 3542 ὑπερζέσας
3465 3471 3558 3542 τὴν
3610 3474 3845 3543 καρδίαν
3893 3476 3985 3526 καὶ

2410 3563 2734 3631 ἁναφλεγεὶς
2783 3562 3179 3633 Νουμεριανὸς,
3235 3564 3464 3630 ἄγεσθαι
3517 3565 3613 3633 τὴν
3642 3568 3735 3618 ἐπὶ
3766 3566 3987 3634 θανάτῳ

2410 3652 2619 3706 κελεύει
2646 3655 2768 3716 τοὺς
2800 3654 3100 3725 μάρτυρας.
3134 3655 3197 3708 οι
3232 3655 3330 3724 μὲν
3359 3655 3423 3724 δὴ
3449 3656 3738 3723 χαίροντες
3760 3660 3983 3726 ἤγοντο,

2410 3746 2506 3796 καὶ
2534 3745 2566 3812 ἡ
2606 3744 2819 3812 γλῶττα
2844 3746 3117 3813 ὑπέψαλλε
3141 3746 3313 3799 ταῦτα
3342 3749 3435 3799 σὺν
3454 3748 3611 3816 ἡδονῇ
3634 3765 3645 3776 ·
3673 3748 3987 3815 Εὐλογητὸς

2411 3834 2484 3901 εἷ,
2512 3841 2539 3891 ὀ
2573 3838 2726 3901 Θεὶς,
2761 3841 2789 3891 ὀ
2818 3838 2985 3890 πάλαι
3026 3840 3124 3909 μὲν
3170 3842 3234 3892 ὲκ
3264 3840 3473 3909 νηπίων
3521 3841 3611 3892 καὶ
3638 3838 3986 3907 θηλαζόντων

2411 3926 2560 3984 αἶνον
2586 3930 3060 4000 καταρτισὰμενος
3083 3947 3097 3962 ·
3139 3930 3234 3983 νῦν
3269 3931 3325 3984 δὲ
3352 3933 3413 3983 ὲκ
3443 3931 3672 4001 νηπίων,
3700 3932 3750 3983 εἰ
3778 3931 3878 3984 καὶ
3907 3933 3985 4001 μὴ

2412 4023 2773 4090 θηλαζόντων,
2806 4022 2900 4074 καὶ
2934 4021 3119 4075 πολιοῦ
3150 4023 3401 4090 γέροντος
3445 4022 3632 4075 θυσίαν
3672 4023 3741 4073 τα
3772 4024 3984 4089 αἷμακ

2412 4112 2591 4164 αὐτῶν
2651 4110 3096 4180 προσδεχόμενος.
3181 4112 3403 4173 Τούτοις
3459 4111 3550 4164 οὖν
3613 4112 3705 4165 καὶ
3763 4114 3984 4176 πολλοῖς

2411 4201 2591 4261 ἄλλοις
2621 4199 3001 4261 διαπλέκοντες
3042 4199 3148 4268 τὴν,
3186 4199 3556 4269 εὐχαριστίαν,
3596 4202 3685 4253 τὸν
3711 4200 3804 4255 τοῦ
3838 4219 3985 4271 μαρ-

2411 4290 2598 4361 τυρίου
2624 4290 2788 4342 τόπον
2827 4288 3148 4342 κατέλαϐον.
3195 4291 3304 4341 Καὶ
3332 4290 3467 4357 δῆτα
3500 4291 3622 4352 τοὺς
3658 4292 3986 4360 legata-.61;

2411 4384 2439 4435 ὁ
2469 4381 2733 4452 μακάριοὲ⁸
2772 4379 3027 4441 Βαϐύλας
3060 4379 3254 4433 ἑαυτοῦ
3289 4380 3735 4449 προστησάμενος
3771 4386 3987 4451 καρπὶν

2411 4473 2615 4543 ὡραῖον
2646 4471 2845 4535 αὐτοὺς
2870 4472 2970 4543 τῆς
2999 4472 3210 4534 οἰκείας
3258 4472 3603 4534 διδασκαλίας
3632 4478 3984 4544 προήνεγκε

2342 4552 2387 4607 Ῑ)
2416 4564 2487 4633 τῷ
2510 4562 2650 4633 Θεῷ.

2484 4652 2583 4709 1Ζ’.
2629 4654 2779 4707 Ἐπεὶ
2802 4652 2859 4706 δὲ
2886 4654 2977 4706 καὶ
3004 4653 3389 4714 τελειωθέντας
3420 4650 3547 4713 εἶδε,
3571 4656 3670 4720 τὴν
3705 4656 3988 4721 μακαρίαν

2412 4746 2627 4814 ἐκείνην
2658 4745 2835 4813 ἀφῆκε
2861 4746 3070 4811 φωνήν·
3119 4744 3249 4796 Ἰδοὺ
3277 4744 3384 4809 ἐγὼ
3412 4743 3502 4795 καὶ
3528 4743 3593 4794 τὰ
3618 4744 3805 4794 παιδία
3839 4744 3870 4793 α
3898 4762 3987 4809 μω

2412 4836 2613 4888 ἔδωκεν
2642 4836 2669 4886 ὁ
2697 4834 2851 4896 Θεός.
2887 4834 2999 4886 Καὶ
3026 4835 3150 4895 τοὺς
3192 4834 3464 4902 παρόιτας
3496 4832 3649 4900 ἠξίου
3696 4833 3836 4884 alti
3880 4836 3989 4884 τιῖν

2412 4927 2586 4981 ἄθλων
2623 4927 2770 4996 αὐτῷ
2804 4924 3067 4993 συνθάψαι
3099 4925 3165 4977 τα
3199 4924 3442 4994 σύμϐολα
3463 4939 3475 4951 ·
3510 4926 3681 4990 ἐφίλει
3709 4926 3819 4992 γὰρ
3851 4925 3988 4973 λιτά

2410 5018 2496 5070 διὰ
2537 5018 2770 5088 Χριστὸν
2831 5019 2924 5069 καὶ
2975 5017 3269 5084 ἠσπάζετο,
3332 5018 3423 5068 καὶ
3472 5016 3591 5067 οὐδὲ
3639 5016 3735 5085 τῆς
3790 5015 3989 5082 xui-ei;

2411 5111 2619 5161 ἐκείνου
2654 5109 2852 5170 κόνεως
2884 5107 3251 5176 ἀφαιρεθῆναι
3289 5107 3428 5159 alti
3468 5106 3678 5174 ἢθελεν,
3725 5106 3759 5159 ἃ
3795 5107 3860 5173 δὴ
3898 5110 3993 5158 καὶ

2412 5203 2551 5255 καλὰ
2579 5201 2759 5262 καλῶς
2787 5201 3015 5269 ἐντάφια
3042 5200 3178 5269 ᾔδει.
3210 5199 3345 5251 Τίνα
3378 5198 3432 5250 δὲ
3465 5197 3636 5249 ταῦτα
3663 5193 3765 5265 iv;
3808 5196 3867 5249 Ὀ
3896 5201 3989 5248 ἐπὶ

2409 5294 2485 5362 τῷ
2514 5293 2768 5361 τραχήλῳ
2812 5292 3010 5353 κλοιὸς,
3044 5293 3136 5345 καὶ
3162 5293 3186 5342 ὁ
3209 5290 3331 5354 τοὺς
3367 5290 3532 5352 πόδας
3566 5291 3805 5355 συνέγων
3837 5290 3989 5355 353:,-

2413 5402 2523 5454 ρος.
2564 5383 2696 5435 Εἶτα
2744 5385 2842 5453 τὴν
2880 5385 3119 5452 κεφαλὴν
3166 5385 3267 5435 ’καὶ
3314 5383 3477 5443 αὐτὸς
3525 5384 3869 5450 ἀφαιρεῖται,
3906 5400 3990 5433 τι·

2414 5477 2619 5545 τάρτην
2648 5475 2767 5527 τότε
2799 5474 2891 5527 τοῦ
2922 5474 3288 5542 Σεπτεμϐρίου
3320 5473 3486 5542 μηνὸς
3515 5471 3757 5539 ἄγοντος.
3796 5475 3989 5526 Κεῑτπι

2417 5572 2471 5622 δὲ
2503 5568 2595 5623 καὶ
2617 5568 2711 5620 νῦν
2739 5570 2793 5618 ὲν
2822 5569 2885 5636 τῇ
2923 5566 3067 5634 σορῷ
3109 5564 3374 5630 Βαϐὐλας,
3412 5566 3507 5617 σιν
3533 5565 3609 5633 τῷ
3642 5582 3989 5635 περιτριίτ.-

2493 5710 2567 5777 (8)
2605 5711 2735 5765 Cum
2783 5713 3035 5762 ltttnit'ttttt
3078 5710 3207 5762 Acta
3242 5710 3352 5762 lttl‘c
3396 5707 3648 5762 Leoatins
3685 5706 3983 5763 scribebat.

2416 5794 2508 5835 aut
2549 5793 2692 5836 certe
2736 5779 3208 5849 Sallltrysostouti
3263 5791 3533 5846 tetnpnte.
3592 5779 3682 5844 Qui
3738 5780 3986 5849 oratione

2415 5853 2575 5907 citata
2610 5853 2672 5907 de
2708 5851 2764 5906 S.
2799 5848 2995 5921 Babylo
3020 5889 3033 5915 ,
3085 5851 3155 5904 ita
3205 5851 3266 5907 de
3304 5850 3380 5905 eis
3418 5849 3604 5904 scribit
3643 5866 3654 5901 :
3697 5866 3714 5899 ι
3760 5848 3986 5901 Last-ant
