4148 6486
760 414 865 471 984

1998 422 2278 484 MENSIS
2315 426 2770 491 JANUARIUS.

3889 444 3999 507 93$

756 530 808 569 rt
832 534 887 572 se
917 519 1129 590 dignum
1164 523 1422 576 censebat
1454 526 1946 591 praestantioribus,
1978 535 2031 581 et
2062 530 2126 582 ad
2159 530 2320 583 alium

2429 535 2564 605 πρὸς
2600 537 2867 592 ἀθάνατόν
2895 557 2952 593 τε
2984 540 3144 595 ἄλλον
3172 545 3433 615 ἀφορῶσα
3466 551 3718 619 νυμφίον,
3747 555 3872 617 τοὺς
3896 558 4001 625 μὲν

756 624 1012 676 sponsum
1075 610 1383 665 intuebatur
1446 613 1801 672 immortalem
1834 658 1849 682 ,
1929 633 2052 674 cum
2112 623 2321 678 audiret

756 703 918 754 verba
970 699 1084 755 ﬁeri
1130 703 1197 757 de
1243 704 1327 759 bis
1367 708 1587 775 nuptiis,
1621 710 1672 764 in
1706 727 1838 780 quas
1866 714 2010 767 cadit
2050 714 2320 781 interitus,

758 790 981 858 putabat
1032 806 1154 847 esse
1211 810 1386 866 nugas
1425 817 1436 851 :
1473 807 1527 852 et
1582 814 1681 854 nec
1714 810 1770 853 ut
1815 803 1894 858 eis
1945 805 2318 870 assentiretur,

756 882 976 938 omnino
1005 885 1289 942 inducebat
1319 890 1370 942 in
1395 891 1654 956 animum,
1679 901 1732 946 et
1762 907 1858 947 nec
1889 906 2005 950 erat
2032 896 2136 950 ullo
2164 901 2321 953 modo

754 971 944 1027 atl‘ecta
991 977 1349 1034 muliebriter.
1403 982 1485 1035 Ab
1512 982 1603 1037 illo
1644 998 1769 1037 vero
1815 987 1932 1042 solo
1968 1003 2166 1057 sponso
2206 988 2322 1057 ejus

758 1066 1023 1133 pendebat
1061 1070 1297 1135 animus,
1342 1071 1565 1143 ejusque
1602 1089 1786 1133 amore
1828 1087 1884 1133 et
1936 1081 2229 1149 prmcordia
2267 1092 2323 1135 et

757 1174 853 1210 rm-
881 1160 1030 1213 valde
1063 1162 1428 1231 sauciabatur,
1476 1176 1529 1222 et
1574 1168 1639 1221 ad
1677 1169 1849 1236 ipsum
1887 1180 2054 1226 totum
2094 1187 2320 1227 conver-

761 1253 901 1302 tebat
937 1251 1198 1308 animum.
1246 1255 1602 1322 Quamobrem
1654 1262 1842 1315 statuit
1903 1276 1962 1319 se
2015 1264 2318 1319 clanculum

758 1341 1079 1410 subducere,
1115 1349 1533 1417 parentibusque
1562 1360 1614 1404 et
1647 1350 1807 1406 domo
1841 1354 2063 1418 relictis,
2098 1371 2157 1410 se
2184 1356 2321 1427 fuga:

758 1434 1116 1488 committere.
1158 1435 1270 1491 lloc
1309 1449 1486 1494 autem
1525 1455 1748 1499 versans
1798 1445 1999 1509 animo,
2032 1447 2166 1501 alios
2196 1448 2317 1517 qni-

757 1524 876 1577 dem
925 1525 1164 1580 celavit:
1199 1544 1331 1598 quas
1380 1547 1508 1585 vero
1568 1533 1775 1591 sciebat
1816 1552 1883 1590 ex
1937 1539 2148 1593 ancillis
2198 1554 2322 1594 esse

758 1628 949 1683 magna
984 1617 1034 1669 in
1066 1632 1125 1671 se
1164 1619 1560 1689 benevolentia,
1601 1636 1656 1681 et
1701 1627 1898 1695 alioqui
1931 1628 1987 1683 in
2016 1629 2199 1683 multis
2238 1633 2318 1684 sui

760 1720 1007 1777 magnam
1026 1708 1236 1765 dedisse
1275 1713 1682 1783 experientiam,
1711 1720 1851 1788 quod
1883 1736 1988 1775 non
2012 1730 2070 1774 ut
2098 1721 2319 1776 ancilla-

758 1812 897 1861 rum,
926 1812 1097 1869 neque
1117 1801 1253 1857 adeo
1285 1813 1342 1857 ut
1374 1804 1715 1875 ferttinarum,
1747 1824 1931 1865 earmn
1977 1810 2135 1866 facile
2164 1827 2324 1881 cape-

2428 630 2556 698 περὶ
2586 631 2680 683 τοῦ
2724 633 2968 703 φθαρτοῦ
3026 637 3216 693 τούτου
3262 642 3442 710 γάμου
3490 643 3679 711 λόγους
3723 648 4001 702 ἀκούουσα

2425 719 2624 787 λήρους
2652 723 2855 789 ἡγεῖτο,
2896 727 2987 778 καὶ
3019 728 3137 781 οὐδὲ
3167 730 3497 802 πειθομένην
3528 736 3712 799 αὐτοῖς
3733 739 3869 800 ὅλως
3894 742 3999 810 τὴν

2427 811 2651 878 καρδίαν
2697 814 2887 879 ἐδίδου,
2922 818 3029 870 οὐδ’
3059 820 3138 872 ἔτι
3188 828 3499 888 γυναικεῖον
3538 823 3606 897 ἦν
3656 831 3951 901 πάσχουσα
3980 850 3997 863 ’

2427 903 2633 956 ἐκείνου
2664 906 2719 958 δὲ
2740 907 2833 960 τοῦ
2859 911 3092 979 νυμφίου
3126 914 3289 982 μόνον
3312 916 3408 987 τὴν
3434 919 3611 990 ψυχὴν
3636 923 3866 992 ἣρτητο,
3896 929 4000 978 καὶ

2423 995 2501 1065 τῷ
2526 997 2689 1050 αὐτοῦ
2717 998 2878 1070 ἔρωτι
2908 1004 3004 1066 τὰς
3037 1006 3237 1074 φρένας
3265 1010 3356 1061 καὶ
3376 1010 3473 1079 τὴν
3505 1014 3732 1083 καρδίαν
3758 1018 4000 1086 ἰσχυρῶς

2425 1087 2726 1158 πέπληκτο,
2767 1093 2860 1145 καὶ
2896 1096 3029 1166 πρὸ,
3080 1099 3240 1151 αὑτῗιν
3291 1102 3417 1169 ὃλην
3467 1108 3563 1174 τὴν
3616 1106 3855 1160 διάνοιαν
3886 1112 3997 1162 ἀπ-

2423 1182 2709 1251 ησχόλητο.
2735 1185 2823 1237 Διδ
2849 1186 2943 1238 καὶ
2967 1188 3159 1257 κλέψαι
3176 1193 3549 1262 ἑαυτὴνὲγνω.
3576 1199 3670 1250 καὶ
3687 1203 3868 1266 γονεῖς
3897 1205 3998 1253 καὶ

2424 1265 2571 1323 οἷκον
2594 1274 2964 1330 ἀπολιποῦσαν
2994 1284 3139 1349 φυγῇ
3170 1285 3496 1351 χρήσασθαι.
3531 1265 3706 1340 Τοῦτο
3740 1291 3797 1342 δὲ
3836 1294 3999 1361 στρέ-

2426 1377 2598 1427 φουσα
2629 1365 2772 1417 κατὰ
2803 1366 2947 1431 νοῦν,
2986 1368 3122 1437 πρὸς
3156 1370 3256 1438 μὲν
3285 1374 3411 1435 τοὺς
3433 1374 3627 1438 ἄλλους
3677 1377 3996 1448 ἀπόρρητον

2427 1451 2677 1503 ἐποιεῖτο·
2717 1453 2783 1517 ἃς
2811 1454 2865 1506 δὲ
2900 1456 3006 1509 τῶν
3040 1459 3434 1529 θεραπαινίδων
3461 1464 3576 1533 ᾔδει
3621 1466 3821 1538 πολλὴν
3860 1470 3997 1538 πρὸς

2425 1544 2592 1613 αὐτὴν
2632 1545 2862 1614 ἐχούσας
2909 1550 3008 1617 τὴν
3063 1549 3302 1617 εὔνοιαν,
3338 1555 3434 1606 καὶ
3486 1555 3661 1619 ἄλλως
3706 1563 3908 1629 πεῖραν
3938 1564 3995 1613 ἐν

2427 1636 2642 1699 πολλοῖς
2675 1636 2996 1706 δεδωκυίας,
3020 1642 3095 1704 ὡς
3119 1643 3178 1694 οὐ
3207 1644 3346 1697 κατὰ
3375 1646 3734 1716 θεραπαίνας,
3760 1652 3821 1703 οὐ
3854 1655 3995 1704 κατά

2430 1729 2694 1793 γυναῖκας
2745 1729 2931 1791 ἁπλῶς
2980 1732 3250 1786 εὐάλωτον
3298 1735 3486 1798 αὑταῖς
3514 1739 3596 1807 εἴη
3620 1738 3679 1790 τὸ
3712 1740 3994 1808 φρόνημα,

2426 1813 2631 1876 ταύτας
2657 1815 2720 1885 δὴ
2764 1818 3272 1892 προσκαλεσαμένη,
3308 1823 3491 1893 ὅρκοις
3524 1843 3583 1878 τε
3626 1830 3992 1900 προκατειλη-

759 1895 909 1939 retur
929 1896 986 1940 et
1007 1901 1407 1959 expugnaretnr
1425 1895 1638 1951 animus
1665 1912 1678 1949 :
1703 1913 1796 1954 eas
1817 1913 1939 1952 cum
1965 1901 2321 1966 accersiisset,

2429 1906 2577 1969 φυῖα,
2604 1905 2778 1960 πάντα
2808 1908 3046 1978 γνησίως
3072 1913 3141 1965 τὰ
3165 1913 3260 1965 τοῦ
3293 1908 3621 1985 πράγματος
3650 1919 3993 1987 ἐξαγγέλλει,

758 1985 812 2030 et
862 1977 1213 2047 jurejurando
1272 1983 1562 2052 adegisset,
1613 1989 1692 2043 eis
1754 1999 1939 2057 aperte
1989 1998 2155 2044 totam
2211 2007 2320 2046 rem

758 2072 1025 2137 enuntiat,
1067 2076 1322 2144 quidnam
1356 2081 1570 2135 consilii
1606 2085 1856 2152 cepisset,
1897 2095 1952 2140 et
1977 2088 2324 2155 quemadmo-

758 2159 887 2215 dum
935 2165 1156 2220 omnino
1197 2171 1564 2227 constituisset
1613 2174 1848 2245 effng'erc
1896 2180 2321 2235 matrimonium.

761 2251 962 2309 Deinde
1001 2256 1205 2325 adjicit,
1252 2260 1391 2329 quod
1423 2263 1467 2315 si
1511 2265 1727 2329 vellent,
1760 2283 1854 2322 eas
1881 2269 2039 2338 hujus
2074 2272 2193 2324 boni
2244 2272 2324 2324 in-

760 2344 934 2398 stituti
984 2361 1280 2404 assumeret
1326 2354 1523 2408 socias.
1570 2353 1692 2410 llzrc
1740 2373 1869 2427 ergo
1894 2360 2053 2423 dixit,
2085 2372 2136 2415 et
2166 2362 2324 2415 simul

763 2450 848 2499 ea,
879 2450 1000 2505 qua!
1033 2439 1252 2495 obstare
1301 2444 1638 2513 videbantur,
1685 2450 1955 2518 sapienter
1986 2454 2324 2521 expurgavit,

762 2525 966 2591 dicens,
1027 2541 1096 2582 ne
1141 2530 1208 2586 de
1263 2548 1325 2586 ca
1370 2538 1669 2604 cogitarent
1703 2541 1924 2608 aliquid,
1971 2553 2223 2612 tanquam
2258 2544 2327 2598 de

755 2614 1045 2682 juvencula
1079 2629 1132 2675 et
1154 2624 1388 2679 thalamo
1410 2629 1655 2695 educata,
1688 2646 1860 2699 neque
1890 2642 2221 2700 vererentur,
2257 2650 2327 2690 nc

763 2722 881 2760 eam
912 2712 992 2764 sui
1023 2714 1307 2780 pmnitcret
1348 2717 1599 2786 instituti,
1633 2732 1684 2776 et
1714 2738 1782 2777 ne
1823 2739 1886 2777 cx
1924 2739 1987 2779 eo
2020 2741 2124 2778 non
2151 2728 2324 2779 Solum

764 2800 886 2866 sibi,
916 2802 1009 2857 sed
1055 2806 1134 2860 eis
1162 2821 1374 2877 quoque
1418 2810 1639 2867 afferret
1695 2817 1986 2884 periculum
2015 2835 2029 2871 :
2059 2821 2151 2874 sed
2188 2820 2327 2873 bono

764 2892 944 2948 animo
990 2905 1044 2949 et
1085 2908 1232 2953 certo
1270 2902 1511 2967 credant,
1548 2908 1688 2973 quod
1721 2918 1774 2961 et
1830 2909 1874 2963 si
1909 2911 1987 2964 vis
2018 2912 2195 2966 omnis
2246 2912 2329 2965 in-

764 2984 987 3050 gruerit,
1016 2987 1061 3040 si
1088 2990 1255 3055 ensis,
1303 2993 1440 3060 ignis
1470 3005 1524 3049 et
1556 2997 1762 3060 bestia),
1792 3010 1847 3053 et
1880 3003 1922 3055 si
1950 3002 2151 3072 aliquid
2183 3004 2325 3060 aliud

762 3089 827 3126 es
862 3075 947 3138 iis,
991 3091 1109 3146 qua:
1139 3091 1264 3136 sunt
1312 3099 1500 3152 aspera
1524 3098 1580 3141 et
1626 3090 1871 3160 molesta,
1912 3094 2188 3158 invaserit,
2222 3111 2325 3150 non

764 3180 889 3222 ram
919 3168 987 3224 ab
1018 3171 1119 3227 hoc
1143 3172 1437 3230 dimovebit
1478 3183 1772 3248 proposito.
1804 3184 1933 3237 Cum
1968 3186 2046 3239 sic
2078 3187 2322 3252 dixisset,

766 3275 842 3314 ea:
876 3277 1086 3333 quoque
1113 3277 1301 3336 parent
1340 3281 1588 3338 prompto
1617 3282 1670 3327 et
1698 3274 1861 3328 alacri
1911 3277 2112 3343 animo,
2146 3287 2199 3333 et
2234 3292 2324 3332 as-

765 3354 1072 3410 sentiuntur
1111 3358 1287 3412 eidem
1333 3360 1622 3416 instituto:
1676 3372 1730 3418 et
1760 3367 1873 3419 tunc
1923 3382 2135 3434 quoque
2183 3385 2326 3423 ausm

764 3452 885 3497 sunt
917 3445 1150 3512 adjicere
1176 3463 1371 3518 magno
1402 3460 1455 3504 et
1494 3452 1705 3506 excelso
1732 3455 1933 3518 animo,
1968 3458 2108 3523 quod
2141 3458 2186 3512 si
2222 3460 2326 3514 tale

763 3533 890 3599 quid
930 3549 992 3589 ex
1026 3536 1111 3601 iis,
1144 3554 1262 3607 qua:
1295 3540 1514 3608 nollent,
1561 3544 1879 3613 contigerit,
1915 3560 1975 3601 se
2014 3547 2171 3603 malle
2202 3564 2323 3604 cum

763 3638 825 3676 ea
871 3627 1030 3692 mori,
1065 3643 1246 3698 quam,
1274 3631 1319 3686 si
1360 3632 1426 3687 ab
1462 3649 1522 3687 ea
1568 3644 1910 3703 separentur,
1943 3638 2018 3691 uti
2053 3640 2210 3696 rebus
2242 3656 2324 3697 se-

765 3716 978 3772 cundis.

836 3805 923 3867 Ill.
964 3809 1099 3864 Cum
1125 3813 1202 3867 sic
1226 3813 1365 3870 inter
1384 3831 1442 3871 se
1463 3828 1643 3873 essent
1668 3828 1720 3873 et
1753 3836 1987 3876 ascensa:
2034 3832 2086 3877 et
2106 3823 2329 3893 pulchre

766 3899 1063 3967 conjuncta:
1086 3903 1278 3959 animis
1318 3906 1450 3976 (tres
1479 3919 1657 3963 autem
1688 3925 1764 3966 eae
1791 3922 1946 3967 erant
1984 3916 2122 3982 apud
2154 3915 2329 3971 domi-

766 3993 914 4061 nam)
946 3991 1056 4060 jam
1086 4005 1240 4051 erant
1275 3996 1413 4052 inter
1440 4016 1498 4054 se
1526 4011 1578 4053 et
1611 4002 1817 4058 honore
1845 4008 2094 4072 aequales,
2119 4016 2173 4059 et
2200 4022 2328 4061 con-

766 4096 954 4145 servae,
989 4093 1043 4136 et
1081 4086 1322 4141 moribus
1354 4088 1591 4156 similes,
1642 4092 1758 4158 pari
1800 4105 1977 4148 mente
2017 4105 2228 4150 utentes
2273 4104 2330 4151 et

769 4171 879 4237 pari
915 4173 1112 4238 studio,
1163 4177 1522 4231 communiter
1575 4180 1828 4246 subjecta":
1857 4184 1949 4235 uni
2000 4182 2246 4249 Domino,
2275 4195 2328 4238 et

766 4261 815 4312 oi
853 4262 1057 4315 unitze:
1096 4273 1147 4317 et
1180 4261 1393 4335 tempus'
1441 4282 1744 4335 quaerentes
1794 4285 2175 4342 opportunum,
2222 4294 2329 4347 quo

767 4366 825 4405 se
869 4354 1131 4421 expeditae
1166 4368 1383 4425 possent
1416 4358 1554 4430 fugae
1586 4366 1945 4428 committere,
1979 4376 2034 4422 et
2069 4383 2187 4438 qua:
2222 4386 2326 4424 non

766 4445 1160 4502 observaretur.
1204 4448 1309 4503 Sed
1354 4465 1530 4521 neque
1572 4454 1690 4508 illos
1741 4456 1855 4510 dies
1885 4457 2193 4527 interjectos
2219 4470 2329 4515 sta-

2423 1990 2511 2048 οἷέι
2543 2013 2599 2048 τε
2643 1996 2986 2066 βεϐούλευται
3014 2004 3156 2056 κατὰ
3207 2004 3351 2070 νοῦν,
3398 2009 3489 2059 καὶ
3533 2011 3679 2072 ὅπως
3712 2011 3996 2081 διαδρᾶναι

2423 2088 2516 2141 τὸν
2540 2090 2717 2159 γάμον
2738 2092 3019 2155 ἐκπαντὸς
3052 2095 3460 2167 προτεθύμηται
3481 2115 3494 2129 ⁶
3529 2096 3648 2152 εἶτα
3693 2105 3997 2173 προστίθη-

2425 2198 2530 2242 σιν,
2560 2182 2664 2247 ὅτι,
2704 2186 2804 2237 xiv
2834 2188 3025 2250 αὐταῖς
3068 2188 3420 2259 βουλομέναις
3567 2196 3866 2256 κοινωνοὺς
3904 2196 3997 2247 αὖα

2426 2273 2522 2335 τὰς
2550 2274 2644 2327 τοῦ
2684 2277 2894 2343 ἀγαθοῦ
2927 2280 3077 2332 τοῦδε
3119 2283 3323 2334 σκοποῦ
3360 2286 3762 2354 παραλήψεται.
3797 2287 3989 2341 Ταῦτα

2425 2360 2516 2417 οὖν
2545 2365 2720 2433 ἔλεγε,
2778 2369 2873 2420 καὶ
2915 2370 3032 2437 ἅμα
3081 2371 3149 2423 τὰ
3209 2376 3622 2443 προσιστάμενα
3674 2375 3995 2444 διεκάθαιρε

2426 2456 2711 2523 νουνεχῶςν
2753 2458 2915 2526 μηδὲν
2941 2461 3068 2527 περὶ
3107 2461 3279 2527 αὐτῆς
3306 2461 3561 2528 λέγουσα,
3592 2463 3667 2525 ὡς
3694 2465 3824 2533 περὶ
3872 2466 4001 2527 νέας

2427 2548 2519 2598 καὶ
2564 2547 2792 2617 θαλάμῳ
2821 2549 3205 2621 τεθραμμένης
3237 2553 3563 2606 διανοεῖσθαι
3593 2570 3606 2583 ⁸
3648 2556 3783 2623 μηδὲ
3828 2557 4000 2608 δεδοι-

2429 2638 2605 2701 κέναι,
2637 2639 2792 2705 φησι,
2841 2640 3052 2709 μήποτε
3091 2642 3184 2693 καὶ
3212 2643 3562 2714 μεταμελήσῃ
3609 2659 3699 2713 μοι
3738 2643 3832 2696 τοῦ
3872 2662 4002 2696 σκο-

2428 2727 2553 2791 ποῦ,
2586 2730 2680 2781 καὶ
2709 2731 2880 2782 δεινὸν
2911 2731 3161 2784 ἐντεῦθεν
3203 2735 3301 2785 οὐκ
3330 2735 3453 2800 ἐμοὶ
3502 2736 3681 2803 μόνον,
3725 2736 3866 2788 ἀλλᾶ
3902 2740 3997 2789 καὶ

2428 2820 2557 2887 ὑμῖν
2588 2821 2785 2891 ὲγείρω
2818 2823 2908 2874 τὸν
2935 2824 3199 2877 κίνδυνονο
3229 2826 3452 2896 θαρρεῖν
3495 2827 3552 2880 δὲ
3597 2827 3858 2895 ἀσφαλῶς
3907 2833 4003 2884 καὶ

2429 2912 2768 2975 πεποιθέναι,
2815 2914 2894 2966 ὅτι
2924 2916 3027 2968 xiv
3059 2915 3150 2985 βία
3183 2918 3333 2969 πᾶσα
3384 2917 3619 2984 ἐπέλθοι,
3668 2920 3772 2972 xiv
3825 2920 4001 2988 ξίφος,

2428 3000 2529 3053 xiv
2560 3002 2690 3071 πῦρ,
2734 3002 2837 3054 xiv
2873 3004 3060 3072 θηρία,
3093 3006 3196 3058 xiv
3236 3006 3289 3056 εἷ
3320 3023 3373 3058 τι
3410 3007 3538 3059 ἄλλο
3562 3009 3670 3062 τῶν
3718 3011 4001 3078 χαλεπῶν,

2426 3093 2526 3144 οὐκ
2562 3093 2626 3144 iv
2683 3094 2832 3160 ἡμᾶς
2883 3094 2982 3163 τῆς
3032 3095 3345 3164 προθέσεως
3393 3098 3700 3166 ἐκστήσωσι
3764 3100 3998 3168 ταύτης.

2431 3182 2618 3245 Οὕτως
2655 3183 2937 3253 εἰπούσης,
2972 3184 3250 3236 πείθονται
3295 3185 3386 3236 καὶ
3411 3187 3573 3238 αὑταὶ
3606 3188 3751 3255 μάλα
3788 3189 4001 3259 προθύ-

2432 3292 2567 3344 μως,
2610 3276 2702 3328 καὶ
2730 3274 2805 3344 τῷ
2840 3275 2937 3344 ἴσῳ
2968 3277 3157 3345 σκοπῷ
3190 3277 3557 3330 συντίθενται·
3582 3280 3811 3347 καὶγὰρ
3842 3282 4006 3349 ἐθάρ-

2430 3384 2601 3435 σησαν
2635 3368 2726 3419 καὶ
2760 3365 2915 3418 τοῦτο
2937 3366 3254 3437 προσθεῖναι
3275 3367 3397 3420 λίαν
3427 3369 3665 3434 εὐγενῶς
3696 3372 3797 3424 καὶ
3832 3388 4007 3439 μεγα-

2429 3458 2697 3528 λοψύχως,
2729 3460 2809 3511 ὅτι
2840 3459 2941 3511 κᾶν
2966 3477 3019 3511 τι
3042 3460 3285 3512 τοιοῦτον
3323 3461 3563 3531 συμϐαίη
3601 3462 3711 3515 τῶν
3758 3463 4000 3532 ἀϐουλή-

2426 3567 2558 3613 των,
2596 3553 2884 3619 προκρῖναι
2917 3550 3114 3619 μᾶλλον
3136 3550 3425 3604 ἀποθανεῖν
3450 3554 3546 3603 σὺν
3581 3553 3743 3623 αὐτῇ,
3771 3556 3805 3623 ἦ
3833 3559 4002 3625 χωρὶς

2427 3639 2593 3704 οὔσας
2623 3640 2914 3695 ἀπολαύειν
2948 3643 3267 3712 εὐημερίας.

2500 3819 2574 3874 Γ’.
2616 3819 2801 3883 Οὕτως
2835 3820 3089 3889 ἀλλήλαις
3137 3820 3482 3889 συνθέμεναι,
3529 3821 3625 3872 καὶ
3678 3822 3783 3882 τὰς
3830 3822 4010 3891 ψυχας

2436 3910 2619 3974 καλῶς
2647 3910 3006 3978 συναφθείσαι
3032 3912 3198 3981 (τρεῖς
3232 3912 3286 3964 δὲ
3308 3906 3467 3965 αὗται
3488 3912 3622 3980 πρὸς
3651 3915 3718 3980 τῇ
3746 3913 4008 3984 δεσποίνῃ

2432 4002 2770 4071 ἐτύγχανον),
2802 4002 2862 4055 τὸ
2895 4002 3077 4054 λοιπὸν
3104 4001 3178 4063 ὡς
3211 4002 3275 4054 ἂν
3306 4003 3557 4072 ὁμότιμοι
3579 4003 3673 4055 καὶ
3692 4006 4004 4072 ὁμάδουλει,

2432 4090 2535 4159 ἥδη
2567 4090 2625 4142 δὲ
2654 4091 2747 4142 καὶ
2776 4090 3070 4158 ὁμότροποι
3092 4085 3251 4158 ἦσαν,
3280 4090 3371 4161 ἴσῃ
3391 4094 3454 4159 τῇ
3482 4091 3672 4162 γνώμῃ
3694 4096 4005 4162 χρώμεναι,

2434 4183 2521 4250 ἴσῃ
2555 4181 2651 4233 καὶ
2677 4183 2743 4249 τῇ
2775 4180 2998 4249 σπουδῇ,
3043 4181 3133 4250 ὑφ’
3173 4181 3253 4233 ἐνί
3283 4182 3517 4252 δεσπότῃ
3542 4187 3694 4251 κοινῇ
3729 4188 4009 4255 ταττόμε-

2433 4289 2541 4336 ναι,
2581 4271 2675 4324 καὶ
2700 4272 2893 4323 τούτου
2927 4271 3119 4334 κοινῶς
3151 4271 3376 4341 ὲρῶσαι.
3399 4275 3491 4325 καὶ
3519 4275 3708 4343 καιρόν
3740 4275 4009 4341 ξητοῦσαι

2437 4364 2528 4416 τὸν
2562 4364 2892 4432 ἐπιτήδειον,
2926 4363 2983 4425 ὃς
3031 4363 3098 4415 ἀν
3135 4364 3327 4425 αὐταῖς
3389 4364 3678 4433 ἀφώρατον
3734 4366 3859 4436 θείη
3914 4372 4010 4420 καὶ

2432 4454 2640 4524 ὁμαλὴν
2664 4456 2761 4523 τὴν
2790 4454 2986 4522 φυγήν.
3016 4453 3162 4523 Πλὴν
3188 4454 3432 4507 ἀλλὰκαὶ
3453 4456 3546 4516 τας
3573 4456 3775 4522 μεταξὺ
3800 4459 4011 4520 ταύτας

769 4544 983 4587 luerunt
1032 4548 1282 4605 Oportere
1330 4540 1380 4593 in
1433 4544 1676 4596 socordia
1710 4552 1766 4598 ct
1818 4548 1927 4599 otio
1981 4550 2323 4619 transigere:

2431 4546 2645 4615 ἡμέρας
2674 4545 2774 4596 οὐκ
2806 4545 3048 4611 ἔγνωσαν
3067 4544 3177 4595 δεῖν
3202 4544 3384 4595 ἀνέσει
3411 4543 3505 4595 καῖ.
3524 4544 3769 4613 ῥᾳθυμία
3797 4544 4010 4609 διενεγ-

766 4626 943 4680 sedse
974 4628 1151 4695 potius
1186 4629 1459 4685 alllictioni
1507 4635 1702 4690 dedere
1735 4646 1789 4689 et
1820 4637 2207 4702 laboribus,se
2234 4654 2325 4694 ve-

767 4715 862 4767 luti
891 4717 1038 4784 prius
1060 4730 1373 4777 exercentes
1397 4732 1449 4776 et
1479 4725 1900 4782 assuefacientes
1928 4730 2143 4784 virtutis
2171 4735 2328 4787 sudo—

768 4809 935 4861 ribus.
992 4809 1190 4863 Earum
1224 4827 1352 4866 vero
1378 4815 1593 4868 domina
1620 4827 1677 4870 et
1723 4818 1973 4887 princeps
2013 4807 2169 4890 hujus
2198 4824 2327 4890 pul-

765 4898 1020 4953 cherrimi
1060 4901 1292 4967 consilii,
1343 4903 1497 4958 beata
1545 4906 1666 4971 illa,
1715 4909 1955 4977 inquam,
1995 4910 2237 4982 Hospita,
2272 4923 2329 4968 ut

764 5006 884 5058 qua:
909 4992 1058 5059 prius
1087 4993 1222 5063 fuga:
1245 4996 1607 5064 complanaret
1631 5001 1900 5065 semitam,
1924 5012 1977 5057 et
2000 5003 2099 5059 hoc
2125 5015 2324 5074 ageret,

765 5093 823 5135 nt
848 5093 992 5138 esset
1018 5084 1221 5154 absque
1249 5085 1353 5140 ulla
1379 5086 1694 5153 olfensione,
1730 5092 2036 5148 universum
2072 5099 2325 5151 mundum

764 5173 1104 5237 muliebrem,
1140 5176 1229 5243 qui
1278 5187 1397 5230 erat
1429 5187 1532 5231 tam
1569 5180 1618 5232 in
1652 5191 1797 5236 veste
1827 5199 1988 5253 quam
2020 5186 2071 5239 in
2107 5201 2239 5240 auro
2274 5198 2328 5242 et

765 5273 1011 5333 argento,
1048 5266 1397 5323 inscientibus
1430 5272 1761 5337 parentibus,
1817 5291 1909 5343 per
1941 5275 2058 5329 illas
2106 5277 2328 5332 ancillas

764 5357 970 5410 ferebat
1003 5359 1068 5412 ad
1100 5375 1377 5427 patiperes.
1415 5361 1548 5416 Cum
1600 5375 1869 5420 autem-et
1913 5368 2025 5421 haec
2068 5369 2142 5420 illi
2180 5381 2327 5423 recte

766 5447 1043 5515 baberent,
1093 5458 1147 5503 et
1183 5449 1290 5519 jam
1340 5462 1546 5522 tempus
1598 5456 1811 5509 adesset
1838 5459 2170 5526 nuptiarum,
2198 5470 2325 5514 tunc

766 5538 980 5592 nodum
1015 5539 1151 5607 fugin
1182 5543 1261 5597 eis
1292 5558 1505 5613 quoque
1538 5547 1804 5615 suggessit
1835 5546 2075 5617 llospita.
2112 5549 2325 5607 Mntatis

767 5639 912 5681 certe
947 5630 1201 5693 vestibus,
1244 5643 1299 5687 et
1348 5643 1406 5687 ut
1434 5636 1715 5703 oportebat
1748 5652 1861 5701 eas,
1899 5653 2018 5707 qua:
2052 5648 2207 5693 erant
2245 5641 2326 5695 vi-

767 5719 847 5771 rili
879 5721 1079 5786 animo,
1113 5724 1351 5777 vestibus
1381 5726 1581 5781 indutre
1616 5728 1883 5794 virilibus,
1921 5733 1990 5783 ita
2024 5733 2324 5787 clanculum

767 5827 988 5881 rpresm
1018 5825 1138 5869 sunt
1160 5826 1308 5872 extra
1333 5815 1471 5875 ioi'as
1506 5862 1513 5874 .
1546 5820 1701 5876 simul
1727 5824 1913 5879 “L‘lllti-
1940 5837 1989 5878 t‘t
2013 5827 2320 5892 pandantes,

2432 4639 2570 4700 κεῖν,
2604 4634 2739 4687 ἀλλὰ
2770 4634 3111 4703 κακοπαθείᾳ
3161 4634 3360 4702 μᾶλλον
3417 4633 3507 4684 καὶ
3565 4635 3747 4693 πόνοις
3799 4636 4009 4694 ἑαυτὰς

2431 4727 2638 4789 ἔδοσαν.
2669 4725 2831 4779 οἱονεὶ
2861 4724 3345 4794 προγυμνάζουσαι
3376 4726 3468 4775 καὶ
3500 4723 3749 4790 συνήθεις
3783 4726 3883 4773 καὶ
3919 4726 4009 4774 ὲν-

2427 4816 2635 4884 τριὸεἶς
2670 4816 2864 4878 ἑαυτὰς
2898 4815 3033 4882 πρὸς
3062 4816 3188 4875 τοὺς
3209 4816 3306 4881 τῆς
3331 4813 3530 4882 ἀρετῆς
3551 4814 3784 4879 ἱδρῶτας
3815 4814 4008 4865 ποιεῖν·

2431 4924 2543 4959 σαι.
2584 4908 2644 4959 Ἠ
2687 4907 2869 4975 μέντοι
2908 4906 3159 4966 δεσπότις
3212 4904 3391 4957 αὐτῶν
3428 4905 3523 4957 καὶ
3562 4904 3658 4971 τῆς
3705 4905 4009 4971 καλλίστης

2427 4997 2628 5067 ταύτης
2661 4996 2851 5066 βουλῆς
2884 4997 3143 5065 ἀρχηγὸς,
3171 4998 3203 5064 ἠ
3233 4995 3496 5064 μακαρία,
3530 4996 3692 5063 φημὶ,
3717 4996 3885 5064 Ξένη,
3917 4992 4009 5048 οἷα

2428 5091 2492 5160 δὴ
2525 5090 2963 5159 προομαλίζουσα
3006 5091 3062 5140 ὲν
3101 5090 3239 5157 αὐτῇ
3264 5088 3359 5155 τὴν
3405 5087 3503 5156 τῆς
3556 5087 3735 5154 φυγῆς
3787 5088 4005 5156 τρίϐον,

2429 5182 2523 5234 καὶ
2583 5181 2931 5250 ἀπρόσκοπον
2985 5180 3116 5240 ὅλως
3154 5178 3407 5245 γενέςθαι
3474 5179 4005 5245 παρασκευαζιυτα,

2427 5274 2517 5325 τὸν
2543 5275 2850 5340 γυναικεῖον
2879 5272 3093 5324 ᾶπαντα
3140 5269 3364 5338 κόσμον,
3413 5269 3535 5330 ὅσος
3586 5283 3644 5319 τε
3701 5270 3759 5319 ἐν
3812 5270 4007 5335 ἐσθῆτι

2428 5366 2520 5416 καὶ
2551 5365 2672 5426 ὅσος
2710 5366 2767 5416 ὲν
2807 5362 3028 5431 ἀργύρῳ
3048 5377 3105 5412 τε
3130 5362 3224 5412 καὶ
3265 5359 3471 5429 χρυσῷ,
3507 5359 3849 5411 λανθάνουσα
3878 5366 4008 5422 το’.ς

2428 5455 2689 5526 πατέρας.
2713 5453 2777 5505 δι’
2802 5454 3024 5505 ἐκείνων
3048 5452 3110 5520 δὴ
3142 5451 3249 5503 τῶν
3277 5449 3678 5520 θεραπαινίδων
3707 5451 3845 5518 πρὶς
3872 5452 4001 5511 τοὺς

2430 5550 2665 5617 πένητας
2691 5547 2957 5618 ἐξεφόρει.
3001 5547 3152 5599 Ἐπεὶ
3178 5546 3233 5599 δὲ
3284 5551 3376 5600 καὶ
3429 5550 3600 5599 ταῦτα
3641 5542 3785 5614 εἶχεν
3818 5547 4007 5615 ἐκείνῃ

2431 5642 2633 5705 καλῶς,
2663 5640 2759 5693 καὶ
2790 5643 2817 5693 ό
2839 5641 3025 5708 καιρὸς
3048 5640 3146 5709 ἤδη
3182 5639 3272 5691 τοῦ
3305 5640 3480 5707 γάμον
3511 5640 3715 5708 παρῆν,
3750 5640 3874 5690 τότε
3906 5643 4005 5690 καὶ

2428 5734 2519 5785 τὸν
2558 5733 2656 5802 τῆς
2688 5734 2864 5801 φυγῆς
2901 5732 3098 5799 τρόπον
3131 5734 3163 5798 ἡ
3194 5732 3332 5798 Ξίνη
3366 5733 3458 5782 καὶ
3501 5733 3693 5792 αὑταῖς
3726 5731 4003 5782 ὑπετίθει.

2431 5826 2844 5887 Μιταξαζιοῦςαι
2871 5824 2996 5893 γιιίν
3029 5823 3118 5886 τίις
3157 5822 3407 5893 ἐσθιςτας,
3453 5843 3541 5877 και
3590 5840 3736 5885 οπως
3776 5840 3875 5875 32::
3912 5840 4005 5883 τίς
