4148 6486
732 448 837 513 9&7

1998 446 2277 506 MENSIS
2305 445 2761 515 JANUARIUS.

3894 448 3996 510 988

737 582 876 632 Crat,
904 574 1234 620 servatorem
1288 563 1522 632 aliquem
1563 570 1616 617 et
1656 571 1829 616 tutum
1864 564 1962 619 vim
2009 564 2226 629 ducem,
2268 575 2322 618 et

2437 566 2483 618 τὸ
2517 563 2809 629 ξενιτεύειν
2843 562 3130 632 εἱλόμεθα·
3166 562 3302 617 ἀλλὰ
3346 564 3569 634 σιοτῆρά
3618 581 3741 617 τινα
3771 564 3870 616 καὶ
3914 564 3995 616 ὀδ-

738 674 841 711 non
892 663 1163 710 errantem
1206 655 1269 707 ad
1303 668 1399 708 nos
1435 655 1685 720 mittere,
1744 654 1884 709 sicut
1939 654 2065 708 olim
2100 652 2317 710 Thecla:

740 749 957 804 Paulum
990 763 1004 802 :
1033 760 1086 804 et
1114 748 1269 817 cujus
1322 755 1609 816 sequentes
1638 748 1889 817 vestigia,
1922 749 2190 817 pOSsitnus
2218 764 2315 802 nos

740 842 952 897 miserm
1000 849 1052 894 et
1108 842 1335 909 abiecta:
1382 849 1525 894 luam
1578 839 1720 893 viam
1782 839 2009 909 ingredi.
2068 840 2142 893 tta
2204 840 2318 894 haec.

737 946 951 999 orante,
982 934 1062 988 eis
1088 933 1364 988 invenlum
1396 942 1478 987 est
1506 933 1638 987 illud
1661 933 1833 997 Oscae,
1865 948 2057 1003 nempe
2082 933 2131 987 ίι
2167 932 2319 988 Sicut

743 1029 1062 1081 matutinum
1101 1037 1318 1096 paratus
1353 1026 1515 1092 Deus,
1555 1038 1764 1082 noctem
1797 1026 2100 1082 dissolvens
2135 1040 2315 1080 rerum

744 1120 1065 1173 diﬂicilium.
1110 1117 1362 1173 Protinus
1402 1119 1545 1173 enim
1588 1120 1732 1173 visus
1764 1129 1847 1173 est
1877 1119 1956 1174 eis
2000 1119 2159 1173 homo
2192 1119 2315 1187 qui-

737 1215 884 1277 ﬁam,
914 1210 1214 1265 ascendens
1246 1226 1275 1265 e
1299 1223 1481 1281 portu,
1513 1213 1663 1267 canis
1685 1212 1919 1281 capillis;
1954 1214 2180 1267 formam
2208 1227 2317 1282 pra:

742 1320 798 1356 se
857 1303 1037 1357 ferens
1095 1306 1490 1369 monasdcam,
1532 1316 1754 1373 aspectu
1803 1307 2098 1376 praeclaro,
2154 1314 2210 1359 et
2264 1316 2321 1359 ut

741 1398 935 1451 dixerit
979 1398 1270 1467 quispiam,
1323 1399 1469 1453 omni
1521 1414 1587 1453 ex
1632 1410 1785 1469 parte
1837 1400 2129 1469 angelicas.
2184 1399 2317 1453 Eum

740 1504 864 1542 cum
920 1490 1145 1545 vidisset
1187 1492 1334 1560 virgo
1381 1490 1605 1553 Christi,
1638 1502 1693 1546 et
1740 1492 1968 1560 Spirilali
2010 1493 2207 1562 gaudio
2237 1502 2321 1547 est

745 1586 965 1650 repleta,
1001 1593 1055 1638 et
1082 1600 1309 1640 currens
1338 1585 1615 1652 prehendit
1644 1586 1828 1654 pedes,
1869 1590 1919 1639 in
1977 1601 2069 1640 eos
2101 1587 2318 1655 quidem

746 1677 976 1730 I'undcns
1020 1678 1310 1747 lacrymas,
1359 1689 1547 1747 petens
1600 1687 1805 1741 autem,
1840 1688 1896 1730 ιιι
1945 1692 2049 1730 non
2090 1693 2186 1731 eas
2222 1679 2315 1730 de-

743 1770 1002 1839 spiceret,
1063 1770 1156 1824 Sed
1209 1770 1648 1824 desiderantibus
1702 1771 1931 1825 salutem
1992 1774 2318 1833 attenderct,

742 1871 791 1913 et
821 1876 925 1912 non
949 1860 1332 1915 intertttitteret
1360 1861 1574 1925 ducere,
1598 1861 1908 1926 adinOncrc,
1945 1864 1998 1916 in
2034 1877 2153 1914 eam
2183 1863 2318 1915 viam

2420 658 2551 728 ηγὸν
2599 660 2732 729 ἡμῖν
2783 656 3000 724 ἁπλανῆ
3053 656 3345 727 εὐδόκησον
3398 657 3755 727 ἐπιπέμψαι,
3808 656 3997 724 ὥσπερ

2422 750 2637 803 Παῦλον
2668 749 2844 820 Θέκλῃ
2876 749 2938 801 τὸ
2975 748 3261 819 πρότερον,
3295 741 3338 815 ᾧ
3363 748 3873 803 κατακολουθοῦσαι
3909 750 3996 800 καὶ

2418 832 2479 893 οὐ
2513 840 2621 894 τῶν
2660 842 2820 911 ἰχνῶν
2840 838 3127 908 ἑπόμεναι.
3167 838 3380 908 βαδίσαι
3407 840 3505 909 τὴν
3541 839 3626 891 σοὶ
3654 840 4000 908 ἀρέσκουσιν

2419 936 2783 1006 ἀπροσκόπως
2813 935 2868 986 αἱ
2899 932 3153 985 ταπειναὶ
3180 932 3568 1001 δυνηθείημεν.
3602 931 3795 984 Ταῦτα
3827 947 3998 999 προσ⁸

2420 1028 2739 1097 ευχομένης,
2775 1025 2977 1095 εὑρέθη
3016 1025 3205 1086 αὐταῖς
3229 1024 3286 1076 τὸ
3320 1023 3417 1076 τοῦ
3455 1023 3631 1094 Ὠσηὲ,
3686 1020 3773 1083 Ὦς
3804 1021 3999 1092 ὄρθρος

2420 1120 2635 1187 ἕτοιμος
2675 1122 2703 1173 ὁ
2731 1119 2882 1183 Θεὸς,
2911 1118 3010 1188 τὴν
3056 1118 3224 1170 νύκτα
3252 1115 3361 1168 τῶν
3410 1115 3689 1183 δυσχερῶν
3733 1114 3995 1168 διαλύων.

2421 1213 2596 1277 Εὐθὺς
2644 1214 2753 1284 γὰρ
2806 1211 3094 1280 ἄνθρωπός
3126 1228 3209 1273 τις
3248 1209 3458 1276 ἑωρᾶτο
3484 1206 3579 1260 τοῦ
3620 1207 3843 1276 λιμένος
3876 1206 3998 1275 ἄρτι

2423 1306 2558 1377 πρὸς
2588 1306 2758 1370 αὐτὰς
2787 1302 2974 1369 ἀνιὼν,
3005 1304 3185 1364 πολιὸς
3212 1302 3310 1372 τὴν
3342 1300 3533 1371 τρίχα,
3564 1299 3623 1351 τὸ
3650 1294 3794 1361 εἶδος
3826 1287 4000 1365 ἀσκη-

2423 1398 2592 1463 τικὸς,
2626 1399 2725 1469 τὴν
2773 1397 2895 1467 ὄψιν
2935 1395 3206 1468 λαμπρὸς,
3253 1394 3346 1446 καὶ
3388 1394 3463 1455 ὠς
3511 1392 3576 1447 ἄν
3605 1408 3687 1453 τις
3717 1392 3888 1453 εἴποι,
3942 1393 4002 1442 τὸ

2424 1490 2643 1558 σύμπαν
2677 1490 2989 1558 ἀγγελικός.
3023 1488 3223 1541 Τοῦτον
3258 1488 3287 1557 η
3318 1484 3411 1538 τοῦ
3444 1483 3682 1551 Χριστοῦ
3723 1484 4001 1552 παρθένος

2424 1581 2626 1646 ἰδοῦσα,
2660 1583 2834 1652 χαρᾶς
2864 1597 2923 1633 τε
2962 1576 3335 1648 πνευματικῆς
3369 1573 3696 1644 ἐπληροῦτο,
3744 1576 3841 1627 καὶ
3873 1575 4000 1645 δρα-

2425 1675 2599 1746 μοῦσα
2620 1675 2728 1728 τῶν
2760 1673 2935 1727 ποδῶν
2982 1673 3179 1741 εἴχετο,
3210 1671 3423 1740 δάκρυα
3469 1668 3567 1735 μὲν
3605 1667 3786 1721 αὐτῶν
3839 1683 4003 1717 κατα-

2422 1769 2640 1838 χέουσα,
2672 1768 2971 1836 αἰτουμένη
2997 1766 3051 1819 δὲ
3085 1765 3161 1835 μὴ
3193 1760 3438 1832 παριδεῖν
3465 1761 3618 1823 ὅλως,
3652 1759 3789 1811 ἀλλὰ
3828 1775 4002 1828 προσ-

2426 1864 2577 1931 σχεῖν
2662 1859 2939 1928 σωτηρίας
3012 1856 3349 1926 ἑφιεμέναις,
3414 1852 3507 1904 καὶ
3567 1852 3643 1919 μὴ
3728 1850 4002 1903 διαλιπεῖν

744 1967 863 2018 quze
894 1952 1043 2004 ducit
1099 1953 1163 2004 ad
1215 1952 1492 2004 Christum
1544 1952 1833 2014 deducere,
1867 1962 1918 2006 et
1952 1962 2008 2007 ιιι
2038 1953 2202 2007 semel
2238 1954 2321 2007 di-

2437 1955 2762 2018 Βιδὰσκοντα,
2801 1950 3193 2022 παραινοῦντα,
3226 1947 3361 2015 πρὸς
3391 1944 3489 2014 τὴν
3516 1943 3596 2004 είς
3634 1941 3767 1994 Θεὸν
3800 1943 3999 2012 φέρου-

744 2057 888 2103 cam,
921 2041 1163 2096 externis
1194 2043 1374 2095 omnia
1412 2040 1570 2095 Cilici.

819 2220 905 2275 Vl.
946 2220 1081 2276 Cum
1118 2234 1297 2277 autem
1332 2224 1554 2277 vidisset
1603 2225 1901 2277 monachus
1953 2225 2030 2278 sie
2068 2223 2321 2277 aﬂ‘ectam

748 2313 1033 2383 virginem,
1070 2331 1123 2369 et
1154 2331 1399 2383 quamam
1431 2326 1615 2369 essent
1663 2317 2013 2384 interrogavit
2048 2317 2322 2385 protinus.

748 2415 800 2457 et
824 2407 1276 2473 quemadmodum
1327 2408 1405 2460 sic
1434 2418 1684 2459 errarent
1719 2410 1769 2459 in
1802 2408 1994 2461 insula.
2034 2408 2322 2473 Postquam

751 2509 927 2549 autem
965 2497 1224 2552 intellexit
1266 2514 1386 2551 esse
1418 2499 1635 2565 quidem
1672 2514 1763 2552 cas
1792 2514 1985 2567 genere
2024 2498 2322 2565 Romanas,

749 2600 1001 2643 externas
1049 2605 1174 2643 vero
1228 2601 1282 2644 et
1335 2600 1581 2644 errantes
1636 2601 1853 2660 pr0pter
1911 2592 2213 2659 Christum,
2273 2603 2327 2647 et

749 2685 891 2751 quod
938 2684 1224 2750 procedere
1260 2692 1314 2736 et
1362 2683 1531 2737 videri
1567 2685 1635 2737 ab
1693 2684 1962 2752 aliquibus
2003 2699 2069 2739 ex
2112 2685 2199 2747 iis,
2236 2685 2326 2754 qui

755 2776 841 2827 hic.
875 2784 1018 2837 sunt,
1044 2783 1098 2828 et
1130 2784 1281 2842 turpe
1306 2783 1409 2835 est,
1442 2784 1495 2827 ct
1524 2789 1629 2853 non
1657 2783 1740 2829 est
1765 2775 1989 2828 omnino
2020 2776 2326 2839 ferendum,

756 2869 941 2935 Atqui,
974 2868 1168 2937 inquit,
1211 2883 1302 2922 vos
1348 2882 1563 2937 quoque
1595 2870 1717 2921 volo
1756 2870 1942 2922 eadem
1975 2870 2039 2922 de
2068 2882 2154 2923 me
2186 2869 2330 2923 exsi-

752 2958 993 3011 stimare.
1049 2956 1181 3010 Nam
1234 2959 1347 3025 ipse
1398 2972 1610 3026 quoque
1660 2972 1778 3012 sum
1827 2959 2044 3026 hospes,
2083 2966 2139 3012 et
2170 2958 2329 3023 huius

755 3051 856 3103 loci
902 3050 1121 3101 omnino
1180 3048 1419 3117 ignarus,
1469 3058 1526 3100 ut
1574 3047 1664 3116 qui
1714 3062 1743 3102 e
1776 3048 1945 3102 sacris
1992 3047 2126 3103 Ιοι·ἰε
2173 3052 2331 3104 modo

756 3140 1176 3208 cnavigaverim.
1221 3140 1512 3208 Postquam
1560 3139 1705 3193 enim
1751 3139 1860 3193 illic
1892 3139 1965 3192 fui
2008 3141 2180 3209 gratia
2211 3155 2333 3194 ora-

2426 2063 2523 2098 σαν
2558 2045 2877 2115 ὁδηγοῦντα,
2910 2045 3004 2096 καὶ
3054 2039 3384 2094 συνελοῦσαν
3429 2035 3620 2104 φάναι,
3660 2034 3841 2089 πάντα
3890 2038 4005 2096 ταῖς

2428 2137 2604 2199 ξέναις
2634 2137 2764 2203 ἡμῖν
2803 2135 3107 2204 γινόμενον.

2498 2229 2587 2295 (τ.
2626 2229 2736 2279 Καὶ
2763 2229 2790 2279 ὁ
2814 2229 3044 2296 μοναχὸς
3091 2225 3265 2289 οὕτως
3306 2225 3428 2279 ἰδὼν
3453 2226 3683 2297 ἔχουσαν
3725 2225 3827 2293 τὴν
3864 2237 4003 2289 παρ-

2428 2321 2599 2385 θένον,
2628 2320 2772 2382 τίνες
2794 2336 2852 2370 τε
2882 2314 2991 2372 εἶεν
3031 2317 3191 2379 εὐθὺς
3221 2319 3502 2388 ἐπηρώτα,
3546 2319 3640 2371 καὶ
3679 2318 3831 2376 ὅπως
3865 2314 4007 2366 οὕτω

2431 2414 2589 2482 μόναι
2627 2411 2758 2480 περὶ
2791 2410 2886 2479 τὴν
2906 2409 3069 2477 νῆσον
3101 2406 3357 2460 ἀλῶνται.
3405 2406 3607 2461 Μαθὼν
3640 2406 3697 2459 δὲ
3739 2406 3823 2456 ὅτι
3872 2403 4005 2454 Ῥω-

2432 2507 2587 2574 μαῖαι
2616 2502 2717 2571 μὲν
2742 2502 2798 2554 τὸ
2825 2502 2998 2568 γένος,
3043 2500 3193 2563 ξεῖναι
3229 2499 3286 2551 δὲ
3321 2499 3410 2551 διὰ
3438 2498 3570 2551 Θεὸν
3602 2498 3697 2549 καὶ
3722 2493 4002 2564 ἁλὴτιδες,

2429 2596 2522 2648 καὶ
2545 2596 2628 2647 ὃτι
2660 2594 2751 2646 καὶ
2781 2593 2843 2645 τὸ
2870 2593 3153 2662 προελθεῖν
3183 2592 3351 2654 αὐτὰς
3382 2591 3474 2644 καὶ
3500 2588 3734 2659 ὀφθῆναί
3758 2603 3873 2639 τισι
3898 2585 4009 2636 τῶν

2430 2689 2679 2752 ἐνταῦθα,
2711 2688 2785 2751 ὡς
2815 2688 3074 2758 αἰσχύνην
3117 2686 3278 2757 φέρον
3310 2686 3426 2739 ἐστὶ
3455 2689 3547 2738 καὶ
3574 2685 3711 2745 ὅλως
3763 2684 3866 2735 οὐκ
3922 2683 4012 2733 ἀν-

2430 2783 2588 2837 εκτὸν
2609 2824 2623 2848 ,
2671 2780 2809 2833 Ἀλλ’
2846 2783 2987 2849 ὑμᾶς
3014 2797 3098 2847 γε,
3136 2780 3263 2849 ἔφη,
3310 2780 3403 2831 καὶ
3430 2779 3554 2848 περὶ
3583 2775 3716 2845 ἐμοῦ
3749 2774 4014 2843 βούλομαι

2429 2871 2602 2925 ταῦτα
2647 2868 3086 2938 ὐπολαμὸανειν·
3151 2868 3298 2931 ξένος
3330 2868 3433 2938 γὰρ
3486 2866 3662 2934 κάγὼ,
3699 2866 3798 2919 καὶ
3840 2865 4010 2917 τύπου

2430 2964 2583 3017 τοῦδε
2633 2964 2977 3016 παντάπασιν
3021 2961 3261 3031 ἀμαθὴς,
3292 2959 3413 3030 ἄρτι
3453 2958 3559 3011 τῶν
3606 2957 3770 3031 ἱερῶν
3805 2960 4016 3011 ἀποπε-

2434 3058 2682 3121 πλεσκὼς
2736 3058 2936 3110 τόπων.
2990 3054 3137 3107 Ἐκεῖ
3198 3054 3306 3123 γὰρ
3364 3053 3653 3122 γενόμενος
3703 3050 4017 3120 προσευχῆς

2434 3149 2614 3220 χάριν,
2650 3147 2745 3201 νῦν
2782 3151 2919 3219 πρὸς
2950 3147 3049 3218 τὴν
3079 3148 3315 3216 πατρίδα
3346 3146 3683 3215 κατέρχομαι
3718 3143 3820 3213 τὴν
3848 3146 4014 3212 ἐμήν.

760 3233 943 3295 tionis,
968 3232 1033 3284 ad
1056 3236 1229 3283 meam
1260 3245 1403 3284 nunc
1425 3231 1693 3284 descendo
1716 3231 1969 3298 patriam.
1996 3230 2127 3284 Eum
2150 3231 2331 3300 itaque

2444 3243 2647 3311 ’Πρετο
2680 3241 2809 3309 γοῦν
2841 3242 2873 3309 ἠ
2917 3241 3187 3309 μακαρία,
3230 3238 3323 3289 καὶ
3357 3237 3517 3300 ποίας
3546 3237 3611 3289 ἂν
3645 3236 3733 3304 εἴη
3784 3236 4018 3297 πόλεως,

757 3323 1108 3392 interrogavit
1136 3324 1309 3387 beata,
1340 3322 1619 3388 cuiusnam
1648 3331 1791 3376 esset
1812 3323 2068 3387 civuatis,
2104 3331 2157 3378 et
2199 3339 2332 3393 qua-

757 3428 877 3467 nam
925 3422 1070 3468 esset
1106 3413 1369 3482 dignitate
1445 3412 1724 3481 prtedilus.
1786 3409 2146 3466 Existimabat
2188 3415 2330 3468 enim

756 3520 877 3557 cum
909 3518 1029 3559 esse
1056 3505 1395 3574 episcOpum,
1430 3512 1691 3571 quantum
1724 3503 1993 3570 conjicere
2026 3513 2239 3573 poterat
2269 3519 2335 3559 ex

760 3599 968 3650 habitu.
999 3597 1090 3650 Ille
1123 3606 1323 3659 autem,
1360 3595 1541 3650 Patria
1570 3594 1816 3662 quidem,
1848 3595 2045 3663 inquit,
2080 3597 2211 3651 mihi
2252 3607 2336 3651 est

761 3692 916 3746 Caria
957 3711 968 3745 :
1003 3694 1194 3745 civitas
1227 3706 1376 3755 vero,
1411 3691 1658 3761 Mylassa.
1702 3690 1796 3743 Est
1827 3699 2005 3743 autem
2053 3689 2179 3742 mihi
2214 3688 2338 3743 talis

765 3786 1208 3840 vestimentorum
1239 3785 1477 3848 habitus,
1502 3785 1643 3853 quod
1666 3784 1767 3839 sim
1791 3785 2073 3854 presbyter
2094 3796 2146 3837 et
2170 3796 2337 3852 parvo

762 3879 976 3931 cuidam
1024 3879 1169 3947 gregi
1214 3878 1448 3945 pra‘sim,
1492 3876 1693 3945 magni,
1746 3876 1988 3945 inquam,
2020 3890 2084 3928 ex
2132 3874 2336 3929 Christi

765 3969 1045 4037 discipulis
1092 3970 1342 4031 Andreae,
1395 3984 1588 4022 nomen
1636 3979 1814 4021 autem
1869 3966 2001 4020 mihi
2051 3978 2134 4021 est
2180 3968 2335 4036 (nam

769 4065 869 4117 hoc
893 4076 1105 4131 quoque
1141 4062 1284 4115 voles
1311 4061 1538 4115 fortasse
1563 4059 1738 4127 scire)
1772 4058 1989 4114 Paulus.
2023 4057 2155 4112 Eam
2189 4072 2336 4120 veso,

765 4170 890 4208 tum
926 4156 1026 4208 hoc
1055 4168 1268 4216 nomen,
1302 4153 1523 4215 Paulus,
1554 4153 1837 4214 auuiisset,
1871 4152 2014 4220 cepit
2045 4167 2147 4204 non
2176 4166 2339 4217 parva

770 4243 1076 4303 admiratio.
1127 4243 1269 4309 quod
1303 4257 1423 4295 cum
1464 4249 1678 4295 orasset
1723 4241 1882 4293 talem
1929 4240 2031 4293 sibi
2074 4241 2189 4293 dari
2226 4255 2339 4295 ma-

767 4336 1019 4402 gistrum,
1071 4336 1243 4401 qualis
1285 4333 1496 4387 Thecla!
1528 4333 1869 4401 apparuisset
1898 4331 2118 4396 Paulus,
2153 4347 2339 4401 preces

776 4429 912 4479 tiens
946 4425 1248 4489 celerrime,
1289 4426 1371 4477 vel
1411 4425 1587 4492 potius
1627 4432 1755 4477 ante
1806 4438 1994 4490 preces
2026 4438 2142 4477 eam
2176 4438 2341 4476 exau-

774 4516 960 4577 disset,
996 4524 1053 4568 ut
1085 4515 1210 4567 illud
1238 4514 1481 4569 dicamus
1516 4514 1847 4575 Davidieum,
1911 4515 1961 4565 in
1988 4515 2169 4566 cordis
2203 4529 2338 4580 pra:-

2438 3332 2492 3385 τί
2515 3332 2571 3385 δὲ
2598 3333 2693 3385 καὶ
2719 3334 2779 3385 τὸ
2799 3332 3017 3401 ἀξίωμα
3043 3331 3071 3383 ὃ
3098 3328 3484 3399 περιϐέϐληται
3530 3329 3646 3398 (καὶ
3688 3329 3800 3395 γαρ
3836 3325 4021 3388 ἔδοξεν

2442 3426 2739 3478 ἐπίσκοπον
2771 3425 2932 3478 αὐτὸν
2955 3419 3113 3486 εἶναι,
3145 3422 3268 3473 ὅσον
3298 3421 3405 3476 ἀπὸ
3432 3421 3521 3473 τοῦ
3552 3424 3833 3489 σχήματος
3873 3417 4025 3483 ὐπῆν

2442 3515 2685 3583 ἐννοεῖν).
2726 3516 2785 3568 '0
2818 3514 2894 3579 δὲ,
2931 3512 3133 3584 Πατρὶς
3171 3512 3270 3579 μὲν
3296 3513 3437 3580 ἐμοὶ,
3474 3510 3597 3579 ἔφη,
3628 3509 3836 3580 Καρία,
3870 3509 4025 3569 πὸλτς

2443 3606 2499 3659 δὲ
2530 3608 2822 3670 Μύλασσα,
2857 3608 3041 3676 σχῆμα
3061 3606 3116 3656 δὲ
3142 3608 3206 3675 τῇ
3240 3603 3398 3674 στολῂ
3441 3602 3641 3655 τοιόνδε
3666 3601 3743 3671 τῷ
3787 3599 4031 3671 πρεσϐύ-

2441 3716 2597 3768 τερον
2632 3696 2771 3751 εἷναί
2805 3716 2892 3767 με,
2934 3699 3028 3750 καὶ
3064 3698 3299 3764 ποίμνης
3334 3695 3584 3762 ἡγεῖσθαι
3633 3694 3697 3763 δή
3730 3710 3880 3755 “tuo;
3917 3690 4028 3741 ἐλί-

2444 3810 2567 3862 γης,
2593 3791 2685 3844 τοῦ
2717 3790 2974 3861 μεγάλου,
3014 3790 3179 3858 φημὶ,
3210 3789 3322 3840 τῶν
3342 3785 3579 3856 Χριστοῦ
3610 3785 3875 3854 μαθητῶν
3912 3785 4031 3834 Ἀν-

2443 3883 2633 3952 δρέου·
2664 3883 2834 3950 ὄνομα
2862 3881 2918 3932 δέ
2962 3898 3053 3949 μοι
3088 3879 3369 3949 (βουλήσει
3419 3880 3525 3946 γὰρ
3577 3878 3670 3929 καὶ
3717 3875 3881 3927 τοῦτο
3918 3893 4021 3943 μαι

2446 3974 2581 4045 θεῖν)
2615 3972 2844 4035 Παῦλος.
2869 3972 2978 4042 Τὴν
3006 3972 3064 4025 δὲ
3098 3972 3178 4036 τὸ,
3210 3971 3439 4035 Παῦλος,
3466 3969 3781 4022 ἀκούσασαν
3818 3967 4025 4037 θάμδις

2445 4070 2506 4121 οὐ
2540 4067 2736 4137 μικρὸν
2791 4066 2934 4135 ᾔρει,
2984 4066 3137 4128 ὅπως
3179 4064 3487 4133 εὐξαμένης
3527 4060 3858 4113 διδάσκαλον
3894 4062 4027 4126 αὐτῇ

2446 4160 2687 4213 τοιοῦτον
2727 4161 2908 4212 ὁποῖον
2939 4158 3003 4227 δὴ
3048 4157 3140 4210 καὶ
3172 4157 3348 4226 eam
3389 4156 3478 4207 τὸν
3516 4152 3728 4206 Παῦλον
3766 4154 4025 4221 φανῆναι,

2447 4252 2724 4322 ταχύτατα
2751 4251 2849 4319 τῆς
2870 4250 3033 4318 εὐχῆς
3063 4250 3091 4300 ὁ
3123 4249 3274 4311 Θεὸς,
3323 4247 3523 4316 μᾶλλον
3569 4248 3626 4298 δὲ
3662 4245 3759 4296 καὶ
3937 4244 4031 4311 τῆς

2448 4345 2636 4413 εὐχῆς,
2670 4344 2869 4410 ἢκουσε
2899 4341 3124 4409 ταύτης,
3158 4341 3245 4392 ἵνα
3272 4340 3333 4391 τὸ
3357 4337 3450 4390 τοῦ
3478 4335 3642 4388 Δαὸὶδ
3663 4337 3947 4404 εἴποιμεν,
3977 4337 4033 4385 ἒν

2449 4440 2513 4506 τῇ
2539 4437 2634 4503 τῆς
2670 4435 2894 4505 καρδίας
2941 4434 3252 4503 ἑτοιμασίᾳ,
3293 4433 3387 4483 καὶ
3420 4423 3575 4490 οὗτος
3619 4424 3685 4497 ἦν
3744 4428 4037 4495 ὁ“μὲλί·.ων

2448 4527 2780 4596 ὀφθήσεσθαι
2816 4525 2987 4594 ταύτῃ
3045 4524 3275 4586 Παῦλος,
3326 4524 3386 4574 οὐ
3446 4525 3777 4590 πράγματκ
3840 4523 4033 4587 μόνον,

775 4606 1054 4672 paratione
1092 4613 1186 4657 :et
1234 4603 1319 4656 hic
1351 4603 1439 4669 qui
1483 4613 1601 4655 erat
1630 4603 1677 4655 ei
1731 4600 2077 4668 appariturus
2130 4600 2331 4664 Paulus,

2448 4619 2581 4672 ἀλλὰ
2665 4619 2759 4670 καὶ
2831 4617 3091 4683 ὀνόματος
3172 4613 3320 4683 αὐτῷ
3400 4611 3696 4665 κοινωνῶν.
3758 4611 4037 4680 Δακρύιιν

777 4711 880 4746 mm
940 4695 1113 4747 solum
1182 4695 1285 4757 rei,
1321 4695 1411 4746 sed
1453 4694 1611 4745 ctiam
1682 4692 1914 4745 nominis
1974 4691 2184 4746 futurus
2225 4704 2340 4746 crat

777 4784 973 4835 socius.
1020 4783 1154 4834 Cum
1205 4782 1451 4850 lacrymis
1500 4797 1627 4849 ergo
1676 4782 1949 4848 implesset
1995 4782 2196 4844 oculos,
2237 4781 2343 4836 Deo

777 4874 990 4940 quidem
1026 4887 1271 4938 magnam
1318 4873 1616 4940 gratiarum
1646 4873 1936 4937 actionem,
1972 4870 2137 4925 Paulo
2166 4882 2342 4925 autem

778 4966 967 5018 obtulit
1000 4964 1468 5033 supplicationem,
1508 4975 1561 5017 ut
1607 4974 1749 5017 esset
1788 4965 1835 5018 ei
1871 4975 2023 5033 pater
2050 4968 2343 5019 secundum

780 5054 1047 5121 spiritum,
1102 5064 1153 5107 et
1186 5064 1294 5107 tota
1348 5056 1607 5120 penderet
1640 5057 1707 5107 ab
1740 5056 1857 5123 ejus
1895 5070 2022 5107 cura
2071 5065 2126 5107 et
2162 5056 2340 5122 provi-

780 5150 980 5200 dentia.
1035 5148 1122 5200 Ille
1169 5162 1295 5200 vero
1327 5147 1415 5200 :Si
1465 5147 1549 5200 hic
1575 5148 1812 5215 quidem,
1846 5147 2040 5213 inquit,
2070 5146 2211 5210 sitis,
2242 5162 2346 5201 non

785 5248 968 5306 potero
996 5238 1151 5292 vobis
1200 5238 1428 5305 amplius
1463 5240 1739 5303 prodesse,
1788 5247 1844 5289 ut
1878 5239 1965 5306 qui
1994 5238 2107 5305 ipse
2133 5252 2349 5306 quoque

785 5333 883 5382 sint
928 5331 1154 5399 hospes,
1202 5341 1255 5384 et
1313 5332 1363 5382 in
1417 5345 1508 5383 vos
1546 5331 1595 5382 in
1648 5333 1877 5383 transitu
1933 5332 2211 5384 inciderim
2250 5347 2263 5382 :
2301 5340 2355 5384 et

789 5421 1019 5474 maxime
1044 5436 1164 5475 cum
1189 5436 1284 5475 nec
1308 5423 1504 5489 passim
1525 5423 1739 5489 quidem
1764 5423 1990 5492 amplius
2013 5433 2352 5490 exSpectare.

786 5512 1008 5575 Upnrtet
1040 5513 1201 5569 enim,
1250 5512 1437 5579 inquit,
1479 5527 1576 5565 nos
1608 5516 1822 5576 reverti,
1852 5528 2067 5581 gregem
2111 5523 2352 5565 nostrum

789 5604 1119 5657 visitaturus.
1152 5603 1257 5657 Vos
1286 5613 1488 5669 autem,
1528 5603 1572 5658 si
1606 5605 1817 5668 voletis,
1853 5606 2114 5658 abeuntes
2142 5620 2238 5658 nos
2269 5618 2352 5658 se-

788 5698 1046 5765 qucmiui.
1101 5696 1190 5751 Sic
1238 5696 1381 5751 enim
1434 5697 1549 5767 ipse
1593 5712 1805 5767 quoque
1834 5712 1930 5765 pro
1971 5698 2170 5754 viribus
2211 5712 2355 5754 curae

791 5802 1028 5845 \t-slrum
1061 5790 1307 5860 gerenda:
1337 5807 1442 5847 non
1476 5793 1657 5869 deero.

872 5908 885 5935 ’
932 5907 1088 5972 Osce,
1128 5924 1201 5972 vi,
1230 5909 1285 5964 5.

2451 4705 2543 4764 οὖν
2596 4710 2722 4772 τοὺς
2787 4708 3098 4775 ὀρθαὶμοὺς
3159 4706 3446 4774 πλήσασα,
3516 4703 3721 4769 πολλὴν
3788 4702 3871 4768 τῷ
3939 4703 4039 4769 μὲν

2451 4802 2569 4873 Θεῷ
2641 4802 2738 4871 τὴν
2796 4798 3192 4868 εὐχαριστίαν,
3256 4796 3335 4864 τῷ
3394 4795 3589 4862 Παύλῳ
3657 4794 3714 4844 δὲ
3776 4791 4033 4859 πρωῆῖε

2451 4894 2548 4964 τὴν
2585 4891 2841 4956 ἱκετείαν,
2880 4889 3130 4957 γενέσθαι
3157 4887 3295 4954 αὐτῇ
3342 4888 3484 4937 κατὰ
3520 4883 3743 4951 πνεῦμα
3781 4882 4036 4951 Πατέρα.

2455 4988 2548 5039 καὶ
2576 4987 2702 5054 ὃλην
2735 4984 2800 5052 δὴ
2836 4983 2932 5052 τὴν
2976 4980 3190 5048 ἐκείνης
3245 4977 3497 5031 ὑπελθεῖν
3525 4975 3806 5044 πρόνοιαν.
3860 4973 3920 5024 Ὀ
3959 4973 4041 5033 δὲ,

2468 5077 2733 5132 Ἐνταῦοα
2762 5075 2860 5144 μὲν
2893 5073 3080 5142 οὔσης.
3111 5073 3297 5140 φησιν,
3326 5069 3479 5121 οὐδέν
3534 5083 3587 5118 τι
3636 5066 3797 5117 πλέον
3838 5063 4044 5130 avi-.71,

2456 5171 2678 5232 δυνατὸς
2707 5170 2924 5238 ἔσομαι,
2953 5167 3101 5232 ξένος
3130 5164 3207 5215 ῶν
3238 5162 3330 5215 καὶ
3362 5160 3523 5220 αὐτὸς
3571 5159 3665 5210 καὶ
3701 5158 3848 5209 κατὰ
3897 5158 4046 5225 παρ-

2457 5265 2575 5316 οδον
2603 5263 2732 5331 ὑμῖν
2787 5257 3045 5328 ἐντυχὼν,
3080 5256 3172 5309 καὶ
3218 5254 3395 5314 ἄλλως
3426 5249 3546 5302 οὐδὲ
3582 5247 3923 5317 προσμένειν
3961 5250 4043 5298 ἔτι

2458 5355 2619 5407 πλέον
2640 5348 2747 5416 οἷος
2775 5352 2853 5404 ὢν
2875 5367 2888 5381 ·
2916 5350 2995 5403 δεῖ
3024 5349 3133 5419 γὰρ
3164 5344 3501 5405 ἐπανελθεῖν,
3544 5341 3702 5409 φησι,
3747 5340 3850 5408 τὴν
3908 5340 4043 5390 tau-

2457 5448 2567 5499 τῶν
2615 5447 2851 5516 ποίμνην
2898 5445 3045 5515 ἡμᾶς
3100 5439 3588 5507 ἐπισκεψομένους.
3634 5435 3730 5486 και⁸
3761 5436 3927 5501 ὑμεῖς
3964 5433 4046 5493 δὲ,

2457 5540 2614 5609 εἴπερ
2648 5537 2997 5607 βουλομέναις
3031 5535 3148 5588 ἐστὶ
3171 5532 3352 5595 τοῦτο,
3374 5528 3625 5583 ἀπιοῦσιν
3657 5528 3794 5595 ἡμῖν
3816 5524 4045 5592 Ξῷεσθϊ

2456 5632 2738 5700 οὖτωγὰρ
2760 5630 2853 5683 καὶ
2888 5627 3048 5691 αὐτὸς
3075 5626 3225 5679 οὐδὲν
3276 5626 3372 5693 τῆς
3419 5621 3559 5676 κατά
3599 5619 3837 5687 δύναμιν
3886 5617 4048 5683 ὖμῶι

2465 5724 2716 5792 προνοίας
2751 5719 3028 5791 ὀλιγωρῶν
3058 5718 3269 5789 ἔσομαι.
