4148 6486
755 405 887 468 1011
2016 399 2301 462 MENSIS
2335 400 2796 476 mxuantus.
3875 393 4013 458 1012

836 554 989 562 .———
1014 553 1033 559 ς
1058 554 1251 559 -ν‹η..’-
1286 554 1477 560 -.ν-ν‹-
1516 551 1848 559 ...αι-...ικ---
1872 548 3669 559 m—_—_————.——_-—-———~—r—-——n-————-v.
3704 546 3989 562 7-—---——e

1488 567 1598 576 _—
1618 564 3439 578 -ο-ῄ-ῤ--η--ω-ω--ι--αῡ-..η-

767 549 788 581 ε
1286 554 1477 560 _.,_,-_

2645 549 2882 559 ~—

1865 801 1964 861 DE
2020 803 2111 861 SA
2126 800 2350 862 NC'I'IS
2402 801 2586 861 CONJ
2604 800 2701 861 UG
2720 803 2733 861 I
2749 802 2891 863 Βυὲ

1360 1087 2219 1217 XENOPHON
2233 1088 2431 1212 TE
2529 1086 2731 1211 ΕΤ
2850 1084 3364 1212 MARIA

1946 1438 2200 1490 EOHUMQ
2211 1440 2289 1482 ΟΕ
2332 1439 2361 1479 S
2372 1442 2401 1479 Δ
2411 1436 2589 1482 NL‘TIS
2618 1437 2800 1482 FILIIS

1693 1691 2213 1782 ARCADIO
2289 1696 2438 1783 ΕΤ
2511 1690 3027 1783 JOANNIC.

1497 1940 1765 1999 (Saeculum
1795 1956 1837 1989 v.
1870 1971 1923 1977 ——
1956 1943 2070 1988 Arta
2095 1945 2370 1988 sonantum
2399 1937 2621 1990 Bulluttd.
2654 1942 2711 1989 ad
2734 1940 2863 1989 diem
2890 1943 2951 1991 26
2974 1944 3236 1997 Januarii}

814 2370 1258 2442 Xenophontem,
1293 2388 1354 2427 ac
1385 2371 1607 2426 Mariam
1637 2372 2118 2443 illius‘conjugcm,
2146 2386 2453 2442 eorumque
2486 2372 2691 2427 liberos
2709 2372 3006 2427 Arcadium
3032 2384 3088 2426 et
3122 2372 3413 2438 Joannem,
3448 2372 3728 2426 senatoria
3751 2371 4023 2441 dignitate

748 2467 1212 2537 amplissimisque
1234 2466 1679 2537 pOSSessionibus
1716 2466 2007 2530 abdicatis,
2048 2467 2411 2521 monasticam
2442 2466 2613 2520 vitam
2648 2466 3043 2537 Hierosolymis
3072 2467 3187 2534 pari
3231 2467 3545 2519 animorum
3574 2465 3773 2519 ardore
3804 2466 4018 2534 profes.

742 2576 855 2625 sos,
883 2576 1218 2616 veneramur
1245 2560 1415 2616 Graeci
1455 2563 1559 2616 hoc
1597 2561 1685 2615 die
1715 2560 1894 2615 ollicio
1928 2560 2325 2615 ecclesiastico.
2373 2560 2453 2614 Ita
2510 2576 2751 2630 namque
2806 2560 3176 2630 Autltologion
3202 2576 3231 2613 a
3258 2558 3541 2614 Clemente
3575 2558 3688 2611 VIII
3743 2560 4020 2628 approba-

745 2664 862 2706 tum
900 2669 914 2705 :
958 2672 978 2703 ο
1020 2654 1225 2708 Eodem
1261 2670 1469 2718 mense,
1503 2654 1591 2708 die
1622 2653 1713 2717 26,
1751 2653 1928 2707 sancti
1974 2652 2154 2708 Patris
2185 2654 2359 2707 nostri
2395 2652 2785 2722 Xenophontis
2829 2660 2884 2706 et
2919 2651 3220 2706 sociorum.
3280 2651 3517 2705 Sanctus
3568 2650 3654 2703 hic
3708 2648 4021 2718 Xetmplton

743 2744 1223 2811 Constantinopoli
1252 2752 1391 2806 erat,
1424 2752 1777 2796 externarum
1813 2757 1979 2812 opum
2018 2744 2177 2812 c0pia
2205 2742 2457 2807 afﬂuens,
2492 2752 2548 2797 at
2581 2743 2754 2797 multo
2772 2744 2936 2797 etiam
2997 2742 3213 2797 interna
3237 2758 3363 2812 erga
3400 2743 3568 2796 Deum
3611 2741 3878 2809 religione
3907 2745 4021 2797 cla-

749 2839 880 2899 rior,
904 2837 997 2903 qui
1035 2852 1158 2891 cum
1193 2836 1335 2892 duos
1367 2836 1509 2891 ﬁlios
1540 2850 1672 2891 suos
1709 2834 2009 2891 Arcadium
2033 2844 2089 2889 et
2117 2834 2409 2901 Joannem,
2446 2834 2702 2905 Berytum
2730 2835 2923 2889 urbem
2962 2836 3013 2888 in
3047 2836 3308 2890 Pltmuiee
3342 2840 3523 2899 sitam,
3548 2837 3611 2890 ad
3644 2838 3783 2907 juris
3812 2839 4021 2908 legunt-

747 2946 854 2999 que
890 2932 1239 3001 disciplinam
1276 2939 1331 2985 et
1365 2930 1655 2987 scientiam
1690 2929 2160 2999 consequendam,
2198 2931 2417 2993 missos,
2444 2930 2791 3002 naufragium
2826 2930 3021 2985 fecisse
3052 2930 3434 2992 intellexisset.
3464 2931 3527 2983 ad
3560 2947 3655 2985 eos
3687 2937 4025 3001 conquiren-

746 3026 847 3080 dos
876 3042 982 3079 una
1019 3042 1144 3080 cum
1182 3042 1351 3080 uxore
1387 3026 1667 3095 profectus
1694 3035 1778 3081 est
1802 3026 1989 3091 domo,
2008 3028 2334 3096 tandemque
2363 3027 2759 3099 Hierosolymis
2787 3042 2884 3082 eos
2902 3027 3125 3096 reperit,
3162 3027 3487 3082 monachico
3522 3030 3711 3082 habitu
3744 3029 3973 3083 indutos
4008 3049 4022 3085 :

750 3119 844 3173 ubi
879 3130 931 3175 et
967 3120 1079 3189 ipsc
1117 3136 1179 3177 ac
1208 3120 1405 3189 conjux
1436 3118 1737 3174 solitariam
1778 3119 2013 3188 amplexi
2066 3121 2255 3183 vitam,
2289 3134 2537 3190 eousque
2595 3121 2760 3176 ambo
2803 3122 2861 3175 in
2896 3121 3073 3175 stadio
3105 3121 3326 3175 virtutis
3360 3123 3603 3190 provecti
3654 3133 3807 3186 sunt,
3856 3126 3939 3179 ttti
3970 3135 4028 3176 et

752 3225 945 3267 eorum
971 3227 1191 3281 quoque
1225 3212 1342 3277 filii,
1376 3220 1435 3266 ut
1465 3211 1737 3267 miracula
1760 3212 1927 3266 etiam
1953 3222 2256 3283 patrarent.
2292 3214 2729 3271 Perseverarunt
2762 3223 2947 3270 autem
2979 3228 3175 3270 omnes
3210 3212 3265 3267 in
3291 3213 3385 3267 Dei
3418 3215 3673 3279 servitio,
3705 3230 3769 3270 ac
3802 3218 4028 3273 tandem

750 3308 816 3363 ad
853 3326 977 3364 cum
1019 3309 1377 3377 emigrarunt.
1425 3329 1443 3361 ›

822 3400 886 3454 II.
916 3402 1116 3455 Eadem
1168 3403 1333 3456 habet
1393 3403 1658 3459 Maximus
1682 3403 2006 3475 Cytherens,
2041 3421 2105 3459 ac
2141 3405 2364 3470 Menaea,
2406 3406 2500 3461 sed
2550 3405 2669 3461 haec
2717 3406 2907 3461 multis
2936 3418 3200 3478 praeterea
3231 3409 3551 3478 antipltonis
3584 3423 3681 3462 eos
3713 3408 4027 3461 celebrant.

750 3496 1088 3553 Referuntur
1126 3515 1344 3569 quoque
1382 3500 1433 3554 in
1467 3500 1655 3555 Graeco
1690 3503 2019 3575 Menologio.
2051 3504 2091 3557 Ε
2132 3503 2343 3558 Latinis
2382 3503 2697 3560 Galcsinius
2731 3505 2798 3559 ad
2834 3505 2983 3560 hunc
3011 3506 3158 3560 diem
3190 3506 3291 3561 ista
3326 3506 3520 3560 scribit
3551 3524 3564 3557 :
3598 3523 3615 3554 ι
3644 3504 3701 3558 In
3725 3502 3944 3558 Gracia
3971 3503 4025 3557 S.

754 3595 1140 3664 Xenioriltontis
1168 3595 1526 3651 confessoris.
1557 3596 1658 3653 Hie
1686 3599 1982 3655 excellenti
2022 3601 2077 3655 itt
2104 3600 2273 3654 Deum
2308 3600 2533 3671 pietate,
2558 3616 2799 3671 ergaque
2834 3617 3106 3671 pauperes
3139 3602 3479 3670 benignitate
3516 3602 3856 3661 incredibili.
3891 3603 4033 3657 Ilie-

753 3691 1081 3761 rosolymam
1118 3691 1397 3760 profectus
1427 3694 1742 3749 monasticae
1772 3694 1896 3751 vita:
1922 3696 2174 3750 instituta
2213 3697 2461 3765 suscepit
2494 3715 2507 3750 :
2540 3695 2595 3750 in
2624 3710 2802 3765 eaque
2840 3696 3064 3750 vivendi
3106 3697 3321 3750 ratione
3349 3696 3420 3750 ita
3462 3711 3519 3751 se
3541 3696 3806 3757 excoluit,
3841 3706 3907 3749 ut
3936 3696 4029 3750 Dei

752 3788 929 3854 gratia
976 3802 1039 3841 ac
1089 3786 1234 3842 dono
1270 3788 1456 3843 multis
1492 3789 1824 3845 mirabiliter
1850 3791 2020 3861 gestis
2054 3792 2241 3856 rebus,
2276 3801 2508 3861 actaque
2533 3790 2879 3846 sanctissime
2896 3791 3009 3845 vita
3032 3790 3233 3845 abierit
3267 3791 3333 3845 ad
3376 3792 3692 3845 Dominum.
3734 3810 3751 3841 ι
3788 3792 3845 3845 In
3880 3794 4031 3847 nmis

751 3883 1030 3952 accepisse
1068 3899 1124 3938 se
1154 3884 1315 3939 haece
1343 3888 1717 3942 monumentis
1736 3888 1945 3943 Griecis
1974 3889 2173 3943 scribit
2207 3907 2219 3942 :
2256 3897 2310 3942 at
2337 3888 2537 3943 mirum
2565 3896 2650 3942 est
2681 3902 2807 3941 eum
2833 3886 3016 3942 Maria:
3052 3901 3116 3940 ac
3145 3888 3379 3941 filiorum
3422 3904 3527 3941 non
3554 3888 3895 3942 meminisse.
3927 3890 4030 3943 Ea-

754 3974 875 4027 dem
906 3991 969 4028 ex
1000 3976 1277 4031 Galesinio
1303 3980 1492 4033 reeitat
1516 3978 1770 4034 Canisius
1800 3980 1853 4033 itt
1878 3980 2171 4049 posteriori
2202 3978 2464 4035 editione.
2501 3978 2750 4034 Nolanus
2780 3977 2833 4033 in
2859 3976 3029 4032 addit.
3070 3978 3137 4033 ad
3173 3976 3480 4033 Usuardum
3511 3998 3524 4033 :
3551 3999 3566 4030 ι
3601 3978 3699 4033 Die
3723 3978 3815 4042 26,
3848 3980 4029 4033 sancti

753 4071 935 4127 Patris
961 4072 1365 4143 Xenophontis,
1398 4082 1454 4129 et
1488 4077 1784 4130 comitatus
1808 4077 2005 4147 ipsius.
2048 4096 2066 4127 ι

827 4165 915 4219 III.
956 4166 1103 4220 Idem
1129 4183 1295 4236 porro
1322 4169 1693 4239 Autltologion
1734 4170 1791 4225 S.
1831 4171 2080 4225 Januarii
2134 4171 2235 4225 ista
2271 4170 2438 4225 habet
2481 4187 2495 4223 :
2536 4188 2554 4220 ι
2594 4169 2801 4224 Eodem
2845 4183 3053 4234 mense,
3083 4168 3172 4224 die
3201 4177 3416 4232 octavo,
3463 4166 3522 4223 S.
3549 4167 3948 4237 XenOphontis
3976 4179 4029 4222 et

755 4261 1054 4326 sociorum,
1078 4272 1131 4315 et
1162 4262 1217 4317 S.
1248 4263 1503 4318 Marciani
1538 4266 1869 4341 presbyteri,
1900 4277 2007 4321 etc.
2046 4286 2061 4317 ι
2092 4265 2211 4332 Quo
2232 4265 2321 4320 die
2343 4265 2630 4336 Philippus
2652 4265 2942 4320 Ferrarius
2988 4264 3041 4318 in
3071 4264 3311 4335 generali
3358 4263 3619 4332 Catalogo
3659 4274 4024 4317 sanctorum:

763 4375 779 4406 α
810 4353 1288 4425 ConstantinOpoli
1315 4356 1371 4410 S.
1397 4357 1777 4427 XettOphontis
1818 4360 2169 4413 confessoris.
2207 4380 2224 4411 ι
2255 4360 2455 4414 Μεηξίιδ
2478 4359 2510 4412 6
2534 4358 2711 4411 Martii
2747 4357 3041 4411 Arcadium
3071 4356 3338 4418 referunt,
3362 4354 3607 4409 filiumne
3640 4354 4026 4424 Xenophontis

756 4463 823 4502 an
860 4449 1049 4515 alium,
1077 4450 1683 4520 nobisiucompertum,
1722 4453 1821 4506 ista
1856 4454 2032 4507 solum
2062 4453 2268 4507 habent
2298 4471 2309 4505 :
2354 4453 2558 4507 Eodem
2613 4453 2723 4515 die,
2754 4452 2929 4506 sancti
2994 4452 3174 4506 Patris
3208 4451 3384 4505 nostri
3422 4449 3667 4503 Arcadii.

1397 4566 1412 4595 ι
1457 4543 1697 4599 Lumbos
1731 4545 1825 4614 qui
1856 4546 1956 4599 sub
1990 4546 2405 4617 intelligentiam
2454 4546 2677 4609 cadunt,
2715 4545 3016 4601 virtutibus
3046 4545 3398 4616 praecinctus,

1402 4660 1417 4693 ι
1454 4644 1682 4712 Egregio
1708 4652 1935 4696 ornatus
1964 4644 2203 4712 cingulo,
2238 4642 2455 4700 Arcadi.
2484 4644 2549 4696 ad
2587 4643 2785 4695 cmlum
2812 4642 3008 4695 curris.
3043 4660 3063 4692 ι

828 4733 914 4787 IV.
945 4734 1118 4787 Vitam
1153 4739 1207 4788 5.
1239 4736 1615 4803 Xenophontis
1668 4746 1718 4789 et
1754 4736 2055 4799 sociorum,
2087 4751 2114 4789 a
2178 4736 2429 4789 Sinteonc
2462 4736 2845 4804 Ilctapltrastc,
2884 4742 2977 4787 aut
3029 4734 3138 4787 alio
3160 4734 3418 4803 quopiam
3444 4735 3755 4788 vetustiore
3776 4748 4025 4791 audere.

757 4830 1145 4897 conscriptam,
1171 4839 1455 4897 acceperat
1492 4829 1832 4896 Iloswevdus
1877 4844 1905 4880 e
1932 4828 2122 4882 codice
2152 4827 2340 4880 Gneco
2369 4828 2717 4881 bibliotheca:
2756 4826 3212 4882 Cltristianissitni
3272 4828 3434 4897 regis.
3499 4826 3629 4879 Eam
3676 4826 3875 4881 Latine
3904 4846 4025 4882 \er-

760 4936 824 4979 tit
847 4925 1015 4981 Οι·ιΙι‹›
1051 4926 1232 4995 Ζδιξηδ
1258 4937 1461 4985 noster.
1494 4928 1758 4979 Izat-tenus
1790 4942 2067 4994 nunquam
2106 4926 2209 4978 luci
2248 4926 2449 4976 datam.

832 5023 892 5074 ν.
931 5023 1045 5087 Qua
1080 5030 1237 5075 astate
1260 5021 1452 5072 vixerit
1478 5020 1534 5073 S.
1567 5019 1896 5087 Xenophon.
1923 5035 1985 5072 ex
2013 5019 2320 5087 Nicepltoro
2342 5018 2567 5071 Callisto
2616 5018 2811 5087 liquet.
2843 5018 2891 5071 Is
2918 5018 2953 5071 l.
2983 5034 3090 5080 Xtv,
3122 5034 3171 5072 c.
3220 5020 3306 5078 5:2.
3342 5034 3464 5074 cum
3491 5022 3556 5072 de
3586 5038 3789 5088 magno
3824 5024 4031 5095 Euthy-

761 5112 871 5164 mio
904 5114 1123 5181 egisset,
1161 5112 1228 5165 de
1256 5127 1365 5181 quo
1404 5128 1502 5163 nos
1530 5112 1597 5163 20
1656 5111 1924 5175 Januarii,
1957 5112 2021 5164 dc
2060 5110 2229 5172 Xeno,
2261 5112 2374 5164 sive
2408 5111 2661 5174 Eusebia,
2697 5111 2765 5165 de
2798 5128 2903 5179 qua
2941 5112 3008 5166 ‘25
3068 5112 3216 5175 Jan.,
3258 5112 3322 5166 dc
3382 5113 3625 5167 Eudoeia
3656 5120 3934 5187 Augusta.
3980 5136 4005 5171 e

759 5206 882 5259 aliis
916 5209 1005 5275 qui
1041 5209 1231 5277 quinto
1281 5207 1503 5268 szeculo,
1538 5205 1844 5259 sanctitatis
1875 5206 2135 5271 Opinione
2169 5206 2406 5259 illustres
2435 5208 2715 5267 exstitere,
2758 5205 2858 5257 ista
2915 5204 3153 5259 adnectit
3193 5225 3200 5257 :
3250 5229 3265 5257 ι
3303 5206 3568 5261 Praeterea
3625 5211 4030 5266 celeberrimus

766 5302 853 5355 illc
889 5302 1193 5369 Xenophon
1230 5302 1421 5353 iisdem
1461 5298 1801 5367 temporibus
1836 5298 2042 5355 floruit.
2082 5298 2173 5363 qui
2208 5298 2361 5367 prius
2386 5298 2649 5351 senatorii
2681 5297 2894 5349 ordinis
2940 5297 3136 5358 fuerat,
3174 5312 3279 5351 non
3327 5298 3508 5351 minus
3530 5302 3777 5355 eucrnis
3808 5306 4026 5372 opilnzs,

767 5408 926 5460 quam
963 5391 1193 5445 internis
1220 5390 1385 5442 animi
1414 5389 1636 5442 dotibus
1662 5390 2013 5456 conspicuus.
2042 5388 2261 5441 Miserat
2282 5388 2327 5440 is
2347 5387 2622 5457 Berttnm,
2657 5402 2776 5455 qua:
2809 5387 3095 5441 I’lttcnices
3116 5387 3247 5441 urbs
3277 5398 3374 5450 est.
3434 5390 3738 5459 disciplina‘
3757 5404 3809 5445 et
3849 5396 4027 5465 legum

764 5484 1149 5537 discendorum
1183 5482 1374 5549 gratia,
1412 5481 1704 5534 Arcadium
1731 5491 1782 5533 et
1815 5481 2075 5532 Joannem
2126 5479 2266 5531 ﬁlios
2299 5495 2444 5533 suos.
2472 5479 2607 5533 Cum
2659 5491 2839 5533 autem
2890 5480 2921 5531 ii
2967 5480 3308 5548 naufragium
3347 5482 3397 5533 iu
3446 5484 3577 5534 mari
3630 5484 3777 5550 passi
3815 5500 4025 5545 essent,

764 5581 829 5632 ad
867 5595 960 5632 eos
992 5577 1394 5645 perquirendns
1422 5592 1528 5629 una
1554 5592 1676 5629 cum
1712 5578 1940 5645 conjuge
1978 5578 2256 5644 protectus
2280 5586 2382 5627 est.
2415 5575 2584 5627 l’orro
2604 5574 2693 5626 tibi
2729 5590 2824 5626 eos
2857 5574 3248 5643 Hierosolymis
3297 5579 3661 5630 mounstieum
3706 5581 4027 5636 institutum

762 5673 1076 5742 complexos
1104 5670 1327 5730 invenit,
1364 5670 1478 5739 ipse
1502 5684 1741 5739 quoque,
1778 5681 1831 5723 ct
1865 5685 1989 5724 cum
2048 5684 2113 5722 eo
2142 5671 2366 5738 eonjux,
2421 5671 2824 5738 trauquillioris
2858 5672 2979 5724 vita:
3020 5669 3267 5722 habitum
3309 5671 3563 5724 induunt.
3603 5674 3682 5728 Ad
3732 5691 3859 5730 eam
3900 5694 4027 5732 va."-

763 5783 955 5821 ontnes
980 5768 1234 5821 virtutem
1265 5758 1594 5835 pervenere:
1624 5774 1684 5817 ut
1714 5774 1770 5819 et
1821 5764 2196 5819 faciendorum
2231 5764 2624 5817 miraculorum
2678 5767 2905 5831 gratiam
2941 5781 2967 5817 a
3007 5764 3114 5817 Deo
3154 5765 3433 5819 consecuti
3473 5765 3600 5818 sint.
3635 5766 3892 5839 Cumque
3938 5794 4028 5827 az-

766 5882 977 5936 reptam
1009 5866 1117 5921 Deo
1153 5865 1317 5919 vitam
1344 5866 1605 5934 egissent,
1641 5864 1704 5919 ad
1734 5878 1858 5919 eum
1889 5864 2105 5918 tandem
2153 5864 2514 5931 emigrat-tznt.
2558 5882 2570 5909 ι
