4148 6486
744 378 891 437 1039

1991 375 2271 435 MENSIS
2299 376 2753 439 JANUARIUS.

3859 385 3989 451 1040

752 492 1067 559 γεννήτομσι
1104 488 1468 556 καταστῆσαι³
1508 489 1680 557 παρ“ὀ
1717 489 1809 540 xa‘t
1838 488 2113 557 διέμειναν
2141 489 2292 541 αὖτοῖ

2427 490 2574 544 tione
2621 506 2679 545 se
2721 492 3042 559 parentibus
3093 493 3410 561 proderent.
3441 494 3811 560 Quamobrem
3843 500 3995 566 plano

750 582 1018 649 ἄγνωστοι
1070 580 1236 649 μηδὲν
1268 580 1367 649 τῆς
1406 580 1583 648 ὅψεως
1632 580 2094 649 ὑποσημηνάσης,
2137 582 2221 633 διὰ
2262 584 2320 632 τδ

756 676 1094 744 μαρανθῆναι
1141 676 1208 743 τῇ
1264 672 1489 742 ἀμέτρῳ
1543 672 1904 742 κακοπαθείᾳ,
1951 672 2025 734 ὼς
2071 674 2165 725 καὶ
2218 673 2319 743 ἠδη

750 768 1056 835 φθάσαντες
1086 766 1457 837 ἐδηλώσαμεν.
1496 768 1721 832 Πάντως
1754 767 1809 820 δὲ
1838 767 1898 819 οὐ
1928 767 2112 820 σιτίων
2137 768 2315 837 μόνον,

746 858 882 910 ἀλλὰ
915 859 1009 911 καὶ
1061 856 1303 929 γλώττης
1343 857 1521 927 πολλῷ
1580 859 1779 927 μᾶλλον
1819 859 2107 926 ἐγκρατεῖς
2154 852 2315 926 ἦσαν.

744 949 877 1001 Οὐδὲ
908 949 1014 1017 γάρ
1062 949 1282 1017 μέτριον
1315 944 1405 1019 ἦν,
1439 948 1557 1002 οὐδὲ
1588 947 1808 1016 κοῦφον,
1843 947 1904 998 τὸ
1936 948 2190 1015 πατέρων
2219 946 2318 999 αὒ-

741 1043 865 1103 τοὺς
900 1042 979 1103 εἰς
1014 1040 1136 1107 ὄψιν
1171 1041 1422 1103 ἐλθόντας
1458 1040 1594 1109 μετὰ
1633 1039 1969 1110 δριμυτάτην
1997 1039 2313 1108 ἐπιθυμίαν,

742 1130 835 1185 isti.
874 1133 1014 1185 οὕτω
1051 1133 1149 1201 μὲν
1179 1133 1372 1194 αὐτοὺς
1405 1131 1725 1195 ποθοῦντας,
1766 1131 1907 1184 οὕτω
1938 1131 1995 1183 δὲ
2042 1131 2310 1200 ποθουμέ-

742 1242 887 1286 νους,
934 1226 1222 1292 ὑπομεῖναι
1254 1224 1352 1294 τὴν
1390 1226 1623 1293 σιωπὴν,
1676 1225 1770 1275 καὶ
1812 1224 1886 1291 μὴ
1942 1224 2100 1290 μόνον
2150 1223 2314 1292 μηδὲν

742 1315 1103 1382 φθέγξασθαι,
1138 1316 1275 1368 ἀλλὰ
1318 1317 1449 1385 μηδὲ
1490 1316 1722 1384 δάκρυον
1761 1314 1850 1366 ὑπ’
1885 1314 2125 1383 ἀμέτρου
2156 1328 2314 1382 περιο

741 1407 963 1474 χαρείας
1010 1406 1331 1471 ἐξενεγκεῖν·
1384 1406 1411 1456 ὃ
1462 1405 1556 1458 καὶ
1602 1406 1696 1473 τῆς
1746 1404 1864 1473 βίας
1906 1406 2151 1474 κρεῖττόν
2196 1406 2312 1457 ἐστι

740 1500 987 1567 φανερῶς
1018 1501 1113 1566 τῆς
1143 1500 1320 1551 πάντα
1350 1498 1584 1567 νικώσης
1617 1500 1853 1565 φύσεως.

809 1593 932 1644 KZ'.
991 1592 1143 1644 Ἐπεὶ
1172 1587 1262 1644 οὖν
1296 1591 1345 1643 οἱ
1380 1589 1682 1660 θαυμαστοὶ
1708 1591 1916 1652 παῖδες,
1948 1591 2071 1652 τοὺς
2102 1590 2311 1641 ἑαυτῶν

737 1682 1049 1748 ἐπιγνόντες
1093 1684 1360 1751 πατέρας,
1393 1684 1545 1734 αὐτοὶ
1597 1682 1725 1751 παρ’
1774 1682 1999 1743 ἐκείνοις
2031 1682 2307 1749 διέμειναν

737 1775 1024 1841 ἄγνωστοι,
1064 1777 1279 1839 Ἀπιτε,
1321 1775 1452 1843 φησι
1487 1774 1621 1842 πρὸς
1675 1774 1871 1835 αὐτοὺς
1901 1775 1928 1825 ὁ
1962 1775 2139 1842 γέρων
2171 1774 2309 1843 μετά

2426 582 2557 651 ipsis
2610 582 2895 653 incogniti,
2954 597 3021 637 ne
3053 583 3297 638 vultibus
3324 585 3545 654 quidem
3600 586 3995 654 prodebantur,

2423 674 2737 734 immodica,
2762 674 2838 727 uti
2861 674 3118 739 diximus,
3138 676 3997 748 laborumasperitateconsump-

2423 764 2511 816 tis.
2553 762 2669 816 Non
2692 764 2865 817 solum
2913 766 3060 818 enim
3112 780 3304 820 eorum
3340 784 3461 835 qua:
3495 768 3560 822 ad
3588 770 3792 823 victum
3827 774 3993 840 perti-

2419 862 2572 918 nent,
2602 855 2696 909 sed
2730 857 2904 911 multo
2926 858 3089 911 etiam
3118 860 3288 929 magis
3318 861 3517 930 lingua:
3546 870 3799 921 potentes
3822 875 3992 917 erant.

2418 945 2485 1000 Et
2528 961 2657 1001 sane
2692 963 2800 1002 non
2858 950 2994 1005 levis
3047 966 3228 1021 neque
3271 954 3568 1007 mediocris
3595 954 3819 1009 virtutis
3850 968 3988 1017 erat.

2418 1046 2540 1105 post
2570 1039 3109 1096 vehementissimam
3136 1043 3468 1098 desiderium
3492 1087 3506 1107 ,
3542 1057 3647 1098 tam
3674 1058 3991 1116 PSprlc-tttes

2421 1140 2639 1198 tamque
2670 1133 2940 1201 expetitos
2975 1135 3027 1187 in
3059 1146 3346 1204 parentum
3382 1150 3737 1204 conspectum
3778 1140 3987 1203 venire,

2416 1234 2479 1273 ac
2510 1220 2788 1275 silentium
2818 1238 3057 1286 servare,
3082 1234 3137 1278 et
3187 1241 3295 1279 non
3326 1236 3537 1281 tantum
3570 1244 3599 1281 a
3633 1230 3840 1288 verbis.
3892 1248 3988 1285 ve-

2417 1324 2538 1360 rum
2566 1308 2730 1362 etiam
2780 1325 2810 1363 a
2869 1311 3125 1380 lacrymis
3173 1314 3227 1366 in
3280 1325 3388 1368 tam
3456 1317 3735 1370 immensa:
3791 1318 3990 1371 laetitia:

2415 1397 2745 1451 abundantia
2784 1407 3107 1468 temperare.
3141 1402 3295 1468 Quod
3358 1403 3631 1458 violentia:
3682 1421 3857 1470 genus
3895 1422 3990 1461 ua-

2417 1499 2535 1544 tura
2566 1491 2750 1544 omnia
2771 1504 3064 1560 superante
3094 1494 3371 1561 potentius
3394 1496 3623 1548 exstitit.

2486 1579 2694 1635 XXVII.
2730 1581 2865 1637 Cum
2908 1583 3091 1651 itaque
3142 1587 3703 1655 adttzirandijuvenes
3742 1589 3986 1655 parenti-

2412 1672 2517 1727 bus
2541 1674 2651 1739 jam
2677 1676 2910 1745 cognitis
2937 1677 3117 1731 adhuc
3148 1688 3334 1732 essent
3369 1680 3655 1748 incogniti,
3684 1680 3864 1740 Abite,
3903 1682 3987 1732 in-

2412 1765 2530 1833 quit
2561 1781 2726 1821 senex
2776 1772 2900 1821 laeto
2931 1771 3115 1823 animo
3143 1772 3459 1839 linguaque,
3502 1782 3558 1825 et
3604 1773 3805 1825 bonam
3831 1774 3988 1827 nobis

735 1867 1138 1937 κεχαρισμένης
1180 1868 1273 1918 καὶ
1319 1866 1564 1933 γλώττης
1609 1867 1703 1917 καὶ
1731 1867 1930 1935 ψυχῆς,
1974 1866 2142 1935 καλὴν
2174 1869 2295 1935 ήμῖι

2412 1872 2651 1912 mensam
2678 1868 2935 1928 apparate
2964 1875 3098 1931 :ego
3125 1877 3249 1914 mox
3286 1877 3408 1915 cum
3452 1863 3669 1917 duobus
3698 1864 3984 1931 discipulis

737 1957 1115 2025 ἑτοιμάσαντες
1167 1958 1465 2026 τράπεζαν.
1509 1956 1829 2023 Ἐλεύσομαι
1876 1957 1930 2008 δὲ
1974 1956 2133 2018 αὐτὸς
2170 1956 2305 2023 μετὰ

732 2048 842 2103 τῶν
868 2048 958 2102 δύο
996 2066 1096 2118 μου
1130 2048 1387 2117 μαθητῶν
1427 2048 1592 2099 τῶνδε
1638 2046 2304 2115 συμπαρακληθησόμενος

736 2139 884 2206 ὑμῖν,
916 2141 1007 2191 καὶ
1036 2140 1096 2190 τὸ
1122 2140 1310 2190 λοιπον
1349 2138 1541 2200 ἀπάξω
1573 2138 1723 2205 παρὰ
1742 2140 1833 2188 τὸν
1859 2140 2019 2189 τόπον
2051 2138 2214 2205 ὑμᾶς,
2248 2139 2305 2190 ἐν

732 2224 775 2296 ᾧ
828 2232 954 2292 τοὺς
1004 2231 1291 2298 φιλτάτους
1343 2232 1488 2290 υἱοὺς
1521 2230 1737 2296 ὄψεσθε.
1790 2228 2072 2295 ’Ἢσθησαν
2107 2232 2302 2281 ἐκεῖνοι

731 2322 889 2374 τοῦτο
919 2321 1269 2385 ἀκούσαντες,
1318 2322 1378 2373 οὐ
1420 2322 1619 2390 μᾶλλον
1662 2322 1754 2372 ἐπὶ
1788 2320 1864 2388 τῷ
1900 2321 2303 2391 ἐπαγγελθῆναι

730 2414 853 2474 τοὺς
907 2414 1103 2473 παῖδας
1161 2414 1307 2475 ἰδεῖν,
1362 2413 1486 2463 ὅσον
1531 2412 1626 2463 ἐπὶ
1684 2411 1761 2462 τῶ
1814 2411 1995 2475 ἀξίους
2048 2412 2300 2480 κριθῆναι

731 2502 923 2568 ἀνδρὸς
966 2502 1285 2569 ἑστιάτορας
1328 2500 1561 2569 ὀφθῆναι
1607 2501 1868 2554 τοιούτου.
1923 2502 2141 2571 Ἐὠρων
2190 2503 2298 2573 γάρ

729 2594 829 2645 οὐκ
862 2595 940 2656 είς
974 2593 1032 2645 τὸ
1079 2594 1231 2659 γένος
1272 2595 1365 2644 καὶ
1409 2594 1508 2660 τὴν
1542 2594 1898 2661 περιφάνειαν
1937 2592 2035 2661 τὴν
2072 2594 2298 2659 οἰκείαν,

729 2682 844 2735 ἀλλ’
891 2685 971 2745 εἰς
1016 2682 1115 2751 τὴν
1154 2682 1364 2734 ἐκείνου
1412 2681 1546 2749 πρὸς
1585 2680 1715 2733 Θεὸν
1764 2680 2062 2745 οίκείωσιν,
2120 2681 2299 2750 πολλῷ

726 2776 1063 2845 τιμιωτέραν
1099 2774 1332 2827 πλούτου
1368 2777 1461 2827 καὶ
1490 2774 1771 2839 εὐγενείας
1815 2773 2015 2843 ἀρετὴν
2045 2770 2186 2825 εἶναι
2215 2791 2299 2825 νο-

732 2870 1001 2938 μίζοντες.
1050 2869 1307 2920 Ἐκείνων
1356 2866 1647 2935 τοιγαροῦν
1695 2867 2012 2936 οἰχομένων,
2046 2867 2073 2919 6
2120 2866 2300 2935 γέρων

722 2964 837 3025 τοις
881 2961 1084 3023 παισὶν,
1149 2959 1447 3026 Ἀπίωμεν,
1498 2958 1621 3027 ἔφη,
1669 2959 2143 3025 συνεστιασόμενοι
2186 2960 2297 3019 τοῖς

721 3053 964 3121 πατράσι
996 3053 1103 3111 τοῖς
1143 3050 1453 3120 ὑμετέροις,
1490 3050 1614 3100 ἐπεὶ
1646 3049 1808 3118 μηδὲν
1840 3050 1995 3118 ὑμεῖς
2034 3049 2298 3116 βλαϐήσε-

2411 1948 2547 2001 meis
2572 1964 2667 2003 vos
2697 1952 3084 2006 consolaturus
3139 1954 3463 2020 subsequar.
3524 1966 3599 2013 et.
3642 1957 3791 2023 quod
3856 1958 3983 2010 reli-

2407 2055 2575 2108 quum
2598 2052 2701 2107 est,
2733 2044 2797 2096 ad
2827 2043 3005 2097 locum
3030 2045 3120 2098 ubi
3152 2046 3471 2099 charissima
3502 2048 3727 2117 pignora
3754 2050 3985 2103 videatis

2406 2131 2697 2187 deducam.
2730 2134 2940 2199 Quibus
2997 2137 3073 2189 illi
3104 2138 3309 2190 auditis
3342 2138 3527 2191 laetitia
3562 2156 3667 2192 non
3715 2141 3985 2195 medioerI

2408 2226 2614 2293 perfusi
2646 2236 2796 2287 sunt,
2829 2242 2935 2280 non
2981 2237 3192 2281 tantum
3225 2230 3368 2298 quod
3409 2229 3646 2282 ﬁliorum
3674 2231 3811 2299 ipsis
3851 2248 3981 2285 con-

2406 2327 2653 2384 spectum
2696 2319 3069 2386 polliceretur.
3125 2323 3217 2375 sed
3242 2323 3385 2390 quod
3422 2322 3555 2375 tanti
3584 2324 3683 2374 viri
3738 2339 3851 2376 non
3899 2330 3983 2378 tn-

2405 2410 2551 2477 digni
2580 2411 2822 2463 conviva:
2849 2411 3250 2479 iudicarentur.
3281 2413 3467 2481 Neque
3497 2413 3641 2467 enim
3694 2428 3861 2467 Suum
3894 2423 3986 2469 aut

2403 2510 2684 2569 genusaut
2711 2502 3056 2570 splendorem
3084 2504 3473 2571 respiciebant;
3504 2505 3597 2557 sed
3643 2506 3824 2573 ipsius
3860 2522 3983 2561 cum

2405 2592 2515 2644 Deo
2550 2592 3015 2661 coniunctionem,
3049 2594 3310 2648 virtutem
3337 2596 3524 2663 utique
3551 2596 3760 2650 divitiis
3787 2614 3853 2651 ac
3885 2613 3984 2651 no-

2404 2682 2615 2736 bilitate
2646 2685 2800 2753 longe
2826 2685 3093 2752 potiorem
3118 2684 3414 2740 ducebant.
3448 2687 3581 2755 Ipsis
3613 2688 3779 2757 igitur
3808 2691 3979 2744 Deum

2401 2776 2774 2844 precantibus,
2806 2777 2990 2830 senior
3040 2776 3168 2831 Iiliis
3213 2796 3224 2829 :
3255 2778 3475 2839 Eamus.
3501 2779 3697 2847 inquit,
3731 2796 3860 2833 cum
3887 2797 3983 2850 pa-

2403 2869 2654 2922 rentibus
2680 2870 2878 2924 vestris
2905 2871 3185 2938 pransuri,
3216 2885 3338 2923 cum
3367 2870 3502 2922 nihil
3533 2871 3658 2923 inde
3691 2872 3856 2925 vobis
3883 2889 3982 2926 no-

2401 2975 2481 3013 xae
2526 2960 2774 3015 futurum
2821 2963 2911 3015 sit.
2935 2963 3024 3016 Sic
3078 2962 3224 3015 enim
3274 2962 3471 3023 sentio,
3518 2974 3982 3031 quantuscunque

2400 3054 2467 3106 ad
2506 3054 2947 3123 consequendam
2978 3056 3236 3108 virtutem
3274 3053 3490 3107 labores
3540 3055 3848 3111 subieritis.
3880 3070 3981 3109 ne-

723 3144 816 3194 σθε
854 3143 1004 3210 παρα
1033 3142 1213 3195 τοῦτο.
1246 3142 1392 3209 Φημί
1425 3143 1554 3210 γάρ,
1583 3142 1741 3202 ὅσους
1776 3140 1841 3193 ἂν
1874 3142 1967 3192 καὶ
1995 3140 2059 3191 δι’
2088 3141 2288 3210 ἀρετὴν

2404 3161 2676 3214 quaquam
2712 3157 2892 3200 tamen
2922 3162 3019 3200 vos
3039 3148 3103 3199 ad
3140 3160 3428 3214 parentum
3455 3158 3765 3202 vestrorum
3826 3165 3985 3202 men-

723 3235 990 3302 ὐπὲλθητε
1032 3234 1251 3296 κόπους,
1297 3231 1391 3284 τοῦ
1441 3234 1639 3302 μέτρου
1679 3231 1787 3283 τῶν
1838 3232 2089 3301 πατέρων
2139 3233 2292 3300 ὑμῶν

720 3326 973 3393 οὐδαμῶς
1036 3323 1333 3392 ὲφίκοισθε·
1366 3323 1506 3376 ὥστε
1553 3323 1614 3375 οὐ
1655 3322 1849 3390 βλάϐη,
1890 3323 2004 3375 ἀλλ’
2057 3324 2291 3390 ὠφέλεια

725 3416 923 3484 μᾶλλον
969 3415 1032 3465 ἐκ
1076 3412 1165 3466 τοῦ
1200 3414 1410 3482 ὁμιλεῖν
1461 3410 1719 3475 τοιούτοις
1763 3412 2065 3468 ἀκολουθεῖ.
2123 3414 2293 3466 Τοῦτο

721 3505 913 3567 είπὼν,
970 3502 1123 3566 αὖθις
1169 3506 1381 3570 σιωπὴν
1432 3505 1615 3567 αὐτοῖς
1666 3504 2059 3574 παραγγέλλει,
2087 3506 2180 3557 καὶ
2232 3506 2291 3557 τὸ

722 3600 885 3669 μηδὲν
928 3599 1062 3659 ὅλως
1111 3598 1244 3667 πρὸς
1282 3598 1596 3668 γνωρισμον
1630 3595 2143 3665 πταραφθεγξασθαιο
2193 3600 2289 3651 αὺ-

715 3691 826 3752 τοῖς
852 3692 960 3749 τοῖς
994 3690 1281 3756 πράγμασι
1312 3690 1408 3758 τὴν
1438 3688 1742 3756 φανέρωσιν
1770 3691 2098 3757 ἐπιτρέπων.

790 3783 920 3834 KH'.
953 3782 1101 3833 Ἐπεὶ
1133 3781 1188 3833 δὲ
1213 3784 1302 3832 καὶ
1335 3780 1655 3840 ἀπελθόντες
1684 3781 1819 3851 πρὸς
1848 3781 1908 3833 τὸ
1936 3784 2129 3847 φαγεῖν
2160 3800 2288 3835 κατ-

718 3871 1029 3939 εκλίθησαν,
1081 3871 1308 3939 ἠρώτων
1357 3872 1405 3922 οί
1444 3871 1550 3922 τῶν
1583 3871 1788 3923 παίδων
1834 3872 2090 3940 πατέρες,
2142 3875 2284 3936 Πῶς,

720 3961 901 4027 Πάτερ
922 4000 935 4020 ,
966 3961 1234 4026 λέγοντες,
1284 3960 1351 4011 τά
1377 3960 1540 4009 τέκνα
1568 3959 1722 4027 ἡμῶν
1758 3960 1868 4027 ἔχει
1900 3977 1913 4023 ;
1963 3961 2018 4011 Ὀ
2052 3960 2130 4023 δὲ,
2170 3964 2283 4014 Ka-

717 4053 847 4118 λῶς,
877 4053 977 4122 ἔφη
1010 4070 1021 4082 ·
1058 4051 1204 4120 ἀγὼν
1235 4051 1342 4119 γὰρ
1374 4052 1554 4112 αὐτοῖς
1598 4054 1764 4102 σῷσαι
1813 4052 1911 4116 τὴν
1952 4052 2158 4102 ἑαυτῶν
2184 4052 2285 4117 eu-

717 4146 837 4211 χήν.
868 4144 1117 4193 Κάκεῖνοι
1150 4142 1278 4208 εὐχῇ
1314 4141 1402 4190 τὸν
1433 4139 1525 4189 τοῦ
1549 4141 1799 4207 γέροντος
1832 4137 1987 4203 λόγον
2015 4140 2091 4199 εἰς
2117 4140 2283 4207 πέρας

716 4235 891 4285 ἐλθεῖν
917 4234 1175 4300 ἠξίωσαν,
1209 4228 1341 4283 Εἶτα
1361 4231 1617 4299 προσθεὶς
1639 4232 1664 4280 ὸ
1693 4229 1973 4291 θεσπέσιος
2003 4228 2251 4296 Ξενοφῶν
2269 4271 2283 4293 ,

728 4325 813 4386 Ὠς
868 4324 1020 4376 καλοί
1070 4340 1181 4382 σον.
1241 4323 1364 4390 ἔφη,
1403 4323 1607 4389 Πάτερ,
1653 4321 1701 4370 οἱ
1754 4320 1992 4387 μαθηταὶ
2028 4320 2119 4372 καὶ
2167 4320 2284 4387 Θεῷ

714 4417 813 4465 τὰν
840 4417 929 4466 οὑν
967 4416 1042 4483 (l)
1098 4414 1455 4481 διακείμενοι,
1503 4413 1593 4464 καί
1632 4429 1732 4479 μου
1784 4412 2059 4479 κατάκρας
2106 4413 2282 4481 χαίρει

2402 3253 2585 3290 suram
2630 3240 2948 3292 accessisse.
2980 3238 3347 3304 Quamobrem
3377 3253 3481 3290 non
3517 3249 3623 3291 tam
3645 3240 3863 3307 jactura
3890 3256 3985 3291 vo-

2402 3328 2508 3391 bis,
2553 3346 2719 3397 quam
2755 3331 2961 3384 utilitas
2995 3346 3059 3383 ex
3099 3344 3288 3383 eorum
3334 3345 3628 3397 congressu
3666 3330 3982 3383 obventura

2399 3430 2501 3474 est.
2559 3421 2653 3473 llis
2688 3422 2873 3485 dictis,
2918 3438 3135 3475 rursum
3196 3422 3263 3474 iis
3310 3421 3591 3474 silentium
3643 3424 3979 3488 praescrihit,

2401 3514 2509 3566 imo
2537 3514 2604 3567 ab
2639 3515 2786 3567 omni
2846 3529 2903 3567 re
2937 3530 3056 3583 qua:
3093 3512 3419 3581 cognitionis
3466 3528 3594 3566 ansa
3640 3528 3758 3567 esse
3788 3528 3986 3581 queat,

2400 3607 2465 3660 ad
2506 3608 2657 3675 ipsos
2693 3606 3015 3675 parentibus
3048 3606 3391 3666 indicandos,
3421 3605 3695 3659 abstinere
3718 3604 3905 3672 jubet.

2470 3771 2703 3827 XXVIII.
2738 3773 2837 3829 Ubi
2884 3782 3064 3827 autem
3100 3772 3163 3826 ad
3190 3771 3515 3825 sumendum
3554 3772 3737 3826 cibum
3765 3788 3979 3828 conve-

2399 3879 2620 3932 nerunt,
2648 3870 2757 3937 jam
2789 3868 3139 3922 considentes
3188 3882 3378 3934 rogare
3411 3876 3715 3934 coeperunt,
3766 3864 3835 3919 [ι
3873 3868 3979 3921 lia-

2400 3961 2553 4021 bent,
2580 3976 2610 4012 o
2631 3959 2815 4023 I‘atcr,
2849 3960 2943 4013 ﬁlii
2968 3958 3180 4011 nostri?
3207 3959 3473 4019 Perhelle,
3498 3959 3773 4010 aitsenex.
3801 3958 3980 4012 Nam-

2394 4070 2500 4123 que
2535 4055 2636 4105 hoc
2682 4067 2846 4103 unum
2901 4052 3172 4109 laborant,
3204 4060 3259 4102 ut
3295 4059 3515 4102 servent
3565 4050 3777 4101 animos
3816 4065 3971 4103 suas.

2395 4146 2533 4198 Tum
2570 4145 2643 4197 illi
2677 4144 3009 4211 supplicant,
3045 4154 3103 4194 ttt
3152 4157 3334 4193 rerum
3385 4142 3631 4191 omnium
3671 4156 3793 4208 quae
3841 4143 3975 4195 ﬁliis

2393 4236 2725 4288 II('CIIII.-§CI|[
2750 4234 2962 4287 tandem
2992 4238 3358 4286 narrationi-nt
3391 4233 3655 4285 absolvat.
3682 4236 3757 4286 Ac
3778 4236 3977 4289 subdi-

2393 4328 2471 4380 dit
2505 4327 2989 4395 przestantissimus
3018 4325 3321 4392 Xenophon
3360 4342 3371 4374 :
3401 4324 3570 4388 Quam
3608 4327 3841 4394 egregii.
3872 4327 3977 4380 Pa-

2394 4428 2495 4481 ter,
2528 4428 2655 4472 sunt
2704 4419 2755 4470 hi
2795 4420 2870 4469 tui
2918 4418 3194 4484 discipuli,
3232 4432 3503 4485 quamque
3560 4418 3613 4468 in
3646 4416 3815 4469 Deum
3856 4430 3972 4471 tota

716 4505 800 4557 ἐπ’
835 4506 1016 4567 αὐτοῖς
1042 4507 1074 4572 ἡ
1122 4505 1296 4573 ψυχὴ,
1334 4505 1427 4554 καὶ
1457 4503 1546 4554 τὸν
1573 4502 1849 4571 ὀθςραλμὸν
1882 4503 2077 4571 ἥδομαι
2111 4519 2278 4569 προσ-

2401 4522 2562 4567 nente
2585 4510 2876 4579 propensi?
2899 4508 3095 4561 Eorum
3125 4524 3253 4561 sane
3276 4522 3533 4561 occursus
3560 4524 3683 4559 cum
3716 4508 3973 4564 animum

715 4594 925 4647 ϐάλλων
973 4598 1174 4657 αὐτοῖς.
1232 4591 1396 4658 Εὖξαι
1443 4594 1751 4662 τοιγαροῦν,
1795 4594 2035 4646 θειότατε
2073 4596 2277 4665 Πάτερ,

716 4687 810 4738 καὶ
874 4687 1000 4749 τους
1061 4688 1209 4750 υίοὺς
1270 4686 1427 4757 ἡμῶν
1495 4685 1764 4753 ἀποϐῆναι
1820 4686 2109 4748 τοιούτους.
2177 4688 2285 4739 Καὶ

712 4775 856 4829 οὓτω
921 4779 1020 4845 μὲν
1090 4780 1117 4830 ὁ
1181 4778 1483 4847 θαυμάσιος
1561 4778 1809 4846 Ξενοφῶν
1860 4780 1916 4830 ὲν
1968 4779 2158 4848 ἀγνοίᾳ
2218 4780 2284 4830 τὰ

713 4868 907 4920 ἑαυτοῦ
947 4869 1207 4933 ἐπαινῶν,
1261 4871 1369 4927 καὶ,
1402 4871 1538 4939 ὅπερ
1577 4870 1676 4939 ήδη
1714 4871 1771 4921 ὲν
1805 4871 1991 4938 χερσὶν
2027 4867 2159 4939 εἶχε,
2213 4873 2281 4924 δι’

678 4946 877 5030 εὐχῆς
929 4961 1073 5024 ἕξειν
1120 4961 1460 5031 ποιούμενος.
1509 4962 1566 5013 ’0
1593 4962 1774 5030 μέντοι
1821 4962 1985 5023 πολὺς
2026 4962 2125 5031 τὴν
2163 4963 2285 5014 σύν-

712 5071 828 5105 ισιν
856 5055 1054 5123 γέρων,
1088 5052 1221 5106 Εἰπέ
1258 5072 1369 5123 μοι,
1410 5053 1535 5123 ἔφη,
1557 5054 1746 5105 τέκνον
1781 5054 1939 5123 (πρὸς
1968 5054 2057 5105 τὸν
2090 5055 2284 5124 Ἀρκά-

710 5150 819 5201 ὃιον
853 5146 1104 5216 ἀπιδὼν).
1143 5148 1301 5209 ποίας
1355 5148 1453 5216 μὲν
1498 5147 1703 5208 πόλεως
1753 5145 1836 5212 si;
1877 5147 2041 5198 ποίων
2076 5147 2132 5199 δὲ
2187 5164 2279 5212 γο-

712 5240 884 5305 view;
923 5242 1079 5303 ποίας
1112 5239 1167 5291 δὲ
1196 5240 1293 5309 τῆς
1327 5240 1633 5307 ἀνατροφῆς
1668 5237 1854 5308 ἔτυχες
1884 5254 1898 5299 ;
1932 5238 2073 5306 Ilqu
2107 5236 2280 5291 ταῦτα

714 5336 742 5385 ὁ
774 5332 914 5395 θεῖος
955 5331 1253 5402 ’Δρκάδιος,
1289 5332 1446 5399 Ἐγὼ,
1478 5332 1604 5401 ἔφη,
1635 5331 1835 5400 Πάτερ,
1861 5330 1955 5382 τοῦ
1986 5327 2275 5394 Βυζαντίου

716 5425 817 5495 μὲν
864 5425 1149 5495 ὥρμημαιο
1182 5426 1293 5487 υίὸς
1330 5426 1386 5477 δέ
1433 5427 1545 5493 είμι
1571 5423 1770 5490 γονέων
1816 5423 2051 5488 εὐγενῶν
2085 5422 2180 5487 (ὡς
2212 5421 2272 5472 τὸ

710 5514 906 5582 ἀληθὲς
961 5515 1225 5584 βούλεται)
1277 5518 1369 5569 καὶ
1419 5514 1752 5584 περιφανῶν.
1805 5514 2010 5583 Ὀνομα
2055 5513 2131 5584 τῷ
2180 5514 2276 5582 μὲν

710 5605 881 5674 πατρὶ
913 5603 1178 5672 Ξ;νοφῶν,
1213 5607 1279 5674 τῇ
1319 5607 1483 5673 μητρὶ
1525 5604 1582 5655 δὲ
1629 5604 1835 5673 Μαρία,
1881 5602 2086 5672 ὡραίαν
2140 5604 2273 5673 μετὰ

785 5787 858 5853 (ll
892 5783 981 5837 Sic
1014 5786 1202 5835 Coticx.
1251 5782 1301 5837 S.
1326 5783 1602 5839 ribemltttn
1632 5786 1720 5835 τὸν
1754 5786 1895 5837 νοῦν.

2389 4620 2566 4657 meum
2606 4615 2820 4654 summo
2859 4596 3371 4667 perfunditgatdio,
3404 4607 3513 4649 tum
3539 4596 3729 4648 oculos
3762 4597 3973 4665 jucun-

2385 4695 2612 4750 dissinta
2650 4693 2929 4761 voluptate
2959 4691 3243 4743 exlnlarat.
3271 4688 3534 4754 Quocirca
3588 4688 3763 4740 Deum
3806 4692 3976 4745 obse-

2384 4800 2497 4848 cra,
2526 4784 2869 4836 divinissime
2900 4783 3076 4841 Pater,
3102 4790 3160 4833 ut
3194 4789 3248 4832 et
3277 4780 3448 4832 nostri
3474 4778 3635 4831 liberi
3671 4781 3808 4833 tales
3834 4797 3974 4835 eva-

2383 4878 2532 4931 dant.
2552 4876 2627 4929 Ita
2646 4872 2997 4927 admirandus
3025 4871 3323 4940 Xenophon
3359 4872 3513 4939 plane
3539 4872 3751 4925 insc.us
3784 4874 3977 4926 laud.t

2386 4984 2474 5022 res
2505 4982 2655 5027 suas,
2690 4974 2744 5019 et
2776 4964 2919 5029 quod
2960 4965 3013 5015 in
3053 4964 3308 5014 manibus
3335 4970 3473 5023 erat,
3514 4960 3567 5013 id
3614 4964 3757 5015 votis
3783 4966 3973 5016 omni-

2384 5062 2487 5115 bus
2508 5059 2818 5128 expctebat.
2850 5059 2917 5109 At
2966 5056 3406 5124 sapicntissuntts
3448 5069 3612 5108 senex
3663 5056 3973 5110 Arcadium

2382 5152 2619 5212 intuens,
2682 5151 2813 5217 Age,
2847 5147 3042 5213 inquit,
3094 5145 3189 5207 (ili,
3229 5160 3347 5212 qua:
3384 5153 3470 5197 tua
3517 5145 3585 5197 sit
3634 5149 3839 5213 patria.
3874 5150 3974 5215 Qui

2381 5246 2656 5308 parentes,
2686 5252 2807 5304 qua:
2836 5234 3115 5297 educatio,
3164 5234 3324 5288 nobis
3350 5234 3613 5287 edissere.
3667 5234 3773 5288 Cui
3826 5238 3975 5290 ειμι-

2389 5346 2493 5384 ntts
2521 5330 2789 5383 Arcadius
2816 5347 2829 5382 :
2861 5328 3126 5397 Equidem
3164 5325 3422 5395 Byzantio
3453 5326 3559 5380 huc
3604 5329 3831 5381 adveni.
3861 5329 3973 5383 Ρα-

2399 5419 2645 5474 rentibus
2699 5431 2881 5472 autem
2948 5417 3244 5481 nobilibus,
3291 5424 3345 5470 et
3394 5424 3453 5467 ut
3510 5415 3693 5469 dicam
3736 5419 3913 5470 omni:
3943 5436 3980 5471 ο

2386 5513 2531 5582 quod
2558 5526 2645 5566 res
2671 5520 2775 5572 est,
2813 5510 3121 5564 illustribus
3151 5520 3312 5562 natus
3333 5522 3474 5561 sum.
3511 5506 3660 5560 Patri
3704 5522 3833 5563 meo
3868 5525 3975 5563 no-

2386 5620 2508 5658 men
2556 5613 2675 5660 erat
2708 5602 3033 5674 Xenophon,
3071 5601 3231 5655 matri
3284 5600 3466 5668 Maria,
3519 5601 3577 5656 in
3604 5614 3844 5668 corpore
3873 5618 3969 5650 va-
