4148 6486
114 390 269 455 1055
1155 401 1324 459 VITA
1364 405 1420 463 S.
1467 405 1787 469 JOANNIS
1825 411 2356 474 CHRYSOSTOMI
3264 420 3398 485 1066

107 505 324 571 δῶμεν,
350 506 615 570 φήσαντα,
639 507 735 573 τῆς
759 508 1008 560 ἐντεῦθεν
1035 511 1292 581 ἀναχωρή
1306 531 1459 575 σεως.
1490 518 1552 566 (li
1603 537 1698 585 μεν

1807 521 1984 574 cedat.
2009 522 2085 574 Illi
2109 539 2238 592 ergo
2264 524 2365 583 his,
2387 537 2507 590 qua:
2522 522 2662 576 dicta
2693 533 2841 585 sunt,
2867 526 3248 596 obstupefacti,
3273 531 3402 587 hinc.

104 591 210 647 οῦν
251 597 348 647 ἐττί
388 599 496 657 τοῖς
527 597 796 666 λεχθεῖσιν
817 601 1187 667 ἐκπλαγέντες
1215 605 1314 670 τὴν
1349 607 1538 676 ἀκοὴν,
1580 627 1698 662 τεκ-

1809 614 2068 682 deinec-ps
2112 615 2354 668 futuram
2415 616 2534 684 ejus
2589 616 2750 666 vitam
2806 617 3194 685 conjiciebant,
3254 623 3396 690 quod

108 687 310 754 μηρίῳ
366 689 539 756 τούτῳ
573 692 663 741 καὶ
694 691 819 760 περὶ
844 693 903 744 τὸ
930 694 1118 746 λοιπὸν
1157 697 1398 764 ἐχρῶντο
1437 700 1530 750 τοῦ
1564 701 1698 769 βίου,

1811 707 2017 759 scilicet
2063 720 2208 762 esset
2254 710 2499 763 facturus
2555 727 2745 776 magna
2811 723 2866 765 et
2919 714 3278 768 admirabilia.
3335 715 3398 769 lit

106 781 198 828 ὅτι
226 779 510 847 παράδοξα
540 783 755 845 πάντως
783 783 935 836 ἔσται
957 788 1047 837 καὶ
1079 787 1340 854 μεγαλεῖα
1368 790 1692 859 διαπραττόο

1810 799 1946 850 facta
1981 801 2069 866 qui
2097 802 2343 856 lemsunt
2377 819 2565 855 revera
2629 804 3068 866 innumerabilia,
3118 806 3224 860 Deo
3281 809 3394 877 glo-

111 890 312 939 μενος.
365 874 473 925 Καὶ
504 877 693 940 γέγονε
751 877 849 945 μὲν
908 878 1145 946 ἀληθῶς,
1197 881 1371 949 μυρία
1431 882 1524 934 τοῦ
1568 883 1698 936 Θεοῦ

1810 893 2333 965 riﬁcanlemagnum
2365 896 2510 949 illum
2556 897 2606 948 in
2665 898 2940 966 operibus.
2996 897 3158 954 Nobis
3211 913 3391 955 autem

106 964 309 1015 τοῦτον
343 967 434 1016 ἐπὶ
472 967 580 1018 τῶν
619 968 794 1039 ἕργῳν
841 970 1173 1032 δοξάζοντος.
1245 971 1408 1040 Ἡμῖν
1438 975 1492 1025 δέ
1530 976 1688 1041 ὀλίγα

1811 1001 1978 1054 pauca
2007 996 2063 1038 et
2095 987 2280 1056 paucis
2303 1000 2429 1042 sunt
2450 991 2717 1042 narranda
2755 1006 2852 1058 pro
2876 991 3103 1045 viribus.

109 1054 316 1105 x1188
347 1055 567 1122 ὀλίγων,
623 1059 795 1128 ὁπόση
846 1059 1096 1130 δύναμις,
1143 1063 1207 1115 ἐκ
1237 1063 1446 1116 τούτων
1501 1066 1698 1135 διηγη-

109 1143 267 1195 τὲον.

188 1282 282 1348 ς’.
326 1283 492 1354 Ἀνήρ
535 1303 618 1347 τις
677 1288 1010 1357 ’Δντιοχευς,
1051 1291 1111 1344 τδ
1167 1292 1322 1359 γένος
1374 1298 1696 1364 περιψανὴς,

1879 1302 1961 1358 γι,
2008 1302 2098 1354 Vir
2155 1305 2371 1370 quidam
2424 1305 2817 1369 Antitichenus,
2878 1307 3105 1360 illustris
3155 1323 3380 1375 genere,

104 1375 209 1426 τὸν
235 1375 352 1443 βίον
399 1377 718 1446 πολυτελης,
746 1380 884 1450 νόσῳ
901 1385 1008 1434 τινί
1043 1385 1345 1455 περιαλγὴς
1373 1389 1432 1438 τὸ
1465 1389 1698 1458 ἡμίκρα-

1808 1394 1911 1447 vita
1972 1395 2288 1463 splendidus
2316 1405 2370 1449 et
2399 1397 2740 1464 magniﬁcus.
2782 1399 2972 1450 morbo
2998 1399 3232 1466 quodam
3269 1415 3386 1451 nia-

103 1486 203 1517 νον
226 1470 491 1533 ἐγεγόνει.
513 1470 761 1540 Τοσαύτη
783 1471 839 1523 δὲ
869 1475 899 1540 ἠ
923 1475 1017 1526 τοῦ
1039 1477 1243 1538 πάθους
1266 1478 1417 1548 ἀκμὴ
1441 1483 1534 1532 καὶ
1555 1481 1696 1534 οὕτω

1803 1502 1967 1551 gnum
2034 1487 2303 1540 sentiebat
2364 1488 2605 1540 dolorem
2659 1490 2712 1540 in
2765 1490 2941 1542 media
2986 1499 3136 1558 parte
3190 1489 3383 1542 cranii.

107 1561 392 1622 σύντονος,
427 1561 500 1623 ὡς
531 1564 619 1614 τὸν
651 1563 928 1634 ὀφθαλμὸν
981 1568 1250 1622 ἐκστάντα
1281 1571 1376 1638 τῆς
1427 1573 1591 1641 ἕδρας
1632 1578 1696 1644 τῇ

1804 1574 1978 1628 'i‘anta
2037 1585 2218 1628 autem
2276 1585 2393 1628 erat
2449 1576 2529 1628 vis
2563 1578 2734 1630 morbi
2768 1591 2823 1631 et
2877 1579 3014 1633 adeo
3058 1581 3293 1640 intensa,
3330 1587 3390 1632 ut.

103 1651 208 1703 τοῦ
237 1653 412 1704 κακοῦ
439 1655 666 1722 δυνάμει
692 1660 856 1709 πᾶσιν
887 1660 1117 1729 ὁρᾶσθαι
1142 1703 1157 1726 ,
1187 1666 1418 1733 πρᾶγμα
1441 1665 1693 1733 δακρύων

1802 1666 1994 1719 oculus
2025 1667 2154 1720 sede
2195 1677 2341 1720 esset
2372 1678 2606 1731 emotus,
2639 1679 2695 1722 ut
2729 1670 2820 1738 qui
2871 1671 2920 1724 vi
2961 1673 3086 1725 ntali
3135 1689 3240 1725 non
3292 1687 3389 1738 po-

105 1746 290 1808 ἀξιον.
361 1747 561 1800 Τοῦτον
615 1750 695 1811 εἰς
728 1749 826 1819 τὴν
860 1744 1030 1821 μονὴν
1060 1755 1418 1824 ἀφικόμενον,
1450 1753 1560 1828 ἐνῇ
1607 1758 1696 1808 τὸν

1806 1758 1998 1811 tuisset
2064 1760 2316 1812 resistere
2355 1775 2368 1810 :
2401 1770 2458 1812 et
2489 1761 2558 1812 ita
2591 1760 2868 1813 videretur
2903 1763 3160 1815 omnibus
3192 1778 3276 1814 res
3309 1764 3386 1814 la-

107 1841 293 1908 μέγαν
347 1839 611 1894 διατελεῖν
637 1838 726 1912 ἦν,
759 1844 930 1899 πολλὰ
989 1847 1088 1916 μὲν
1143 1849 1371 1913 δεῖσθαι,
1419 1851 1615 1914 πολλὰς
1638 1851 1693 1902 δὲ

1801 1850 2126 1920 cryinahilis.
2187 1851 2235 1902 Is
2279 1867 2401 1902 eum
2457 1852 2697 1904 venisset
2760 1853 2825 1905 ad
2870 1854 3285 1916 monasterium,
3331 1856 3380 1906 in

106 1931 252 1997 πρὸς
282 1931 434 1983 ἔλεον
480 1933 703 2000 ἀφιέναι
733 1936 937 2002 φωνὰς,
979 1938 1076 2008 τὴν
1105 1938 1402 2010 θεραπείαν
1441 1941 1695 2012 αὶτούμε⁸

1802 1957 1910 2009 quo
1939 1942 2164 2011 degebat
2198 1957 2426 2011 magnus
2453 1942 2712 2006 Joannes,
2768 1945 2997 1997 multum
3029 1945 3246 2013 quidem
3293 1963 3383 1998 ro-

104 2040 222 2074 νον⁸
282 2025 376 2076 τὸν
398 2025 452 2077 δέ
481 2027 572 2078 καὶ
637 2030 991 2098 συμπαθῆσαι
1028 2035 1127 2102 μὲν
1159 2036 1298 2099 (πῶς
1322 2039 1430 2108 γὰρ
1469 2039 1528 2090 οὐ
1561 2039 1697 2090 πάν-

1801 2037 1959 2103 gahat
1993 2053 2003 2086 :
2042 2035 2240 2088 multas
2263 2045 2444 2088 autem
2475 2036 2939 2089 emittebatvoces
2971 2037 3036 2090 ad
3064 2037 3382 2090 movendam

105 2133 219 2167 των
249 2117 382 2168 ὄντα
432 2118 984 2190 φιλανθρωπότατον;
1021 2127 1037 2192 )
1079 2128 1432 2196 είρηκέναιδὲ
1488 2134 1694 2202 μοχθη-

1805 2125 2253 2187 niiserieordiam,
2311 2135 2503 2193 petens
2549 2127 2910 2180 curationem.
2975 2125 3024 2180 Is
3087 2143 3217 2182 vero
3283 2129 3385 2183 fuit

106 2207 218 2271 ρῶν
252 2206 436 2274 ἔργων
465 2202 605 2261 εἶναι
631 2211 806 2264 ταῦτα
834 2216 928 2266 καὶ
958 2216 1056 2284 τῆς
1085 2219 1163 2280 εἰς
1179 2219 1415 2287 Χριστὸν
1438 2223 1693 2285 ἀπιστίας

1799 2217 2015 2284 quidem
2052 2219 2330 2269 misertus.
2367 2217 2564 2280 Quidni
2602 2217 2767 2278 enim.
2802 2235 2924 2271 cum
2953 2230 3100 2274 esset
3135 2223 3377 2275 oinnintn
3424 2265 3427 2268 .

102 2299 390 2369 ἐπίχειρα.
431 2301 491 2353 Ei
534 2302 626 2354 οῦν
675 2305 774 2376 ὅλῃ
819 2309 883 2376 τῇ
935 2308 1082 2378 ψυχῇ
1113 2312 1286 2380 τούτῳ
1353 2316 1690 2382 προσέλθοις,

1803 2309 2085 2361 hominum
2137 2309 2632 2363 clementissimus?
2665 2310 2800 2364 Dixit
2844 2323 3049 2374 autem,
3109 2315 3221 2366 ha-c
3261 2330 3381 2367 esse.

106 2393 199 2440 καὶ
271 2392 384 2444 τῶν
442 2398 725 2466 προτέρων
771 2400 1146 2469 ἀποσχόμενος
1205 2406 1687 2475 ἐπιτηδευμάτων,

1799 2404 2026 2470 prmmia
2065 2406 2453 2456 sceleratorum
2487 2401 2776 2462 factorum.
2807 2414 2859 2457 et
2888 2405 2940 2457 in
2973 2406 3251 2460 Christum
3297 2408 3378 2459 in-

106 2483 339 2550 ἀγωγὴν
370 2485 634 2557 μετέλθῃς
652 2488 813 2555 φίλην
848 2491 997 2558 αὐτῷ
1022 2495 1115 2544 καὶ
1142 2495 1502 2563 ἀρέσκουσαν,
1534 2501 1687 2553 οὐδὲν

1799 2494 2158 2548 credulitatis.
2229 2495 2284 2547 Si
2317 2509 2467 2564 ergo,
2524 2495 2722 2558 aiebat,
2767 2507 2878 2549 toto
2926 2498 3108 2551 animo
3145 2499 3211 2551 ad
3253 2515 3377 2552 eam

104 2575 161 2624 τὸ
192 2575 409 2627 κωλύον
458 2577 608 2630 ἔσται
667 2580 762 2632 καὶ
807 2581 904 2650 τὴν
961 2577 1054 2636 τοῦ
1123 2586 1416 2649 λυποῦντος
1465 2591 1690 2653 ἕψεσθαι

1797 2587 2115 2646 accesseris,
2144 2596 2198 2638 et
2230 2586 2426 2639 deinde
2461 2586 2733 2652 prioribus
2771 2587 2974 2640 relictis
3006 2588 3220 2645 studiis.
3257 2588 3378 2641 vita:

107 2664 438 2733 θεραπείαν.
494 2668 596 2721 Τοῦ
638 2670 692 2722 δὲ
720 2675 813 2725 καὶ
847 2675 1131 2727 πιστεύειν
1167 2679 1578 2746 ὁμολογοῦντος,
1601 2686 1692 2735 καὶ

1799 2677 2061 2729 rationem
2107 2692 2393 2745 aggressus
2442 2677 2610 2730 fueris
2661 2677 2707 2730 ei
2751 2689 2956 2747 gratam
3009 2689 3063 2732 et
3097 2681 3374 2745 inundant,

106 2757 322 2823 ἀμείνω
360 2759 514 2827 θήσει
544 2763 635 2812 τον
692 2763 806 2830 βίον
846 2767 1306 2836 ὑπισχνουμένου,
1343 2774 1478 2841 πρὸς
1507 2775 1563 2825 δέ
1597 2775 1690 2828 καὶ

1797 2768 1933 2820 nihil
1963 2768 2067 2822 erit
2089 2769 2230 2836 quod
2262 2769 2460 2832 obstet,
2492 2785 2605 2837 quo
2655 2772 2833 2823 minus
2865 2780 3125 2838 sequatur
3165 2774 3376 2824 curatio

108 2847 199 2907 ti;
261 2848 429 2913 ἁγίας
475 2853 690 2913 ἐκείνας
751 2857 1178 2924 καταφιλοῦντος
1229 2865 1439 2930 χεῖρας,
1513 2867 1605 2918 καὶ
1630 2867 1688 2917 τὸ

1801 2860 1940 2928 ejus,
1980 2863 2122 2929 quod
2156 2871 2205 2914 te
2233 2862 2462 2915 cruciat.
2495 2862 2628 2916 Cum
2660 2862 2704 2916 is
2725 2871 2906 2916 autem
2939 2873 2991 2916 et
3022 2879 3080 2915 se
3116 2864 3378 2918 fateretur

108 2942 325 3006 ίματιον
356 2943 432 3011 τῷ
472 2944 726 3010 ἀλγοῦντι
761 2948 917 3018 μέρει
950 2944 1377 3020 πρὸσάπτοντος.
1408 2959 1502 3025 οἰχ
1538 2960 1570 3025 η
1603 2974 1688 3009 κε-

1795 2953 2039 3016 eredere,
2074 2963 2128 3006 et
2168 2953 2516 3022 polliceretur
2545 2956 2706 3008 vitam
2739 2967 2947 3008 mutare
2975 2956 3026 3009 in
3061 2959 3273 3020 melius,
3318 2971 3374 3013 et

109 3035 248 3101 ςαλὴ
298 3036 438 3102 μόνη
481 3042 574 3105 τῆς
623 3039 814 3108 ὀδύνης
872 3044 1211 3111 ἀπήλλακτο,
1271 3049 1404 3102 ἀλλὰ
1443 3053 1588 3103 καὶὸ
1621 3055 1684 3120 τῇ

1796 3045 1940 3097 illius
1983 3045 2317 3098 castissimas
2376 3062 2568 3099 manus
2598 3045 3022 3109 deoscularelur,
3077 3059 3128 3101 et
3166 3049 3371 3104 doleuii

111 3125 194 3194 βία
226 3127 438 3196 ταύτης
491 3132 844 3200 ἐκκρουσθεὶς
865 3136 1164 3206 ὀφθαλμὸς,
1201 3139 1390 3210 ὥσπερ
1420 3143 1686 3214 πρότερον

1794 3138 1927 3206 parti
1965 3148 2165 3190 vestem
2193 3141 2530 3200 a'.lmoveret,
2565 3154 2669 3190 non
2700 3139 2872 3192 solum
2907 3139 3008 3192 fuit
3038 3151 3198 3208 caput
3239 3143 3372 3196 lihe-

110 3219 243 3268 κατὶι
312 3219 498 3288 χώραν
523 3217 612 3290 ἦν.
650 3227 852 3293 Ἤρκει
900 3229 1059 3281 τοῦτο
1087 3231 1299 3300 λεχθὲν,
1327 3237 1421 3286 καὶ
1453 3237 1551 3305 τῆς
1587 3237 1679 3289 τοῦ

1795 3240 1967 3282 ratum
2025 3247 2052 3282 a
2110 3230 2317 3291 dolore,
2355 3231 2447 3283 sed
2495 3231 2659 3282 etiam
2716 3232 2926 3292 oculus,
2988 3233 3078 3301 qui
3119 3233 3167 3285 vi
3200 3234 3267 3286 ab
3301 3251 3367 3287 eo

111 3309 256 3369 ἁγίου
306 3311 545 3374 πίστεως
600 3314 869 3383 σύμϐολον
931 3321 1185 3384 γενέσθαι
1247 3325 1438 3391 σαφὲς,
1497 3333 1680 3397 καὶῆ-ι

1789 3321 1966 3373 fuerat
2004 3321 2345 3380 exturbatus,
2377 3321 2477 3374 fuit
2515 3322 2632 3374 loco
2665 3322 2828 3390 priori
2874 3325 3177 3376 restitutus.
3223 3326 3366 3380 Satis

107 3401 252 3468 οὗτος
279 3406 541 3458 ἐπλούτει
578 3414 727 3478 παρά
755 3412 847 3463 τοῦ
876 3413 1031 3478 θεοῦ,
1059 3418 1324 3486 γνωρίσαι
1359 3423 1550 3490 ῥοπήν.

1786 3422 1902 3464 erat
1933 3413 2053 3476 hoc,
2079 3413 2221 3480 quod
2253 3413 2457 3465 dictum
2487 3423 2590 3475 est,
2626 3423 2682 3465 ut
2713 3424 2858 3466 esset
2882 3417 3092 3482 sigurm
3135 3417 3363 3470 evidens

1787 3504 1909 3557 ﬁdei
1966 3506 2169 3568 sancti,
2231 3515 2286 3558 et
2351 3515 2405 3559 ut
2459 3505 2788 3576 signiﬁcaret
2862 3522 3115 3577 maguum
3177 3510 3364 3578 gratiae

1783 3597 2180 3665 adjumentum,
2206 3598 2348 3666 quod
2379 3613 2407 3649 a
2443 3597 2551 3650 Deo
2603 3608 2720 3651 erat
2749 3597 2953 3650 etTatitn
3009 3611 3360 3654 couSeeutus.

169 3689 238 3742 Z'.
294 3691 357 3741 ’0
389 3690 444 3741 δὲ
475 3690 633 3757 λόγος
661 3693 756 3746 καὶ
776 3693 962 3766 ἕτερον
988 3697 1080 3749 ἐπί
1098 3697 1272 3768 τούτῳ
1296 3700 1523 3752 διελθεῖν
1549 3702 1674 3769 βού-

1851 3709 1961 3763 VII.
1991 3709 2116 3764 Vult
2155 3722 2336 3765 autem
2362 3711 2534 3766 oratio
2569 3713 2800 3768 alterum
2830 3731 3045 3784 quoque
3100 3715 3358 3781 adjicere,

107 3781 266 3840 iet-:12,
309 3779 466 3830 οὐδὲν
521 3777 689 3853 ἦττον
745 3783 838 3836 τοῦ
884 3785 1247 3854 προλαϐόντος
1275 3789 1336 3841 τὸ
1366 3792 1673 3845 σιωπᾶσθαι

1785 3805 2132 3858 nihilominus
2195 3805 2557 3870 praecedente,
2602 3808 2747 3874 quod
2799 3823 3134 3876 nequaquam
3167 3823 3223 3862 se
3266 3824 3361 3876 pa-

110 3872 175 3938 μὴ
231 3873 586 3940 ἀνεχόμενον.
655 3875 747 3939 Τὸ,
804 3878 944 3929 κατά
971 3880 1060 3930 τὸν
1124 3881 1414 3949 Ἀρχέλαον
1456 3886 1671 3947 παντως

1785 3904 1916 3956 titur
1970 3905 2213 3956 mandari
2269 3905 2504 3958 silentio.
2543 3905 2858 3974 Cujusmodi
2897 3908 3040 3960 enim
3071 3910 3234 3961 fuerit
3282 3908 3358 3968 id.

105 3966 254 4032 φημὶ,
312 3966 410 4017 καὶ
459 3961 526 4036 ἦς
595 3966 784 4036 ἔτυχεν
839 3970 1043 4033 ἐκεῖνος
1111 3972 1574 4043 θαυματουργίας·
1610 3978 1670 4040 ὃς

1785 3996 1924 4065 quod
1951 3996 2214 4049 Archelao
2238 3997 2518 4052 acciderit.
2560 4000 2713 4052 scitis
2744 3999 2951 4067 utique,
2984 4009 3038 4051 et
3079 4001 3354 4067 quodnam

116 4060 440 4126 ’Λντιοχείας
469 4060 566 4127 μὲν
591 4059 774 4130 ἄρχων
804 4063 1100 4131 ἐτύγχανεν
1130 4064 1225 4125 ὣν,
1260 4069 1351 4118 καὶ
1381 4068 1446 4119 τὰ
1477 4069 1668 4138 πρῶτα

1785 4089 1832 4140 in
1861 4104 1982 4140 eum
2017 4088 2218 4141 factum
2252 4089 2416 4142 fuerit
2461 4090 2782 4143 miraculum
2815 4109 2826 4143 :
2861 4092 2953 4159 qui
2986 4102 3099 4144 erat
3138 4093 3356 4160 quidem

107 4152 276 4218 σέβων
329 4153 432 4217 τῆς
463 4152 690 4213 πόλεως·
723 4153 787 4205 ἔκ
807 4171 953 4216 τινος
982 4156 1039 4208 δὲ
1073 4158 1222 4226 αὑτῷ
1256 4159 1666 4230 συμπτώματος

1785 4192 1976 4244 [ιι-ωερε
2016 4177 2348 4234 Antiochiae.
2412 4187 2468 4230 et
2513 4178 2799 4232 obtinebat
2837 4183 3040 4247 printas
3078 4191 3262 4247 partes
3303 4183 3356 4236 itt

105 4243 409 4310 ἀπορρήτου
434 4242 608 4311 λέπρα
638 4243 714 4312 τῷ
758 4245 992 4315 μετώπῳ
1019 4264 1099 4308 τις
1135 4250 1496 4317 ἐπανθήσασα
1539 4255 1667 4319 σφό-

1785 4267 1992 4321 :ivitate
2023 4283 2034 4316 :
2079 4283 2278 4319 arcano
2309 4277 2488 4320 autem
2517 4283 2642 4322 casu
2669 4269 2815 4336 lepra
2846 4269 3112 4336 quaedam,
3142 4257 3261 4337 quaé
3302 4271 3353 4322 in

106 4331 195 4399 ὅρα
241 4335 458 4399 ἐλύπει,
493 4336 847 4407 διἀίσχύνης
880 4339 939 4392 τὸ
992 4339 1164 4403 παθος
1211 4342 1516 4411 τιθέμενον,
1571 4347 1663 4398 καὶ

1785 4359 1890 4427 ejus
1934 4357 2108 4411 fronte
2134 4357 2461 4420 etlloruerat,
2502 4373 2624 4411 eum
2667 4373 2858 4425 magna
2882 4359 3146 4412 alliciebat
3183 4359 3352 4412 mole-

110 4427 278 4488 σχεδὸν
318 4430 540 4479 ἃπασαν
598 4431 999 4497 ἐκτρεπόμενον
1047 4433 1188 4500 ὄψιν.
1225 4435 1401 4487 Πολλά
1443 4437 1541 4504 μὲν
1570 4437 1662 4489 οῦν

1785 4451 1894 4511 stia.
1927 4461 1984 4502 ut
2010 4465 2129 4517 quae
2161 4465 2284 4502 eum
2345 4449 2553 4517 pudore
2585 4448 2855 4511 alliceret,
2890 4460 2946 4503 et
2989 4450 3246 4507 ellieeret.
3298 4457 3355 4500 ut

111 4516 292 4585 ἰατρῶν
342 4519 508 4592 τέχνῃ
565 4519 742 4591 βοηθῷ
798 4525 1162 4592 χρησάμενος,
1214 4527 1364 4580 οὐδὲν
1411 4531 1698 4588 ἀπώνατο.

111 4608 250 4639 -ζέιεη
304 4611 334 4639 .3
397 4611 474 4639 -.Ἃ
519 4611 680 4639 ‘tl......
730 4613 1015 4639 ..-ιν--ο--
1069 4620 1170 4639 ,ΡΗ
1239 4621 1282 4639 sx
1347 4621 1388 4639 μ
1561 4624 1580 4639 ευ
1693 4632 1698 4639 .

1785 4541 2016 4594 amnium
2062 4541 2254 4594 vitaret
2285 4543 2493 4594 oculos.
2536 4543 2671 4595 Cum
2715 4542 2899 4611 itaque
2950 4543 3177 4595 multum
3221 4557 3353 4596 usus

107 4608 268 4667 πλέον,
304 4611 336 4677 ἢ
397 4611 474 4679 τῷ
519 4611 682 4680 λίχνῳ
730 4613 1021 4677 παίζεσθαι
1068 4620 1173 4670 τῶν
1235 4621 1487 4685 ἐλπίδων,
1561 4624 1698 4686 ἓως⁴

1785 4642 1920 4688 esset
1955 4634 2242 4696 medicina,
2275 4643 2332 4686 ut
2366 4649 2486 4702 qua!
2523 4643 2708 4702 posset
2733 4635 2781 4687 ei
2816 4649 2972 4703 opem
3007 4634 3166 4699 ferre,
3213 4633 3350 4687 nihil

103 4702 453 4770 ἠλέγχθησαν.
505 4705 628 4773 Ὀψὲ
651 4705 780 4773 γοῦν
813 4710 906 4760 καὶ
940 4711 1089 4776 μόλις
1119 4711 1210 4764 τὸν
1242 4714 1395 4782 ἆγιον
1428 4717 1507 4777 είς
1542 4717 1664 4769 νοῦν

1785 4727 1914 4779 aliud
1967 4726 2176 4778 fruetus
2208 4742 2270 4777 ex
2309 4741 2370 4778 ea
2419 4726 2667 4794 accepit,
2703 4741 2862 4795 quam
2915 4735 2973 4779 ut
3026 4741 3123 4796 spe
3153 4725 3349 4781 blanda

107 4793 438 4862 βαλλόμενος,
497 4801 589 4848 καὶ
650 4799 966 4871 θερμοτέρῳ
1015 4803 1284 4869 πνεύματι
1326 4808 1462 4877 πρὸς
1492 4809 1658 4862 αὐτὸν

1793 4819 2107 4879 lluderetur,
2139 4817 2315 4871 donec
2343 4819 2587 4871 constitit
2613 4834 2730 4872 eam
2757 4834 2876 4872 esse
2908 4820 3174 4876 fallacem.
3212 4820 3347 4873 Cum

107 4882 442 4953 ἀςεκέμενος,
488 4888 664 4940 ποδῶν
685 4907 743 4942 τε
799 4893 1003 4960 ἥπτετο
1061 4896 1170 4949 τῶν
1224 4899 1416 4967 ἁγίων.
1467 4903 1560 4954 καὶ
1605 4909 1664 4956 τὸ

1785 4921 1949 4964 tutem
1982 4919 2203 4963 sanctus
2236 4911 2322 4963 vix
2357 4911 2575 4964 tandem
2606 4913 2655 4964 ei
2685 4912 2925 4965 venisset
2973 4913 3026 4964 in
3078 4924 3344 4976 mentem,

109 4976 260 5040 πίθος
300 4980 540 5040 ἐδείκνυ,
575 4983 669 5034 καὶ
703 4983 1001 5052 θεραπείαν
1034 4987 1127 5039 τοῦ
1159 4989 1453 5055 λυποῦντος
1483 4995 1662 5063 ᾐτεῖτο

1785 5010 1819 5053 ξι
1845 5001 1908 5053 ad
1939 5016 2062 5054 eum
2097 5005 2328 5055 venisset
2353 5001 2666 5056 ferventiori
2688 5004 2900 5072 spiritu,
2923 5004 3096 5074 tetigit
3127 5015 3345 5058 sancle

108 5065 288 5119 λαὸεῖνο
317 5071 414 5121 τὸν
441 5071 496 5122 δέ
525 5073 618 5123 καὶ
675 5073 894 5142 ἐλεῆσαι
931 5075 1029 5145 τὴν
1073 5082 1380 5149 συμφορὰν,
1427 5085 1520 5137 καὶ
1546 5088 1660 5147 ταῖς

1788 5093 1884 5145 llos
1921 5093 2106 5161 pedes,
2140 5104 2192 5146 et
2219 5095 2466 5147 morbum
2497 5097 2756 5160 ostendit,
2786 5108 2841 5149 et
2871 5098 3026 5165 petiit
3064 5108 3123 5150 ut
3152 5114 3344 5151 conse-

107 5157 184 5208 τοῦ
219 5159 500 5228 δεηθέντος
531 5165 944 5236 ἐπικαμφθῆναι
974 5173 1194 5236 φωναῖς.
1221 5169 1351 5228 Εἶτα
1369 5178 1658 5245 ὁμολογίαν

1785 5196 2019 5252 meretur
2047 5186 2383 5238 curationem
2407 5187 2543 5253 ejus,
2567 5188 2711 5254 quod
2741 5189 2890 5240 illum
2923 5189 3058 5241 male
3086 5189 3335 5243 habebat.

109 5250 244 5300 αὑτὸν
295 5254 598 5320 ἀπαιτῆσαι
657 5259 909 5329 πονηρῶν
945 5262 1024 5322 εἰς
1052 5263 1111 5314 τὸ
1138 5264 1264 5334 ἑξῆς
1296 5267 1474 5335 ἔργων
1519 5273 1654 5324 ἀπο-

1787 5293 1811 5329 s
1841 5285 2020 5328 autem
2061 5287 2115 5330 et
2146 5277 2402 5332 misertus
2448 5278 2786 5339 calamitatis,
2846 5291 2902 5333 ut
2933 5282 3022 5349 qui
3055 5293 3199 5334 esset
3227 5281 3336 5335 cle-

107 5343 307 5403 τροπῆς,
368 5343 465 5393 καὶ
644 5346 753 5396 τῶν
783 5354 1304 5421 προημαρτημένων
1335 5358 1484 5428 αὐτῷ
1511 5361 1652 5430 διορ-

1785 5367 2150 5428 nentissunus,
2201 5381 2254 5420 et
2295 5367 2467 5420 ﬂexus
2499 5367 2601 5421 fuit
2629 5372 2900 5438 precantis
2933 5372 3171 5425 vocibus.
3226 5373 3332 5424 De-

110 5425 317 5492 θώςεως.
370 5434 457 5495 Ὠς
499 5419 550 5486 δέ
583 5439 788 5498 ἐκεῖνος
849 5419 1028 5495 πάντα
1059 5419 1230 5496 ποιεῖν
1260 5419 1645 5517 ἐπηγγέλλετο,

1829 5419 1834 5420 ,
1942 5419 1947 5420 ,
2113 5419 2150 5428 ,,
2214 5419 2220 5420 ,
2298 5419 2416 5420 γ
2448 5419 2460 5420 ,
2630 5419 2896 5438 ,γη-πη*
2944 5419 3171 5425 .--Ἤρη
3226 5419 3296 5424 _-

1785 5463 1882 5512 nsle
1909 5475 2033 5513 cum
2059 5476 2123 5513 eo
2152 5471 2340 5529 pactus
2370 5469 2472 5526 est,
2520 5473 2578 5516 ut
2621 5479 2650 5516 a
2686 5465 2838 5519 malis
2866 5467 3161 5520 declinaret
3195 5483 3328 5534 ope-

108 5520 186 5568 καὶ
213 5527 304 5591 τὴν
355 5525 656 5594 θεραπείαν
683 5533 957 5599 ἐπιμελῶς
988 5537 1408 5606 ἀντεπράττετο,
1465 5545 1648 5598 λαϐεῖν

1786 5552 1905 5604 ibus
1939 5553 2007 5606 de
2053 5564 2268 5614 caztero.
2325 5566 2516 5623 petens
2545 5557 2726 5619 etiam,
2781 5568 2837 5610 ut
2889 5559 3064 5627 priora
3105 5569 3323 5626 peccata

110 5608 242 5661 αὑτὸν
275 5617 616 5685 παραχρῆμα
646 5622 876 5682 κελεύει.
901 5627 994 5676 καὶ
1025 5628 1110 5678 ἐπ’
1134 5631 1355 5699 ὀνόματι
1380 5635 1472 5688 τοῦ
1514 5638 1648 5706 Χρι-

1788 5642 2072 5718 orrigeret.
2105 5643 2256 5708 Quod
2282 5645 2499 5712 quidem
2530 5664 2652 5700 eum
2690 5658 2832 5700 esset
2858 5649 3146 5716 pollicitus,
3182 5666 3323 5718 prie-

111 5704 214 5752 στοῦ
242 5704 426 5760 λοῦσαι
460 5708 537 5776 τῷ
568 5708 742 5775 ὕδατι,
769 5715 862 5780 ἀρ’
895 5710 1065 5786 οὗπερ
1115 5719 1233 5782 ἔθος
1292 5725 1466 5777 πίνειν
1519 5704 1643 5793 τοὺς

1785 5735 1869 5787 ιιιίι
1903 5735 1949 5788 ei
1976 5736 2344 5790 curationem:
2381 5738 2566 5792 dicens
2607 5741 2658 5792 in
2691 5740 2907 5793 nomine
2934 5741 3133 5796 Christi
3204 5744 3318 5794 lava

109 5789 358 5860 οἱελςνούς.
395 5801 598 5852 Τούτου
629 5803 682 5854 δὲ
723 5808 1034 5875 γενομένου,
1077 5811 1341 5884 κάθαρσις
1366 5819 1512 5889 αὐτῷ
1545 5825 1639 5891 τῆς

1785 5844 1799 5881 3
1827 5844 1982 5896 aqua,
2015 5829 2102 5882 ubi
2135 5828 2326 5882 fratres
2350 5831 2520 5883 solent
2552 5832 2754 5884 bibere.
2785 5832 2934 5895 Quod
2968 5849 3087 5886 eum
3118 5832 3316 5887 factum

397 5899 662 5959 ΡΑτῐιοι..
709 5906 820 5962 Gn.
864 5906 1074 5970 CXIV.

2892 5930 2965 5991 3’t
