4148 6486
794 437 932 501 1095

2049 443 2334 503 MENSIS
2370 441 2828 509 JANUARIUS.

3935 433 4039 500 10915

865 553 978 606 XX.
1037 551 1161 605 llaec
1211 558 1392 604 autem
1447 568 1553 604 non
1612 553 1787 606 Solllln
1848 554 2081 609 faciebat
2131 557 2184 608 in
2242 557 2375 608 urhe

2553 552 2635 607 K'.
2665 555 2854 607 Ταῦτα
2882 553 2939 605 δὲ
2973 553 3072 605 οὐκ
3102 555 3158 605 ἐν
3193 554 3329 625 μόνῃ
3350 557 3414 624 τῇ
3439 554 3671 625 βασιλίίι
3713 553 3834 604 τοῖιν
3870 551 4042 601 πόλεων

790 647 958 716 regia,
1005 660 1181 711 neque
1221 660 1313 697 eos
1342 645 1486 697 solos
1519 647 1809 699 exercebat
1843 649 1907 699 ad
1937 648 2194 700 virtutem
2233 691 2246 710 ,
2280 649 2372 698 scil

792 757 885 808 per
916 754 1134 790 omnem
1169 747 1368 790 terram
1400 739 1818 794 ostendebatur.
1848 750 1903 792 et
1935 741 2006 791 illi
2043 755 2188 793 curm
2219 748 2376 790 erant

789 845 980 882 omnes
1033 829 1300 893 ecclesiae,
1369 829 1593 898 ejusque
1643 847 1788 884 cura:
1851 847 1988 883 unus
2024 831 2170 883 .ﬁnis
2219 841 2373 883 erant

792 934 950 975 terra:
994 923 1235 977 termini.
1269 923 1463 976 Joanni
1493 925 1638 977 enim
1668 939 1813 978 cura:
1851 940 1959 978 non
1985 935 2141 978 erant
2175 941 2374 978 nicnsze

789 1027 840 1066 et
871 1018 1065 1083 epul.i-,
1101 1033 1365 1086 agrosque
1394 1017 1693 1086 possidere.
1725 1027 1777 1075 et
1820 1033 2110 1073 erumenas
2141 1017 2373 1087 replere,

788 1109 905 1162 etsi
938 1111 1063 1178 quid
1095 1121 1177 1162 est
1205 1110 1370 1170 aliud,
1400 1125 1633 1178 quorum
1671 1112 1851 1164 studio
1880 1112 2074 1181 vulgus
2107 1120 2325 1164 tenetur
2359 1151 2372 1173 ,

788 1203 887 1255 sed
925 1205 1024 1254 hoc
1073 1211 1192 1255 erat
1222 1203 1266 1255 ei
1299 1219 1450 1266 cura,
1485 1219 1606 1272 qua:
1658 1218 1929 1274 exstingui
1985 1221 2090 1258 non
2141 1213 2374 1272 poterat,

789 1308 842 1348 et
873 1295 1076 1348 ossiqu
1108 1295 1250 1348 tinea
1293 1307 1646 1364 (ostrumque,
1677 1290 1820 1364 quod
1853 1297 1973 1350 eius
2007 1312 2102 1348 cur
2137 1297 2374 1357 subibat,

791 1397 1117 1457 perpetuum
1160 1389 1280 1454 ejus
1319 1389 1520 1442 bellum
1552 1388 1817 1442 adversus
1851 1391 2062 1442 hostem
2100 1396 2373 1450 nostrum,

791 1491 847 1534 et
893 1491 950 1534 ut
982 1483 1094 1534 suis
1119 1481 1183 1533 ad
1222 1497 1320 1533 nos
1367 1482 1732 1543 orationibus,
1774 1494 1827 1535 et
1869 1482 2251 1538 frequentibus
2283 1480 2370 1533 ad-

795 1573 1187 1626 monitionibus
1239 1584 1453 1626 arceret
1531 1574 1651 1642 ejus
1730 1575 1988 1635 insidias,
2036 1593 2088 1628 ct
2145 1573 2378 1626 insultus

794 1669 1126 1733 prohiberet,
1155 1678 1208 1720 et
1230 1679 1491 1735 quantum
1525 1668 1744 1736 quidem
1775 1670 1840 1722 ad
1872 1670 2046 1736 ipsum
2083 1674 2374 1736 spectaret,

792 1761 1003 1813 nullum
1050 1760 1254 1813 sineret
1310 1776 1374 1812 ex
1422 1761 1651 1822 vocatis.
1700 1777 1810 1814 non
1862 1778 1923 1815 ex
1977 1760 2066 1825 iis,
2122 1760 2213 1830 qui
2249 1770 2378 1814 tunc

794 1863 971 1914 erant,
1011 1868 1116 1906 non
1171 1869 1234 1905 ex
1285 1852 1372 1915 iis,
1433 1852 1524 1921 qui
1578 1863 1786 1922 postea.
1843 1853 2095 1907 excidere
2147 1869 2176 1906 a
2228 1863 2375 1907 Sorte

794 1947 1118 2010 electorum,
1177 1957 1231 2000 et
1279 1962 1402 2000 esse
1446 1947 1614 2015 partis
1662 1948 1927 2002 sinistrae;
1981 1947 2209 2016 Propter
2268 1948 2384 2001 hzec

795 2054 1078 2091 sermones
1099 2047 1360 2105 perpetuo
1389 2039 1621 2092 habebat
1659 2050 1713 2092 et
1751 2041 2002 2102 docebat,
2028 2049 2082 2093 et
2104 2055 2380 2108 nunquam

798 2132 1043 2203 ressabat
1079 2131 1276 2184 diserta
1320 2132 1405 2184 illa
1432 2142 1487 2186 et
1522 2133 1792 2186 modulata
1819 2134 1998 2203 lingua
2040 2143 2255 2189 nostras
2299 2134 2382 2186 in-

797 2201 1020 2273 cantare
1072 2222 1303 2275 animas.
1346 2223 1639 2292 Propterea
1669 2233 1796 2277 sunt
1833 2225 2078 2294 pulchra:
2120 2226 2223 2279 illa:
2264 2241 2382 2280 ver-

799 2313 993 2366 borum
1025 2314 1269 2378 Sirenes,
1303 2315 1784 2369 innumerabilium
1838 2317 1970 2370 illud
2008 2334 2158 2372 mare
2209 2318 2381 2371 bono-

799 2423 943 2468 rum,
981 2407 1285 2459 animarum
1331 2407 1672 2471 lautissimze,
1701 2425 1820 2474 qua:
1855 2410 2102 2464 consumi
2158 2411 2383 2464 minime

799 2507 1045 2566 possunt,
1111 2498 1322 2564 epulo},
1383 2501 1539 2568 panis
1598 2501 1936 2570 angelorum,
1969 2518 2170 2557 mensa:
2220 2503 2384 2557 totius

799 2593 967 2645 orbis.
1007 2592 1160 2656 Quod
1195 2593 1238 2646 si
1280 2593 1337 2658 ii,
1387 2593 1479 2661 qui
1511 2593 1894 2647 alimentorum
1946 2597 2236 2649 sensiliunr
2284 2613 2385 2651 cu-

801 2699 915 2737 ram
952 2695 1259 2753 gesserunt,
1291 2701 1413 2751 quae
1455 2694 1685 2755 possunt
1733 2686 1892 2756 longo
1941 2697 2186 2758 tempore
2235 2689 2385 2742 solli-

801 2793 924 2831 cere
947 2779 1250 2847 egentibus,
1277 2794 1396 2846 quae
1427 2779 1702 2848 appellare
1730 2780 1909 2834 solent
1936 2780 2381 2846 Gerontocomia,

804 2869 903 2936 ipsi
941 2871 1284 2924 exsistimant
1329 2888 1388 2923 se
1436 2888 1574 2940 Opus
1617 2872 1810 2927 fecisse
1852 2873 2014 2928 laude
2047 2875 2295 2943 dignum,
2332 2885 2386 2929 et

804 2962 874 3013 ita
935 2971 1259 3030 t‘epntanlttr
1309 2964 1377 3016 ab
1430 2964 1607 3016 aliis:
1664 2967 1754 3033 qui
1812 2966 1915 3019 hoc
1964 2966 2280 3020 diuturnum
2333 2979 2386 3020 et

803 3070 1131 3123 permanens
1192 3057 1610 3120 nutrimentum,
1672 3059 2061 3122 suavissimas,
2120 3061 2382 3128 inquam,

803 3151 1102 3208 oratorios,
1143 3149 1361 3202 aSsidue
1389 3151 1792 3218 suppeditabat,
1828 3162 1886 3205 ut
1921 3168 2028 3205 non
2058 3153 2228 3204 solum
2262 3167 2384 3204 cum

2483 647 2697 715 ὑτῖῆρχε
2766 644 2972 705 ποιῶν,
3027 644 3145 697 οὐδὲ
3191 645 3414 708 τούτους
3472 648 3666 714 μιςνους
3720 646 3890 714 ἤσκει
3939 643 4047 708 agt;

2479 738 2702 808 ἀρετὴν,
2748 738 2883 789 ἀλλα
2915 738 3006 788 καὶ
3031 737 3314 806 πανταχοῦ
3336 739 3439 808 γῆς
3473 738 3799 804 ἐξετείνετο,
3832 735 3928 786 καὶ
3964 734 4050 784 τῶν

2479 828 2787 899 ἐκκλησιῶν
2830 829 3022 897 ἔμελλε
3055 829 3231 897 τούτῳ
3278 831 3492 893 πασῶν,
3546 832 3640 883 καὶ
3663 831 3792 898 ὅρος
3829 823 3900 896 ἦν
3929 824 4053 891 uiti}

2478 923 2578 990 τῆς
2637 921 2952 991 φροντίδος.
3007 921 3077 973 τὰ
3127 921 3226 991 τῆς
3273 921 3379 988 γῆς
3444 922 3706 992 πέρατα(
3740 921 3920 973 Οἰιδὲν
3966 919 4058 984 γὰρ

2480 1016 2676 1085 ἐκείνῳ
2730 1015 2891 1084 μέλον
2950 1014 3225 1085 τράπεζαι
3259 1014 3355 1067 καὶ
3383 1015 3715 1084 φιλοτησίαι.
3749 1015 3846 1066 καὶ
3887 1013 4058 1077 ἀγρῶν

2479 1108 2728 1176 κτήσεις,
2763 1111 2858 1160 καὶ
2889 1107 3189 1176 βαλαντίων
3225 1108 3540 1178 ἁδρότητες,
3575 1110 3666 1160 καὶ
3695 1109 3830 1159 εἴτι
3861 1107 4060 1173 ἕτερον,

2479 1203 2588 1256 τῶν
2638 1205 2749 1266 τοῖς
2818 1203 3032 1265 πολλοῖς
3093 1204 3345 1275 ἐκθύμως
3409 1203 3900 1270 σπουδαζομένων,
3935 1201 4064 1252 ἀλλα

2479 1296 2637 1348 τοῦτο
2654 1290 2722 1364 ἦν
2747 1294 2898 1364 αὺτῷ
2918 1295 2977 1347 τὸ
2993 1295 3080 1348 διὰ
3111 1297 3291 1366 πάσης
3321 1297 3588 1364 ἀγόμενον
3623 1295 3726 1355 τῆς
3756 1294 4065 1363 φροντίδας,

2481 1387 2572 1439 καὶ
2593 1388 2793 1440 ὀστέων
2812 1389 2930 1458 σὴς,
2957 1388 3052 1441 καὶ
3081 1387 3243 1457 μύωψ
3259 1389 3338 1449 είς
3358 1387 3586 1456 καρδίαν
3631 1386 4068 1455 παραδυόμενος,

2481 1483 2577 1532 καὶ
2639 1481 2881 1550 φλογμὸς
2940 1481 3225 1543 ἄσϐεστος,
3297 1481 3388 1547 ὑφ’
3453 1473 3514 1532 οὗ
3575 1480 3748 1532 νύκτα
3795 1481 3892 1530 καὶ
3955 1478 4070 1545 μεθ’

2479 1573 2697 1641 ἡμέραν
2747 1574 3066 1643 ἐπίμπρατο
3119 1573 3216 1642 τὴν
3266 1572 3482 1643 ψυχὴν,
3539 1573 3569 1623 6
3640 1572 3776 1640 πρὸς
3824 1572 3922 1622 τὸν
3979 1569 4069 1621 τοῦ

2483 1667 2683 1737 ἐχθροῦ
2745 1667 2868 1718 καθ’
2919 1668 3080 1736 ἡμῶν
3117 1667 3354 1736 πόλεμον
3399 1669 3677 1726 ἄπαυστος
3711 1663 3882 1715 αὑτοῦ
3918 1664 4076 1714 πόλει

2485 1778 2602 1830 μσς,
2641 1762 2734 1814 καὶ
2760 1762 2842 1813 i'v:
2867 1765 2978 1824 τοῖς
3005 1761 3143 1831 πρὸς
3174 1764 3321 1832 ημᾶς
3350 1761 3530 1823 λόγοις
3569 1762 3663 1812 καὶ
3689 1761 3809 1819 ταῖς
3836 1760 4077 1818 πυκναῖς

2491 1857 2885 1925 παραινέσεσιν
2910 1857 3118 1925 εἵργειν
3171 1855 3323 1924 αὐτῷ
3351 1856 3448 1916 τὰς
3471 1853 3762 1914 ἐπιϐουλὰς
3802 1853 3925 1921 ἔχῃ,
3985 1851 4079 1902 καὶ

2484 1947 2746 2016 διωθῆναι
2782 1949 2879 2018 τὴν
2909 1947 3117 2015 ἔφοδον,
3143 1949 3259 2011 καὶ,
3287 1948 3349 2000 τό
3387 1965 3450 2015 γε
3485 1949 3562 2009 είς
3583 1947 3746 1999 αὑτδν
3765 1941 3931 2015 ἧκον,
3976 1964 4078 2014 μηο

2485 2041 2612 2094 δένα
2659 2040 2768 2092 τῶν
2799 2039 3016 2110 κλητῶν
3044 2041 3118 2109 μὴ
3142 2039 3250 2092 τῶν
3285 2041 3433 2101 τότε,
3470 2040 3546 2110 μὴ
3577 2039 3687 2092 τῶν
3711 2042 3790 2101 εἰς
3814 2039 4074 2109 ὕστερον.

2485 2135 2591 2198 ἔξω
2641 2134 2736 2186 τοῦ
2776 2134 2885 2185 τῶν
2939 2135 3212 2186 ἐκλεκτῶν
3265 2133 3471 2203 κλήρου
3515 2135 3656 2204 ἐάσῃ
3716 2136 3932 2196 πεσεῖν,
3987 2136 4079 2184 καὶ

2485 2228 2584 2296 τῆς
2613 2228 2904 2296 ἀριστερᾶς
2937 2227 3194 2293 γενέσθαι
3230 2227 3474 2296 μερίδος.
3509 2227 3607 2278 Διά
3635 2225 3810 2279 ταῦτα
3837 2229 3899 2278 αἱ
3957 2244 4078 2278 συν-

2491 2323 2636 2390 εχεῖς
2696 2319 2847 2388 αὐτῷ
2908 2319 3120 2388 ὁμιλίαι
3167 2320 3264 2372 καὶ
3291 2319 3526 2387 διδαχαὶ,
3583 2321 3678 2372 καὶ
3706 2321 3766 2371 τὸ
3801 2321 4077 2388 μηδέποτε

2486 2417 2674 2483 λήγειν
2695 2414 2794 2482 τὴν
2824 2413 3049 2466 εὖλαλον
3073 2413 3296 2483 ἐκείνην
3323 2413 3573 2480 γλῶτταν
3604 2414 3699 2464 καὶ
3724 2413 3938 2482 ᾠδιχὴν
3971 2414 4076 2464 τῶν

2487 2507 2774 2577 ἡμετέρων
2831 2504 3022 2574 ψυχῶν
3059 2505 3419 2574 κατᾴδουσαν.
3447 2506 3545 2556 Διὰ
3586 2504 3762 2556 ταῦτα
3794 2506 3846 2556 αἱ
3885 2504 4078 2556 πολλαὶ

2485 2599 2594 2652 τῶν
2643 2599 2819 2662 λόγων
2879 2597 3159 2667 Σειρῆνες,
3193 2596 3221 2647 6
3258 2597 3369 2648 τῶν
3401 2595 3622 2662 ἀγαθῶν
3665 2595 3866 2663 σωρὸς,
3903 2597 3936 2663 η
3969 2596 4079 2646 τῶν

2487 2690 2778 2760 θησαυρῶν
2837 2689 3104 2751 Θάλασσα,
3135 2688 3192 2741 αἱ
3228 2687 3337 2740 τῶν
3385 2687 3576 2756 ψυχῶν
3623 2686 3895 2740 ἀδάπανοι
3938 2703 4079 2741 mv-

2486 2785 2713 2848 δαισίαι,
2745 2786 2773 2835 ὁ
2801 2783 2912 2835 τῶν
2948 2782 3201 2849 ἀγγέλων
3223 2781 3408 2851 ἄρτος,
3439 2781 3495 2832 αἱ
3530 2781 3921 2846 οἱκουμενικαὶ
3943 2780 4077 2848 τρά-

2488 2877 2675 2941 πεζαι.
2713 2877 2776 2928 El
2803 2875 2858 2928 δέ
2886 2875 2980 2927 καὶ
3009 2875 3058 2926 οἱ
3089 2873 3310 2945 τροφῶν
3347 2872 3606 2942 πρόνοιαν
3637 2873 3942 2940 αἰσθητῶν,
3973 2873 4079 2923 τῶ)

2485 2970 2578 3022 ἐπὶ
2602 2968 2735 3020 πολὺ
2771 2965 2867 3020 τοῦ
2898 2966 3093 3036 χρόνου
3123 2966 3368 3034 διαρκεῖν
3398 2963 3716 3031 δυναμένων
3739 2965 3952 3015 ἐνδεέσι
3987 2967 4077 3014 καὶ

2489 3063 2825 3132 πενομένοις,
2859 3059 2915 3119 ἐν
2949 3059 3155 3128 σπουδῇ
3180 3058 3424 3125 θέμενοι,
3463 3056 3498 3108 ἃ.
3528 3056 3590 3124 δὴ
3614 3057 3707 3108 καὶ
3734 3059 4080 3125 γηροκομεῖα

2488 3155 2674 3205 καλεῖν
2724 3152 2866 3214 ἔθος,
2909 3152 3225 3216 ἀξιέπαινον
3275 3150 3438 3217 ἔργον
3463 3150 3559 3200 καὶ
3589 3149 3826 3200 ἐλπίδων
3860 3148 4083 3216 ἀγαθῶ-ι

804 3250 951 3292 esset
974 3251 1274 3308 superstes.
1310 3243 1401 3294 sed
1431 3243 1592 3294 etiam
1625 3257 1748 3296 cum
1794 3258 2010 3297 sursum
2035 3253 2176 3296 esset
2209 3255 2384 3296 trans-

2493 3248 2742 3318 ἔμπλεων
2812 3246 3178 3316 πεποιηκότες
3231 3243 3370 3295 εἰσίν
3393 3260 3404 3271 ·
3427 3245 3456 3296 6
3489 3245 3590 3306 τὴν
3636 3242 3848 3311 τροφὴν
3879 3243 4082 3309 τᾶῦτῖν

810 3326 970 3388 latus.
1007 3329 1254 3383 sitientes
1296 3330 1549 3397 impleret
1588 3333 1818 3396 animas,
1852 3343 1906 3386 ct
1931 3334 2262 3387 inevitabilia
2295 3351 2388 3402 per

807 3418 955 3484 ipsas
987 3418 1223 3471 solveret
1252 3420 1487 3480 vincula,
1535 3431 1586 3473 ct
1618 3437 1646 3473 a
1689 3437 1854 3474 manu
1891 3424 2104 3491 tyranni
2145 3426 2390 3492 captivas

806 3511 1062 3565 liberaret
1116 3512 1347 3574 animas,
1381 3523 1432 3566 et
1486 3514 1570 3584 iis,
1603 3515 1692 3582 qui
1727 3516 1858 3568 salvi
1890 3517 2093 3570 ﬁebant
2139 3533 2387 3586 magnam

806 3603 1030 3657 alIerret
1059 3606 1430 3658 accessionem
1464 3623 1476 3658 :
1512 3607 1601 3673 qui
1631 3608 1746 3661 haec
1776 3609 1994 3662 abunde
2038 3610 2310 3678 praebebat
2337 3620 2389 3663 et

808 3695 1110 3750 liberaliter
1139 3706 1193 3750 et
1224 3699 1278 3750 in
1312 3699 1630 3752 universum
1663 3708 1879 3769 tempus
1917 3701 2020 3755 hoc
2043 3703 2244 3755 donum
2295 3721 2392 3756 ex-

809 3790 1087 3852 tendebat,
1122 3805 1415 3858 quamnam
1449 3792 1688 3859 potuerit
1726 3795 1941 3861 assequi
1972 3793 2232 3864 linguam,
2272 3811 2391 3862 qua:

809 3882 860 3938 ei
889 3883 1106 3952 dignam
1159 3893 1414 3936 contexat
1464 3883 1874 3937 laudationem?
1922 3885 2034 3940 lmo
2065 3902 2196 3940 vero
2226 3903 2393 3956 quas-

811 3991 935 4028 nam
989 3986 1042 4028 ct
1097 3986 1229 4044 quot
1270 3976 1515 4044 linguas?
1543 3977 1646 4030 Sed
1709 3978 1798 4031 tali
1836 3979 2054 4048 quidem
2105 3981 2288 4034 anima
2338 3991 2394 4036 et

811 4067 991 4138 lingua
1028 4085 1095 4121 ne
1129 4069 1242 4136 ipse
1282 4069 1501 4136 quidem
1553 4081 1636 4123 est
1661 4071 1856 4140 dignus
1892 4074 2150 4136 mundus,
2199 4084 2258 4127 ut
2306 4075 2392 4128 di-

812 4175 928 4212 caw-
960 4175 1083 4212 cunt
1133 4161 1319 4213 divino
1352 4160 1518 4215 Paulo
1552 4164 1618 4215 ¹⁷.
1659 4161 1812 4226 Quod
1842 4174 2022 4218 autem
2058 4180 2169 4219 non
2199 4167 2235 4219 ii
2265 4167 2388 4231 soli,

811 4252 900 4319 qui
939 4253 1256 4306 habitabant
1284 4254 1836 4323 Constantinopolim,
1877 4257 1952 4310 illi
2010 4268 2196 4312 essent
2225 4275 2391 4325 curua,

813 4345 910 4400 sed
945 4361 1134 4398 omnes
1183 4345 1319 4410 fere,
1351 4363 1489 4415 quos
1521 4349 1599 4400 sol
1659 4349 1921 4411 intuetur,
1957 4349 2082 4404 hinc
2119 4361 2274 4419 poles
2309 4353 2394 4404 in-

815 4437 1074 4501 telligere.
1122 4435 1256 4490 Cum
1305 4438 1664 4493 intellexisset
1694 4439 2032 4494 Phoeniciam
2081 4443 2392 4496 simulacris

813 4528 989 4581 adhuc
1024 4536 1078 4580 et
1125 4527 1464 4581 (immanibus
1495 4538 1550 4582 et
1585 4531 1866 4584 sceleratis
1891 4532 2110 4600 templis
2151 4549 2271 4587 esse
2306 4533 2395 4587 de-

2493 3341 2592 3406 τὴν
2632 3338 2828 3408 διαρκῆ
2883 3338 2978 3389 καὶ
3028 3336 3323 3396 ἀδάπανον,
3357 3333 3485 3395 τοὺς
3515 3333 3708 3398 λόγους
3749 3335 3900 3401 φημὶ
3960 3334 4083 3393 τοὶς

2495 3434 2766 3503 ἠδίστους,
2822 3431 3076 3482 ἑκάστοτε
3106 3426 3377 3496 χορηγῶν,
3407 3424 3504 3493 τὴν
3537 3425 3807 3492 ἄψευστον
3880 3425 4084 3492 ἀμερο-

2496 3527 2637 3591 σίαν,
2667 3523 2728 3574 τὸ
2760 3521 2958 3590 ἀληθὲς
2990 3521 3213 3586 νέκταρ,
3244 3514 3325 3580 οἷς
3355 3516 3825 3587 ψυχαὶπεινῶσαι
3859 3517 4083 3570 διαπαν-

2494 3620 2581 3680 τὸς
2637 3618 2928 3688 τρέφονται
2975 3616 3069 3667 καὶ
3127 3613 3508 3682 κατάρδονται,
3568 3611 3663 3662 καὶ
3693 3610 3766 3677 γῆ
3798 3605 3957 3663 οὖσαι
3994 3613 4084 3661 καὶ

2504 3711 2644 3780 ξηρὰ
2693 3710 2784 3761 καὶ
2831 3709 3083 3776 ἄνικμος,
3122 3705 3464 3776 καρποφόροι
3511 3702 3634 3773 Θεῷ
3660 3702 3750 3755 διὰ
3794 3704 4086 3771 μετανοῖας

2494 3805 2874 3867 καθίστανται,
2909 3801 2937 3852 6
2968 3799 3171 3869 ταύτης
3230 3796 3520 3865 τοιγαροῦν
3569 3795 3673 3864 τῆς
3701 3796 3915 3865 τροςῆς
3945 3796 4085 3863 πρέ-

2493 3916 2666 3962 τανις,
2691 3900 2720 3950 ὁ
2761 3895 2835 3966 μὴ
2869 3893 3080 3964 περιὼν
3139 3894 3322 3962 μόνον,
3349 3891 3486 3945 ἀλλὰ
3505 3891 3601 3944 καὶ
3630 3889 3728 3942 νῦν
3763 3892 3906 3959 μετὰ
3932 3891 4085 3949 τέλος

2495 3988 2724 4049 πολλοὺς
2767 3985 2876 4037 τῶν
2920 3983 3380 4051 πεφορτισμένων
3445 3981 3641 4040 ἀνιεὶς,
3667 3980 3763 4031 καὶ
3785 3978 3930 4048 τραὲ
3945 3995 4087 4047 ματα

2494 4079 2682 4149 ψυχῶν
2732 4074 3073 4145 θεραπεύων,
3107 4075 3201 4125 καί
3245 4071 3388 4124 λύων
3429 4070 3814 4140 αἰχμαλώτους
3860 4069 3966 4136 τῆς
3997 4087 4088 4158 1:;-

2501 4168 2799 4239 ραννούσης
2861 4165 3064 4234 χειρὸς,
3099 4165 3190 4215 καὶ
3221 4163 3424 4231 πολλὴν
3468 4161 3793 4230 προσθήκην
3841 4165 3958 4221 τοῖς
3993 4179 4090 4212 σωο

2496 4260 2745 4328 ζομένοις
2791 4258 2989 4320 διδοὺς,
3029 4258 3061 4326 ὴ
3086 4255 3260 4308 ταῦτα
3287 4254 3551 4323 διηνεκῶς
3578 4255 3820 4305 ἁνύουσα
3847 4253 4086 4320 γλῶττα.

2494 4352 2639 4414 τίνος
2663 4351 2726 4402 ἂν
2751 4349 2902 4416 τύχοι
2961 4346 3208 4414 γλώττης
3272 4344 3422 4409 ἄξιον
3455 4345 3593 4412 αὐτῇ
3648 4345 3966 4410 πλεκούσης
4003 4346 4088 4394 τὶν

2497 4445 2753 4505 ἑπαινον;
2787 4439 2987 4510 μᾶλλον
3021 4438 3078 4489 δὲ
3110 4436 3278 4486 ποίων
3307 4436 3413 4501 ἄρα
3450 4436 3542 4485 καὶ
3563 4435 3747 4484 πόσων
3781 4436 4087 4499 Vltori”;

2497 4537 2610 4590 ἀλλ’
2648 4536 2790 4587 οὕτω
2847 4533 2945 4601 μὲν
2977 4534 3074 4600 τῆς
3109 4529 3323 4582 τοιᾶσδε
3356 4527 3450 4579 καὶ
3482 4528 3659 4596 ψυχῆς
3695 4528 3789 4577 καὶ
3829 4528 4090 4591 γλώσσης

813 4618 1003 4679 ditant,
1057 4619 1257 4688 regiam
1318 4636 1536 4673 manum
1591 4621 1795 4675 habens
1831 4623 2384 4691 adjutrieem,etma-

2497 4627 2604 4678 οὐδ’
2667 4623 2827 4686 αὐτὸς
2880 4621 3031 4684 ἄξιος
3063 4621 3344 4686 ὁκὸσμος,
3409 4619 3552 4669 κατὰ
3577 4619 3667 4668 τὸν
3706 4617 3854 4669 θεῖον
3910 4620 4088 4668 simi;

815 4726 973 4780 gnam
1007 4711 1164 4764 aliam
1197 4727 1438 4773 manum.
1469 4714 1556 4766 cui
1585 4725 1956 4782 persuaserat,
1995 4726 2053 4769 ut
2083 4717 2133 4768 in
2169 4717 2219 4770 id
2249 4719 2388 4786 quod

813 4803 1096 4870 Oportebat
1137 4803 1537 4872 impenderent.
1575 4821 1760 4860 secum
1789 4807 2016 4871 ducens,
2063 4810 2393 4862 exsecranda

812 4895 1028 4962 quidem
1051 4895 1136 4948 illa
1159 4897 1352 4964 templa
1389 4897 1540 4950 humi
1568 4899 1764 4951 evertit
1794 4915 1806 4950 :
1833 4915 2022 4952 eorum
2055 4911 2241 4953 autem
2275 4902 2394 4955 loco

811 5002 997 5040 sacras
1024 4989 1170 5040 aedes
1210 4992 1427 5053 excitat,
1456 5000 1511 5044 et
1536 4991 1780 5044 immittit
1814 4993 2131 5055 monachos,
2159 4995 2250 5062 qui
2287 4993 2399 5046 ler-

813 5092 1029 5134 ventem
1078 5081 1251 5134 zelum
1300 5083 1699 5150 quodammodo
1753 5085 2057 5152 spirabant,
2113 5097 2167 5138 et
2229 5085 2390 5141 ﬁdem

821 5174 1078 5226 tenebant
1136 5176 1340 5242 optime
1388 5186 1438 5229 et
1478 5178 1909 5231 accuratissime.
1964 5175 2233 5231 Praeterea
2267 5195 2392 5232 cum

814 5265 1074 5318 autliisset
1104 5267 1283 5319 Celtas
1327 5266 1628 5335 implicatos
1672 5283 1792 5322 esse
1843 5269 2050 5338 laqueis
2086 5270 2387 5334 ariauismi,

817 5357 905 5411 ille
939 5358 1200 5412 adversus
1243 5360 1641 5428 improbitatem
1675 5373 1863 5416 contra
1902 5363 1979 5418 sic
2011 5363 2386 5416 machinatur:

815 5453 1167 5520 presbyteros
1207 5452 1365 5504 simul
1401 5463 1455 5505 et
1481 5455 1759 5518 diaconos,
1799 5463 1854 5508 et
1895 5471 2009 5517 eos,
2055 5457 2145 5525 qui
2177 5455 2393 5509 divinos

819 5543 984 5597 libros
1040 5545 1257 5615 legunt,
1295 5546 1386 5615 qui
1435 5547 1667 5601 similem
1723 5548 1945 5617 quidem
2007 5558 2061 5601 et
2108 5558 2390 5618 cognatam

821 5633 1094 5688 habebant
1140 5636 1397 5706 linguam,
1452 5653 1582 5691 sana
1641 5649 1820 5693 autem
1874 5649 2033 5693 erant
2067 5640 2194 5699 lide,
2251 5640 2397 5694 acci-

822 5728 996 5797 piens.
1031 5739 1084 5780 et
1117 5745 1208 5781 eos
1245 5731 1406 5784 veluti
1436 5732 1748 5801 quemdam,
1794 5744 1847 5787 ut
1883 5733 2058 5797 aiunt,
2097 5743 2399 5802 magnetem

897 5907 935 5935 ¹⁷
962 5903 1122 5960 llebr.
1150 5922 1204 5972 ιι,
1230 5907 1315 5962 53.

2505 4717 2848 4772 ’Λπόστολον.
2881 4717 3008 4769 ’Ότι
3037 4715 3091 4766 δέ
3121 4714 3218 4782 οὐχ
3247 4716 3293 4765 οἱ
3329 4712 3425 4781 τὴν
3460 4711 3878 4764 Κωνσταντένου
3935 4713 4089 4780 μένει

2491 4810 2769 4871 οἰκοῦντες
2821 4808 3015 4878 ἐκείνῳ
3048 4809 3291 4874 φροντὶς,
3324 4805 3457 4857 ἀλλὰ
3499 4805 3687 4874 σχεδὸν
3733 4805 3963 4866 πάντες,
4002 4804 4088 4863 εἰς

2469 4885 2520 4952 ’ὁ
2545 4899 2694 4970 ἣλιος
2733 4899 2924 4967 ἐφορᾷ·
2959 4898 3058 4968 τὴν
3087 4896 3348 4964 Φοινίκην
3374 4893 3560 4964 μαθὼν
3590 4893 3834 4954 εἰδώλοις
3876 4895 3960 4944 ἔτι
4001 4899 4090 4945 καὶ

2495 4991 2722 5061 δαίμοσι
2775 4989 2872 5042 καὶ
2923 4990 3141 5058 μιαροῖς
3174 4990 3320 5048 ναοῖς
3357 4986 3826 5055 προσανέχουσαν,
3866 4986 4092 5038 Enixa.-

2499 5104 2591 5156 ρον
2649 5087 2746 5154 τὴν
2799 5083 3086 5152 βασιλικὴν
3158 5082 3388 5152 δύναμιν
3421 5079 3768 5148 προσλαϐὼν,
3805 5083 3905 5132 καὶ
3939 5085 4092 5150 χεῖρα

2497 5179 2720 5246 συχνὴν,
2747 5176 2812 5246 ἣν
2843 5175 3010 5236 αὐτὸς
3057 5175 3276 5226 ἔπεισεν
3309 5172 3648 5233 ἀναλίσκειν,
3695 5173 3774 5233 εἰς
3807 5171 3937 5224 δεον
3966 5189 4091 5225 συν-

2497 5269 2882 5336 εφαπτομένην
2931 5264 3111 5318 λαϐὼν
3142 5307 3157 5332 ,
3208 5267 3334 5328 τοὺς
3383 5265 3480 5332 μὲν
3537 5265 3770 5333 μιαροὺς
3838 5265 4091 5327 ἐκείνους

2498 5362 2658 5420 ναοὺς
2693 5361 2772 5420 εἰς
2807 5359 3001 5426 ἔδαφος
3028 5357 3378 5420 καταϐάλλει,
3403 5357 3581 5424 ἱεροὺς
3615 5355 3670 5407 δὲ
3703 5357 4089 5424 αντα-δέστησι,

2500 5457 2593 5506 καὶ
2631 5452 2899 5522 μοναχοὺς
2947 5453 3252 5520 ἐπιπέμπει
3277 5449 3476 5518 θερμὸν
3506 5447 3583 5515 τῷ
3613 5448 3762 5516 ζήλῳ
3798 5449 4086 5509 πνέοντας,

2504 5546 2596 5597 καὶ
2633 5545 2732 5612 τὴν
2767 5544 2948 5596 πίστιν
2975 5543 3175 5611 ἄριστα
3206 5541 3698 5611 διηκριϐωμένους.
3734 5540 3883 5608 Πρὸς
3915 5541 3970 5592 δὲ
4003 5551 4091 5593 καὶ

2499 5637 2734 5698 Κελτοὺς
2755 5635 2994 5697 ἀκούσας
3012 5636 3109 5702 τῆς
3127 5633 3469 5702 Ἀρειανιιιῆς
3499 5632 3629 5684 εἴσω
3662 5635 3837 5700 θήρας
3893 5634 4084 5699 κειμέ-

2501 5750 2644 5798 νους,
2679 5731 2851 5796 οὕτως
2893 5732 3270 5801 ἀντιτεχνᾶται
3301 5733 3364 5797 τῇ
3392 5729 3642 5798 πονηρῐᾳ,
3680 5726 4086 5797 πρεῖί-στέρῧις
