4178 6484
134 413 282 479 1⁸137

1184 410 1362 471 VITA
1404 410 1470 469 S.
1511 409 1836 472 JOANNIS
1867 409 2431 471 CHRYSOS'I‘OMI.

3285 409 3432 473 1138

124 529 229 578 τὸν
262 522 409 577 κατὰ
434 522 568 575 Θεὸν
604 521 718 591 βίον
752 519 1236 592 καρποφορούσης,
1271 522 1414 575 ὥστε
1449 520 1590 588 μετὰ
1620 522 1730 575 τῶν

1839 529 2075 591 possunt
2122 519 2265 573 ﬁeri.
2299 517 2396 572 llle
2425 518 2573 571 enim
2620 518 2784 570 homo
2817 529 2900 571 est
2927 526 3073 570 metu
3107 518 3356 585 superior
3380 531 3431 571 et

127 616 317 669 ἄλλων
349 615 539 667 κακῶν
571 615 664 667 καὶ
694 613 802 667 τῶν
855 612 1107 681 συνήθων
1144 612 1353 666 τοῦτων
1395 612 1518 665 κατ’
1550 611 1731 679 ὀλίγον

121 703 493 773 ἀφίστασθαι,
526 704 884 773 ίππομανίας,
942 702 1107 771 φημὶ,
1166 704 1261 755 καὶ
1316 702 1596 772 θεάτρων,
1633 703 1731 768 τὴν

129 798 381 867 σπουδήν
435 815 493 849 τε
556 797 762 866 ταύτην
803 797 940 865 πρὸς
993 796 1053 848 τὸ
1097 795 1240 848 θέειν
1280 796 1360 858 είς
1419 794 1732 863 προσευχῆς

124 894 319 950 οἶκους
355 889 446 940 καὶ
493 889 656 948 ναοὺς
714 889 917 957 Κυρίου
958 886 1344 955 μετατιθέναι,
1391 887 1483 937 καὶ
1517 884 1731 935 κεῖσθαι

128 980 399 1047 τοιαίτην
454 980 591 1048 πρὶς
646 978 911 1047 ὰλλῂλους
958 977 1056 1044 τὴν
1102 976 1357 1046 ἅμιλλαν,
1394 976 1476 1038 τίς
1516 976 1731 1046 πρῶτος

125 1068 285 1124 οἷκον
316 1071 454 1123 Θεοῦ
507 1071 876 1137 φθάσαςμκαὶ
923 1070 1098 1138 τούτῳ
1139 1067 1340 1137 μᾶλλον
1380 1068 1732 1137 ὲνδιατρὶῲας

128 1168 383 1226 πλείονος
412 1166 597 1217 ὄναιτο
626 1167 718 1215 καὶ
746 1166 837 1231 τῆς
860 1164 1128 1231 ὠφελείας
1146 1180 1159 1227 ;
1180 1161 1365 1215 Ταῦτα
1388 1162 1529 1214 οὕτω
1555 1162 1732 1223 καλῶς

131 1276 193 1310 τε
230 1258 329 1310 καὶ
366 1256 631 1324 θεοφιλεῖς
672 1257 886 1325 ἔχοντα,
922 1256 1251 1322 σφόδραπιὸν
1296 1256 1488 1321 φθόνον
1522 1254 1729 1306 ἐλύπει.

130 1353 249 1404 Καὶ
285 1351 377 1402 διὰ
432 1350 591 1401 τοζτο
628 1350 798 1401 πολὺν
850 1350 949 1418 μὲν
983 1350 1077 1401 καὶ
1128 1347 1423 1414 κινδυνώδη
1456 1348 1546 1399 τὸν
1595 1348 1734 1399 κατᾶ

132 1445 235 1509 τῆς
280 1442 615 1508 Ἐκκλησέας
653 1442 928 1510 ἀνεγείρει
968 1441 1153 1505 σάλον,
1200 1439 1378 1491 δεινῖλν
1410 1439 1464 1490 δὲ
1494 1438 1586 1491 καὶ
1635 1438 1731 1503 βα-

131 1535 295 1586 θεῖαν
342 1533 516 1601 αὐτῆς
552 1537 811 1601 καταχέει
843 1532 941 1601 τὴν
976 1532 1167 1592 νύκτα,
1201 1532 1290 1582 τὸν
1322 1529 1496 1598 μέγαν
1546 1527 1669 1599 (φΞῦ
1694 1526 1733 1596 ί)

128 1628 427 1695 ςωστῆρα,
483 1626 576 1677 τον
635 1625 742 1676 τῶν
795 1624 985 1692 ψυχῶν
1022 1624 1198 1692 ἥλιον,
1256 1620 1459 1691 ταύτης
1516 1620 1734 1688 μακρὰν

127 1715 373 1783 ποιήσας
393 1715 484 1765 καὶ
509 1714 799 1782 ὑπερύριον
821 1714 1073 1781 θέμενος.
1094 1712 1251 1765 Ἀ).λᾶ
1270 1712 1486 1780 ζητεῖτε
1516 1712 1734 1781 μαθεῖν,

124 1808 286 1867 ὅπως
328 1805 442 1877 [ἷσ.
483 1804 726 1875 ὁποίους]
764 1805 1038 1868 καὶτίνας
1075 1806 1199 1874 ἔσχε
1230 1805 1357 1865 τοὺς
1404 1803 1542 1870 πρὸς
1578 1802 1736 1856 τοῦτο

127 1896 731 1964 καθυπουργήσαντας.
776 1896 1024 1965 Κινήσας
1079 1896 1179 1964 μὲν
1210 1895 1303 1947 καὶ
1337 1895 1562 1955 ἄλλους,
1619 1894 1727 1945 τῶν

128 1991 482 2051 ἐπισκόπων,
515 1995 680 2055 φημὶ,
719 1989 814 2040 καὶ
842 1988 949 2041 τῶν
980 1990 1075 2040 τοῦ
1113 1988 1337 2056 κλήρου,
1372 1988 1468 2057 τὴν
1501 1987 1727 2054 γνώμην

132 2081 488 2148 ἐπιτηδείους
516 2082 652 2149 προς
686 2080 745 2132 τὸ
785 2080 1001 2149 πονηρὰ
1030 2079 1322 2148 σπέρματι
1361 2078 1452 2130 τοῦ
1489 2076 1726 2147 πονηροῦ

124 2172 416 2236 δέξασθαι,
436 2173 550 2224 ἔστι
570 2174 614 2225 δ’
640 2172 731 2233 οὓς
755 2174 976 2225 καὶτῶν
997 2174 1093 2239 τῆς
1126 2172 1410 2243 βασιλικῆς
1434 2172 1598 2239 αὐλῆς
1621 2172 1728 2222 ὑπ-

128 2266 419 2333 αρλόιτων
444 2280 455 2291 ·
490 2266 611 2318 οὐδὲ
642 2270 904 2334 γυναῖκες
933 2266 1031 2334 τῆς
1055 2268 1259 2334 ἀνόμου
1286 2265 1491 2331 ταύτης
1512 2263 1728 2315 ἀπελεί-

130 2360 361 2427 φθησαν
390 2358 722 2426 συμμορίας,
744 2359 880 2410 ἀλλὰ
907 2360 1062 2427 μερὶς
1092 2356 1385 2410 κάντεῦθεν
1406 2357 1480 2425 τῷ
1507 2354 1727 2425 πονηρῷ

126 2451 375 2514 γίνεται.
412 2449 739 2517 φιλόκοσμοί
770 2466 913 2510 τινες
949 2446 1105 2502 οὖσαι
1144 2452 1239 2501 καὶ
1306 2448 1592 2517 ἐμπαθεῖς,
1632 2449 1728 2500 καὶ

127 2540 209 2609 τῷ
237 2540 552 2610 πεπλῆχθαι
583 2544 734 2609 παρὰ
752 2544 849 2610 τῆς
881 2542 1091 2595 ἐκείνου
1123 2541 1369 2611 γλώττης
1413 2542 1531 2594 κατ’
1562 2540 1726 2593 αὑτοῦ

128 2632 466 2688 πνεύσασαι.
491 2634 598 2697 Οὓς
626 2636 681 2687 δὲ
713 2636 1079 2705 θερμοτέρους
1104 2631 1214 2704 εἶχε
1242 2637 1349 2687 τῶν
1381 2636 1555 2689 ἄλλων
1582 2637 1727 2701 ἀγω-

127 2730 352 2792 νιστὰς,
390 2730 481 2779 τὶν
506 2729 919 2799 Ἀλεξανδρείας
963 2728 1221 2799 Θεόφιλον
1278 2724 1417 2781 οἶδεν
1464 2730 1492 2780 ὁ
1550 2728 1725 2793 λόγος,

129 2840 162 2873 κ
206 2822 232 2875 ὶ
266 2823 360 2874 τὸν
409 2823 673 2894 Βερροίας
718 2824 997 2887 Ἀκὰκιον,
1038 2821 1315 2889 Ἀντίοχόν
1358 2838 1418 2873 τε
1453 2820 1542 2872 τὸν
1598 2821 1728 2873 11το-

128 2914 397 2981 λεμαῖδος
423 2917 600 2988 φημὶ,
640 2916 733 2967 καὶ
780 2912 1111 2981 Σεὸηριανὸν
1154 2913 1244 2963 τὸν
1276 2912 1556 2965 Γαϐἁλων.
1586 2912 1729 2981 Πρὸς

127 2998 349 3063 τούτοις
375 3001 469 3053 δύο
494 3019 549 3054 τε
582 3003 691 3054 τῶν
730 3002 1118 3072 πρεσϐυτέρων
1161 2996 1323 3068 ἦσαν,
1362 3004 1453 3055 καλ
1482 3002 1590 3053 τῶν
1614 3002 1728 3054 δια-

130 3102 317 3143 κονων
365 3094 551 3157 πέντε,
602 3094 701 3163 τὴν
749 3094 963 3162 φαύλην
1012 3094 1218 3163 ταύτην
1280 3091 1729 3161 συμπληροῦντες

129 3186 513 3253 συνωμοσίαν.
533 3189 605 3238 Οὐ
629 3190 807 3258 χεῖρον
829 3188 885 3238 δὲ
909 3187 1053 3255 δηλῶ
1066 3204 1150 3240 ται
1176 3190 1272 3239 καὶ
1290 3188 1385 3249 τὰς
1410 3186 1588 3248 αἰτίας
1608 3185 1727 3238 ὅθεν

130 3276 160 3325 ὁ
197 3278 441 3346 πόλεμος
475 3274 607 3348 ἦρξε
638 3282 701 3348 τῇ
736 3280 1057 3351 Ἐκκλησία.

1838 616 2019 677 minis,
2056 624 2110 668 et
2133 614 2397 669 adversus
2438 611 2613 680 ipsum
2646 626 2864 679 quoque
2917 618 3146 662 mortem
3179 609 3427 677 erigitur.

1840 706 2017 761 Unum
2070 706 2245 759 solum
2281 707 2457 767 timet,
2488 718 2688 773 nempe
2720 713 3024 773 peccatum,
3069 711 3124 757 ct
3155 718 3223 757 ne
3259 703 3452 760 Deum.

1837 816 1936 869 per
1997 800 2172 868 ipsum
2208 799 2289 850 vel
2327 798 2603 850 modicum
2652 794 2917 849 offendat.
2949 795 3121 849 l‘arva
3150 795 3262 849 visa
3297 805 3429 849 sunt

1838 893 1953 945 an
2013 892 2294 953 Eudoxiae,
2328 890 2547 958 acrique
2578 898 2631 943 et
2670 888 2866 942 effreni
2900 888 3021 957 ejus
3060 889 3177 941 auri
3216 887 3429 957 cupidi-

1839 984 1955 1036 tati.
2019 981 2389 1048 Quamobrem
2436 981 2504 1032 ab
2541 981 2616 1031 ira
2643 991 2696 1033 et
2744 980 2929 1034 furore
2966 993 3073 1033 non
3111 979 3429 1043 desistebat,

1838 1076 1928 1127 sed
1982 1076 2123 1143 apud
2158 1089 2216 1127 se
2249 1073 2585 1125 habitantem
2621 1071 2791 1141 magis
2831 1072 3087 1125 versabat
3119 1072 3278 1132 iram,
3324 1087 3424 1124 ex-

1837 1176 2090 1234 Spt‘clttlh‘
2153 1174 2368 1232 tvmpus
2396 1173 2447 1217 et
2486 1161 2834 1216 occasionem
2894 1162 3035 1229 ejus,
3088 1163 3180 1232 qui
3252 1163 3427 1231 ipsam

1837 1258 2197 1327 despiciebat,
2264 1257 2565 1310 ulciscendi
2624 1270 2797 1324 usque
2830 1256 2897 1309 ad
2928 1254 3259 1309 satietatem.
3289 1256 3427 1310 Cum

1837 1368 1966 1420 ergo
2025 1360 2169 1403 recte
2195 1364 2252 1403 se
2283 1349 2510 1401 haberet
2547 1346 2807 1409 Ecclesia,
2866 1358 2921 1401 et
2969 1348 3335 1402 azdiﬁcaretur
3370 1350 3441 1403 in-

1836 1444 1955 1497 dies
1986 1441 2049 1494 ad
2089 1442 2345 1508 pietatem
2385 1457 2395 1491 :
2432 1449 2485 1492 et
2509 1439 2817 1507 respublica
2857 1442 3130 1507 rigaretur
3182 1439 3432 1509 quotidie

1838 1535 1906 1588 ab
1937 1534 2278 1605 cjuslingua,
2313 1534 2570 1597 etv-itam,
2601 1548 2722 1602 qua-
2748 1545 2832 1585 eSt
2855 1545 2918 1585 ex
2945 1530 3075 1595 Deo,
3108 1533 3431 1588 suavissime

1840 1630 2168 1699 pruduceret
2206 1645 2218 1679 :
2251 1629 2460 1681 etenim
2526 1642 2648 1680 cum
2712 1626 2835 1681 aliis
2867 1624 3045 1687 mahs,
3097 1624 3214 1680 hmc
3241 1625 3427 1691 etiam,

1839 1739 1958 1792 qua:
1989 1734 2144 1775 erant
2168 1724 2362 1776 usitata
2396 1720 2771 1785 etfamiliaria,
2794 1722 3378 1789 inccpitcontetnuere
3412 1737 3425 1774 :

1843 1830 2039 1883 nempe
2098 1830 2361 1884 equorum
2416 1829 2610 1868 cursus
2653 1823 2707 1867 et
2770 1813 3004 1870 theatra.
3056 1824 3340 1882 metusque
3371 1821 3440 1869 et.

1839 1910 2143 1969 orationes,
2210 1922 2329 1975 qua:
2361 1905 2496 1959 nihil
2542 1905 2819 1960 habebant
2876 1905 3009 1959 utile
3044 1914 3137 1958 aut
3172 1919 3428 1959 necessa-

1840 2002 1976 2054 rimn
2013 2019 2023 2053 :
2066 2009 2120 2055 et
2144 2000 2287 2068 quod
2316 2002 2368 2053 in
2402 2015 2463 2052 ea
2492 2000 2727 2068 ponebat
2756 1999 3016 2058 studium,
3060 1998 3329 2052 convertit
3361 1996 3429 2053 ad

1836 2095 2160 2146 currendum
2192 2094 2256 2146 ad
2305 2093 2453 2146 aedes
2500 2092 2772 2145 orationis
2832 2102 2886 2145 et
2946 2092 3014 2145 ad
3070 2092 3269 2161 templa
3328 2090 3430 2144 Do-

1837 2187 1966 2241 mini
2002 2205 2015 2240 :
2055 2188 2192 2239 adeo
2226 2196 2284 2241 ut
2310 2186 2451 2239 inter
2476 2200 2533 2239 se
2564 2186 2981 2246 contenderent,
3014 2184 3135 2252 quis
3206 2184 3427 2237 veniret

1838 2280 1981 2348 prior
2010 2280 2063 2332 in
2096 2278 2356 2347 templum
2391 2277 2627 2341 Domini,
2665 2277 2795 2330 etin
2830 2292 2897 2331 eo
2941 2286 3257 2330 versaretur
3305 2276 3428 2330 diu-

1837 2374 2029 2433 tius,et
2058 2374 2322 2437 majorem
2346 2372 2653 2440 perciperet
2675 2371 2983 2423 utilitatem.
3002 2368 3128 2423 llaec
3145 2384 3265 2438 quae
3291 2369 3428 2423 adeo

1837 2468 2064 2535 pulchre
2095 2476 2150 2521 et
2175 2466 2260 2535 pie
2284 2483 2342 2520 se
2376 2465 2673 2528 habebant,
2700 2463 2961 2517 invidiam
2994 2478 3186 2533 magna
3218 2462 3423 2517 afﬁcie-

1837 2558 1969 2611 baut
2026 2556 2275 2610 molestia
2316 2574 2327 2609 :
2363 2564 2417 2609 ct
2464 2554 2587 2607 ideo
2645 2553 3032 2608 vehementem
3090 2554 3315 2622 quidem
3365 2560 3423 2606 et

1838 2646 2200 2716 periculosam
2256 2645 2517 2699 adversus
2550 2643 2847 2699 Ecclesiam
2885 2644 3086 2699 excitat
3113 2649 3428 2711 tempesta-

1840 2745 1997 2791 tem:
2057 2750 2274 2805 gravem
2337 2744 2521 2788 autem
2570 2744 2628 2787 et
2689 2733 3018 2801 profundam
3075 2732 3127 2786 ei
3180 2730 3418 2785 offundit

1838 2836 2077 2890 noctem,
2124 2840 2319 2895 magno
2369 2825 2484 2890 illo,
2522 2824 2657 2894 proh
2690 2823 2889 2878 dolor!
2931 2823 3187 2878 luminari
3229 2832 3283 2877 et
3314 2821 3430 2876 sole

1837 2919 2167 2981 animarum,
2232 2918 2420 2987 procul
2479 2919 2547 2970 ab
2596 2932 2659 2971 ea
2715 2917 3007 2971 amandato
3066 2926 3122 2971 et
3166 2915 3334 2969 misso
3369 2916 3426 2969 in

1839 3012 2111 3067 exsilium.
2160 3009 2265 3065 Sed
2300 3011 2501 3080 cupitis
2548 3010 2708 3073 scire,
2747 3020 2832 3065 sat
2858 3010 2993 3075 scio,
3021 3024 3288 3079 quosnam
3325 3009 3426 3063 lia—

1840 3106 2019 3160 bllt'l'il
2067 3105 2248 3174 gravis
2301 3104 2525 3169 invidia,
2578 3105 2671 3174 qui
2724 3104 2934 3158 celeres
2984 3102 3155 3172 pedes
3207 3102 3273 3156 ad
3321 3101 3429 3156 hoc

1840 3192 2163 3244 intulerunt.
2232 3189 2400 3245 Movit
2445 3192 2667 3261 quidem
2696 3202 2755 3247 et
2787 3193 2924 3247 alios
2968 3207 3036 3246 ex
3061 3190 3338 3261 episcopis
3371 3199 3427 3244 et

1840 3284 2060 3338 clericis
2110 3300 2345 3353 quorum
2411 3286 2628 3340 animus
2690 3295 2809 3341 erat
2860 3295 3043 3355 aptus,
3099 3294 3161 3339 ut
3204 3283 3433 3354 maligni

132 3372 447 3441 susciperet
502 3375 709 3427 semina
744 3392 755 3427 :
812 3394 829 3425 ι
861 3373 904 3441 ρ
928 3376 961 3428 εἰ
1022 3376 1273 3429 fecerunt
1332 3374 1645 3439 consilium,
1678 3385 1733 3431 et
1773 3394 1880 3431 non
1917 3396 2014 3449 per
2081 3396 2167 3435 me
2193 3400 2209 3431 ι
2270 3382 2409 3450 (haec
2430 3382 2560 3436 dicit
2591 3381 2759 3436 Isaias
2797 3382 2864 3446 ”,
2906 3381 3187 3437 disserens
3216 3382 3269 3435 in
3300 3395 3429 3450 per-

134 3482 272 3520 sona
333 3466 565 3537 Domini)
605 3488 623 3519 ι
668 3478 721 3522 et
750 3478 903 3537 pacta
942 3479 1231 3530 conventa.
1269 3477 1323 3521 et
1375 3484 1479 3523 non
1514 3486 1609 3539 per
1634 3470 1884 3539 spiritum
1940 3488 2164 3528 meum:
2204 3492 2221 3526 ι
2259 3483 2312 3528 et
2349 3475 2641 3529 nonnullos
2678 3475 2867 3540 etiam,
2901 3476 2991 3545 qui
3022 3483 3179 3529 erant
3207 3488 3273 3528 ex
3314 3475 3431 3542 ipsa

132 3562 257 3615 aula
294 3561 682 3628 ‘imperatoris.
730 3559 809 3615 Ne
874 3562 1129 3615 mulieres
1172 3561 1393 3630 quidem
1436 3576 1495 3615 se
1516 3564 1582 3615 ab
1607 3560 1709 3617 lioc
1752 3563 1936 3632 iniquo
2000 3576 2147 3621 metu
2189 3568 2594 3633 abstinuerunt,
2624 3570 2720 3625 sed
2778 3584 2857 3625 ea:
2920 3583 3141 3639 quoque
3186 3567 3429 3638 maligno

135 3656 368 3711 fuerunt
445 3670 569 3723 pars
614 3670 898 3722 germana.
949 3654 1120 3709 Erant
1172 3657 1419 3725 quasdam
1454 3658 1731 3723 mulieres,
1774 3673 1893 3729 Quae
1933 3663 2137 3717 mundo
2198 3663 2607 3719 delectabantur
2636 3673 2691 3719 et
2746 3673 2906 3717 erant
2957 3663 3210 3717 obnoxiae
3254 3662 3431 3717 vitiis.

136 3754 273 3822 Qum
323 3752 566 3823 quidem,
628 3753 772 3819 quod
809 3753 878 3806 ab
912 3753 1053 3805 illius
1085 3752 1266 3823 lingua
1297 3754 1555 3808 stuciatae
1608 3754 1870 3818 fuerant,
1940 3758 1995 3811 in
2063 3775 2188 3814 eum
2251 3761 2611 3815 vehementes
2661 3758 2979 3827 concipiunt
3040 3766 3095 3813 et
3140 3755 3431 3827 effundunt

138 3850 398 3918 spiritus.
458 3846 608 3911 Quos
646 3855 827 3899 autem
880 3844 1334 3908 habuitacriores
1390 3846 1512 3898 aliis
1557 3846 1924 3911 adversarios,
1988 3850 2023 3903 ii
2085 3850 2330 3916 fuerunt,
2390 3850 2733 3906 Alexandria:
2758 3845 3429 3918 Thenphilus,Berrhma:

137 3943 381 3998 Aeacius
412 3982 427 4004 ,
490 3939 818 3993 Severianus
885 3936 1214 3992 Gabalorutn
1248 3977 1263 4002 ,
1318 3949 1373 3993 ct
1425 3939 1731 3994 Antiochus
1762 3940 2134 4000 Ptolemaidis.
2200 3943 2405 3999 Praeter
2426 3944 2547 4010 bos,
2577 3944 2687 3998 duo
2704 3939 3030 4011 presbyteri,
3060 3947 3114 3994 et
3180 3939 3426 4009 quinque

137 4039 360 4095 diaconi
396 4035 559 4091 simul
586 4045 908 4103 eruperunt.
940 4033 1245 4104 Cercopum
1304 4037 1416 4105 (f7)
1450 4036 1759 4104 improbum
1802 4042 2093 4109 quemdam
2149 4050 2354 4096 centum
2404 4055 2500 4096 eos
2550 4038 2750 4095 dixerit
2816 4036 3110 4107 quispiam,
3153 4044 3248 4088 aut
3280 4033 3432 4090 viros

140 4137 475 4207 sanguinum
537 4141 591 4186 et
644 4131 849 4185 fraudis
883 4171 897 4191 ,
954 4140 1013 4185 ut
1058 4146 1088 4185 e
1133 4131 1316 4186 divina
1373 4131 1655 4201 Scriptura
1695 4134 1740 4165 ³³
1781 4136 1983 4207 aliquid
2033 4137 2248 4192 dicatur
2313 4135 2513 4207 potius.
2594 4134 2701 4189 Sed
2741 4133 2913 4189 satius
2963 4131 3195 4187 fortasse
3253 4128 3424 4185 fuerit

140 4231 459 4289 ostendere,
498 4229 768 4283 undenam
799 4227 1001 4281 bellum
1042 4228 1274 4297 cmperit
1298 4228 1351 4280 in
1391 4226 1657 4283 Ecclesia.

210 4320 341 4378 AA’.
374 4318 484 4375 Ἦν
514 4337 598 4381 τις
634 4325 690 4373 ὲν
723 4320 1103 4389 Ἀλεξανδρείᾳ
1128 4321 1517 4390 πρεσϐύτερος.
1550 4321 1731 4376 τοῦνο-

1914 4319 2152 4376 XXXIV.
2203 4320 2333 4373 Erat
2371 4315 2712 4373 Alexandria:
2758 4311 3043 4384 presbyter
3070 4310 3294 4380 quidam
3325 4326 3427 4366 no-

150 4434 228 4486 μα
260 4416 493 4480 Πέτρος,
528 4414 622 4467 τοῦ
646 4413 1047 4484 πρεσϐυτερίου
1077 4418 1175 4483 τῆς
1204 4416 1323 4467 κατ’
1348 4417 1479 4469 αὐτὸ
1511 4417 1740 4488 Ἐκκλη-

149 4508 274 4567 σίας
310 4506 426 4558 τῶν
449 4506 734 4575 πρωτείων
763 4506 1189 4575 ἐπειλημμένος.
1231 4506 1418 4574 Τούτῳ
1448 4507 1516 4559 δι’
1536 4506 1739 4576 ἔχθρας

147 4599 177 4650 ὀ
211 4597 481 4663 Θεόφιλος
526 4598 626 4649 οὐκ
656 4592 755 4649 οἷδ’
798 4596 921 4650 ὅθεν
943 4597 1236 4666 γενόμενος
1262 4598 1519 4667 (ἐπείπερ
1540 4594 1607 4669 ἦν
1642 4616 1741 4651 κα-

146 4709 242 4744 κου
253 4693 484 4759 ργῆσαι,
516 4691 613 4743 καὶ
628 4688 882 4760 διαϐολὴν
912 4690 1186 4742 συνθεῖναι
1208 4689 1314 4741 τῶν
1333 4691 1395 4742 ὲκ
1415 4690 1509 4742 τοῦ
1529 4691 1741 4757 ,παντὸς

147 4788 348 4848 αἰῶνος
396 4784 778 4856 ποριμὼτατός
822 4801 879 4837 τε
928 4786 1024 4839 καὶ
1077 4783 1485 4854 σκολιὼτατος),
1543 4785 1734 4855 μῶμον

149 4876 418 4930 ἔσπευδεν
445 4877 785 4943 ἐπενεγκεῖν,
808 4874 883 4937 ὼς
919 4874 1007 4946 εἴη
1042 4875 1279 4943 γυναῖκα
1320 4893 1443 4928 τινα
1476 4875 1573 4945 τῆς
1622 4877 1733 4928 τῶν

149 4967 473 5036 Μανιχαξων
502 4966 769 5035 αἱρέσεως
800 4966 861 5019 τὸ
890 4966 1061 5035 μῦσος
1108 4965 1265 5019 οΰπω
1292 4968 1387 5036 τῆς
1412 4966 1732 5031 κακοδοξίας

151 5060 536 5129 ἀπωσαμένην
583 5061 663 5122 είς
708 5060 998 5112 κοινωνίαν
1048 5058 1517 5131 παραδεξάμενος.
1559 5060 1735 5112 Αὑτοῦ

185 5151 209 5202 ὲ
237 5149 642 5217 διατεινομένου
669 5150 764 5203 καὶ
787 5150 881 5219 τῆς
906 5150 1065 5220 δόξης
1091 5150 1261 5222 αὐτὴν
1294 5150 1732 5221 μετατεθεῖσθαι,

157 5244 254 5297 καὶ
284 5242 430 5293 κατὰ
465 5242 690 5312 γνώμην
717 5241 796 5313 τῷ
849 5243 944 5295 νῦν
973 5244 1268 5314 κατηγόρῳ
1305 5242 1511 5311 ταύτην
1554 5261 1733 5314 παρα-

152 5329 425 5399 δεδέχθαι,
470 5322 565 5382 ttat
629 5332 885 5402 μάρτυρα
939 5337 1146 5388 τούτων
1203 5336 1294 5387 τὸν
1350 5334 1738 5408 Πηλουσιὼτην

168 5423 440 5489 Ἰσίδωρον
479 5424 877 5492 παριστῶντος.
903 5426 1072 5498 ἄνδρα
1115 5427 1218 5500 βίῳ
1252 5445 1312 5483 τε
1346 5429 1440 5481 καὶ
1468 5428 1613 5500 λόγῳ
1642 5430 1738 5485 ἕνα

156 5512 265 5566 τῶν
307 5512 507 5565 πολλοῦ
544 5512 702 5582 λόγου
767 5517 1197 5589 κατηξιωμένων
1245 5519 1589 5590 ὑπάρχοντα,
1648 5521 1739 5576 ὑπ’

227 5673 271 5705 "
302 5671 405 5727 ιω.
436 5688 564 5736 xxx,
592 5672 639 5727 1.
719 5673 764 5704 ³³
789 5671 932 5729 Psal.
972 5691 1078 5741 Liv,
1106 5678 1199 5730 26.

224 5832 272 5905 (ἔ
283 5834 338 5903 7)
375 5835 441 5889 ΑΙ
486 5834 817 5894 Cerdonum.

1836 4416 1984 4471 mine
2015 4414 2231 4477 Petrus,
2263 4413 2352 4480 qui
2390 4413 2443 4464 In
2481 4409 2857 4479 presbyteratu
2879 4420 2991 4461 sure
3022 4402 3279 4458 Ecclesiae
3309 4403 3423 4473 pri-

1839 4523 1956 4562 mas
1996 4513 2179 4576 partes
2229 4504 2562 4559 obtinuerat.
2592 4500 2643 4554 ls
2665 4514 2791 4554 cum
2822 4498 3011 4553 nescio
3052 4495 3330 4566 quomodo
3360 4494 3415 4550 in

1838 4601 2020 4656 odium
2078 4595 2319 4652 venisset
2356 4592 2663 4663 Theophilo
2708 4591 2966 4663 quoniam
2998 4588 3066 4643 ad
3096 4586 3422 4642 machinan—

1839 4694 1967 4749 dum
1995 4689 2199 4761 aliquid
2227 4698 2282 4743 et
2311 4687 2628 4743 struendam
2660 4684 3011 4745 calumniam,
3051 4690 3171 4735 erat
3204 4694 3418 4739 eorum.

1840 4784 1935 4855 qui
1966 4800 2033 4838 ex
2079 4793 2193 4837 toto
2247 4780 2448 4836 saeculo
2504 4778 2749 4844 fuerunt,
2777 4774 3275 4847 ingeniosissimus,
3309 4786 3429 4826 non

1837 4892 2006 4950 parva
2055 4875 2174 4930 labe
2204 4889 2301 4945 per
2326 4872 2570 4927 fraudem
2601 4885 2726 4925 eum
2753 4868 3012 4938 aspergit,
3041 4879 3239 4936 nempe
3268 4863 3419 4934 quod

1843 4969 2126 5024 mulierem
2194 4964 2485 5035 quamdam
2539 4961 2762 5017 haeresis
2817 4959 3262 5021 Manichaeorum,
3297 4969 3418 5010 cum

1844 5075 1963 5115 eam
2013 5057 2402 5114 exsecrandam
2454 5055 2700 5110 nondum
2744 5052 3035 5120 repulisset
3071 5049 3416 5119 opinionem,

1843 5149 2152 5205 admisisset
2173 5148 2240 5202 ad
2270 5145 2730 5203 communionem.
2764 5144 2842 5199 Eo
2888 5152 3069 5197 autem
3112 5146 3418 5198 asserente,

1844 5255 1896 5298 et
1920 5244 2091 5312 ipsam
2124 5242 2274 5311 prius
2295 5240 2442 5294 illam
2469 5238 2754 5307 abiurasse
2777 5236 3116 5307 opinionem,
3136 5241 3190 5286 et
3218 5228 3421 5283 admis-

1844 5350 1959 5391 sam
1992 5348 2113 5388 esse
2134 5348 2165 5388 e
2200 5331 2471 5387 sententia
2502 5331 2622 5399 ejus
2646 5329 2740 5399 qui
2770 5344 2919 5384 nunc
2953 5335 3037 5382 est
3058 5321 3417 5381 accusatoris.

1848 5438 2104 5497 tanquam
2164 5426 2270 5481 hoc
2322 5439 2429 5479 non
2474 5422 2748 5479 sufficeret
2784 5422 2850 5476 ad
2891 5420 3052 5475 fidem
3090 5411 3421 5475 faciendam,

1848 5519 1915 5575 ab
1941 5532 2006 5575 eo
2029 5531 2245 5589 quoque
2270 5515 2535 5573 adductus
2566 5523 2648 5572 est
2678 5512 2833 5572 testis
2862 5512 3099 5570 Isidorus
3121 5509 3424 5567 Pelusiota.
