4178 6484
131 449 268 514 illi)

1153 456 1330 514 VlTA
1368 457 1428 515 S.
1467 453 1784 516 JOANNIS
1814 455 2368 514 CHRYSOSTOML

3239 446 3374 508 ll50

128 567 328 626 παντὸς
357 563 764 633 πεπληρωμένη
786 565 953 634 ψυχή.
987 565 1148 618 Ἀλλὰ
1176 565 1418 635 Σιλσανῷ
1449 567 1696 635 γράφων.

1816 565 2094 635 Sylvanum
2125 566 2440 632 episcOpum
2465 561 3036 631 llicrosolymitanum.
3063 559 3169 613 Sed
3194 575 3260 613 ne
3297 561 3374 614 sic

123 657 233 705 Οὐκ
256 655 384 710 ἔδει,
415 653 592 720 ἔλεγε,
635 653 788 724 παρὰ
819 654 880 706 τὸ
927 656 1052 722 ἐμοὶ
1088 655 1279 708 δοκοῦν
1330 655 1694 724 ὐποδεχθῆναι

123 748 248 806 τοὺς
275 745 544 811 φυγάδας.
583 746 912 814 Συγγνωστὴ
947 746 1003 799 δὲ
1044 746 1255 814 ἄγνοια.
1288 747 1435 818 Πλὴν
1473 747 1608 799 ἀλλὰ
1637 747 1698 799 τὸ

126 834 262 901 μετὰ
289 833 465 885 ταῦτα
491 834 572 885 δεῖ
609 835 823 896 πάντως
851 835 988 903 μήτε
1019 833 1477 902 ἐκκλησιαστικοῦ
1514 835 1697 897 αὐτοῖς

121 925 314 978 τόπτυ.
352 925 490 992 μήτε
555 922 826 976 ίδιωτικοῦ
882 926 1182 978 κοινωνεῖν.
1241 924 1427 983 Οὕτως
1478 927 1556 987 είς
1592 927 1700 978 πᾶν

125 1017 364 1084 ἀπορίας
407 1015 653 1077 ἐλθόντες
701 1016 748 1078 οἱ
789 1017 1013 1084 μοναχοὶ
1066 1015 1207 1068 κατὰ
1244 1017 1422 1068 πᾶσαν
1457 1017 1700 1082 ἀνάγκην

123 1110 290 1160 τὸπ-ῖν
345 1110 407 1159 ἐκ
452 1111 617 1159 τόπου
659 1107 898 1176 συνεχῶς
947 1107 1375 1170 διαλλάττοντες,
1415 1107 1552 1176 πρὸς
1606 1110 1701 1174 τὴν

124 1201 544 1252 Κωνσταντίνου
591 1199 846 1265 φοιτῶσι·
881 1199 976 1250 καὶ
1021 1198 1110 1267 τῷ.
1132 1199 1282 1266 καλῴ
1326 1199 1495 1267 τούτῳ
1535 1215 1698 1268 προσο

125 1288 374 1349 ελθὸντες
407 1287 626 1355 ποιμένι
663 1288 789 1358 (τίνι
819 1287 926 1355 γὰρ
961 1287 1026 1340 ἂν
1053 1290 1146 1339 καὶ
1177 1284 1322 1355 εἶχον
1352 1289 1522 1356 ἑτέρῳ
1544 1287 1605 1355 ς),
1628 1287 1704 1355 τῷ

123 1379 316 1438 γλυκεῖ
353 1380 450 1445 μὲν
473 1379 570 1447 τὴν
601 1379 869 1444 γλῶτταν,
902 1379 1037 1447 ἐλέῳ
1070 1379 1126 1431 δὲ
1164 1377 1343 1447 πολλῷ
1364 1378 1480 1447 τὴν
1527 1379 1704 1448 ψυχὴν

125 1469 525 1538 ίὶαρυνομένῳ,
551 1471 758 1522 ἐδέοντο
789 1470 1002 1539 βοηθεῖν
1033 1472 1216 1532 αὐτοῖς
1248 1471 1468 1539 πονηρῷ
1496 1472 1705 1541 ἀνθρώ·

122 1578 208 1629 πει
246 1561 624 1630 περιπεςοῦσι,
672 1564 767 1614 καί
800 1566 929 1631 παρ’
987 1563 1148 1614 αὐτοῦ
1196 1563 1422 1616 πλεῖστα
1461 1565 1559 1616 ὅσα
1606 1582 1704 1616 πει

123 1654 346 1704 πονθόσι
393 1653 562 1714 δεινὰ,
589 1655 682 1704 καὶ
707 1654 758 1704 τί
808 1654 916 1722 γὰρ
949 1652 1099 1715 ἄλλο,
1137 1655 1317 1720 φασὶν,
1349 1654 1380 1721 ἢ
1417 1656 1509 1707 καὶ
1537 1656 1706 1724 αὐτῆς

123 1743 248 1808 ἄρτι
281 1741 567 1808 φθονοῦντι
608 1743 700 1793 καὶ
742 1737 840 1810 τῆς
869 1741 1046 1808 ζωῆςς
1110 1742 1335 1802 Τούτοις
1389 1743 1637 1813 προσχὼν
1679 1750 1706 1799 ὁ

125 1837 426 1900 μακάριος,
478 1833 569 1884 καὶ
623 1830 745 1884 ἰδὼν
793 1832 994 1900 ἄνδρας
1051 1833 1132 1894 εἰς
1181 1835 1524 1903 πεντήκοντα
1580 1853 1706 1888 συν-

1797 656 2015 724 quidem
2045 669 2141 708 eos
2173 655 2332 709 scivit
2354 654 2639 723 quiescere
2669 654 2755 705 illa
2783 652 2931 706 omni
2956 651 3188 708 tumultu
3212 651 3373 720 plena

1798 763 2012 817 semper
2059 748 2259 809 anima,
2297 748 2388 801 sed
2452 749 2699 801 scribens
2747 746 2813 800 ad
2869 743 3164 814 Sylvauum
3199 761 3212 796 :
3252 740 3370 794 Non

1799 840 2103 908 oportebat,
2135 839 2329 906 inquit,
2365 839 2587 892 omnino
2619 847 2815 906 prmtcr
2836 851 3009 890 meam
3042 833 3372 888 voluntatem

1803 947 1952 986 uicos
1993 931 2166 997 excipi
2215 929 2488 996 fugitivos.
2527 929 2858 998 Ignorantia;-
2889 936 3070 979 autem
3100 932 3179 977 est
3231 922 3376 992 igneo

1801 1022 2080 1078 scendum.
2109 1021 2151 1072 si
2185 1020 2443 1086 deinceps
2471 1021 2553 1071 isti
2585 1035 2689 1072 non
2717 1017 3095 1077 ecclesiastici,
3114 1030 3226 1067 non
3261 1012 3370 1080 pri-

1806 1115 1907 1167 vati
1962 1113 2062 1164 loci
2115 1111 2316 1164 fni-rint
2378 1111 2602 1162 omnino
2642 1109 2781 1177 apud
2825 1119 2876 1160 te
2932 1104 3244 1176 participes.
3285 1100 3378 1156 Sic

1804 1221 1925 1258 cum
1951 1204 2133 1256 animo
2174 1204 2320 1255 omni
2358 1218 2422 1254 cx
2458 1210 2607 1270 parte
2651 1201 2796 1254 dubii
2833 1211 2882 1253 et
2923 1197 3162 1267 perplexi
3195 1201 3380 1248 essent

1807 1295 2083 1357 monachi,
2117 1294 2424 1346 ncceSsario
2455 1309 2562 1361 quo
2603 1292 2977 1345 intercedebat
3007 1290 3203 1342 itinere
3240 1302 3378 1341 con-

1807 1389 1971 1440 lecto.
1995 1385 2223 1438 veniunt
2242 1383 2766 1452 Constantinopolim
2793 1399 2804 1432 :
2832 1391 2887 1435 et
2909 1382 2974 1434 ad
3011 1381 3210 1433 bonum
3235 1379 3381 1432 hunc

1808 1480 1894 1547 (ad
1927 1493 2086 1546 quem
2121 1477 2266 1530 enim
2303 1476 2468 1528 alium
2504 1477 2786 1542 possent?)
2820 1485 3088 1543 pastorem
3117 1470 3381 1524 acceden-

1808 1582 1904 1627 tes.
1938 1570 2027 1638 qui
2060 1578 2177 1622 erat
2228 1569 2408 1635 lingua
2443 1567 2661 1633 quidem
2697 1567 2892 1628 dulcis,
2945 1580 3140 1634 magna
3196 1571 3378 1616 autem

1808 1661 2173 1716 misericordia
2197 1659 2433 1713 animam
2467 1659 2699 1712 habebat
2720 1658 3093 1711 cxhilaratam.
3121 1655 3384 1724 rogabant

1809 1763 1866 1803 ut
1891 1750 1970 1803 eis
2013 1750 2181 1803 ferret
2211 1750 2494 1804 auxilium.
2521 1749 2612 1815 qui
2647 1750 2699 1801 in
2733 1750 2933 1801 malum
2965 1748 3138 1799 virum
3172 1743 3380 1798 incide-

1811 1852 1952 1902 rant,
1979 1852 2028 1895 et
2057 1843 2125 1895 ab
2163 1856 2229 1893 eo
2261 1857 2321 1892 ea
2359 1843 2498 1908 passi
2530 1825 2655 1894 sunt
2703 1841 2863 1898 mala.
2905 1855 3024 1906 qua:
3055 1838 3228 1891 ιιιιὶΙιιΔ
3268 1836 3384 1891 fere

123 1924 569 1991 αριθμουμ-ἐνους
596 1964 610 1987 ,
671 1924 730 1974 τὸ
782 1923 970 1992 σχῆμα
1009 1924 1592 1993 διακεκοσμημένους,
1647 1927 1708 1978 τὸ

1816 1935 1974 1987 Ιιοιηο
2027 1934 2095 1986 ab
2135 1933 2394 1985 homine:
2425 1943 2498 1990 et.
2544 1933 2672 2002 quid
2708 1933 2854 1986 cnim
2887 1932 3055 1986 aliud.
3107 1929 3381 1996 inquiunt,

127 2016 350 2083 βλέμμα
386 2013 852 2079 κεκολασμένους,
888 2015 986 2082 τὴν
1030 2014 1270 2076 ἔντευξιν
1309 2015 1667 2075 ἀπαιδεύτους
1691 2057 1704 2078 ,

126 2108 235 2159 ὑπὸ
263 2105 434 2174 πολλῇ
475 2107 540 2174 τῇ
587 2106 734 2173 τήξει
769 2105 876 2156 τῶν
909 2105 1086 2172 μελῶν
1117 2107 1318 2174 ἀρετὴν
1347 2107 1478 2176 ὅσην
1507 2107 1708 2176 ἐμφαί-

124 2215 320 2256 νοντας
381 2199 884 2268 ἔπικρυπτομένην,
936 2199 1133 2269 ἠλέησε
1171 2216 1232 2252 τε
1273 2203 1370 2268 τῆς
1399 2203 1706 2269 συμφορᾶς,

125 2289 222 2342 καὶ
256 2290 625 2357 παρᾶκλησιν,
665 2288 731 2358 ἦν
761 2283 875 2357 εἶχε
905 2290 1040 2358 πρὸς
1091 2290 1151 2341 τὸ
1205 2290 1404 2359 παρὸν,
1445 2295 1708 2361 παρεῖχεν

124 2381 336 2442 αὐτοῖς,
384 2381 454 2432 τὰ
493 2381 744 2450 δάκρυα,
781 2381 874 2433 καὶ
920 2382 982 2433 τὺ
1030 2381 1188 2449 δῆλον
1229 2383 1472 2448 γίνεσθαι
1517 2386 1710 2437 συναλ-

126 2470 335 2538 γοῦντα
367 2474 480 2533 τοῖς
503 2472 683 2524 αὐτῶν
713 2471 960 2525 πάθεσιν.
1003 2468 1135 2524 Εἶτα
1175 2471 1363 2541 μαθὼν
1386 2474 1461 2536 ὡς
1499 2469 1611 2542 εἶχε
1645 2475 1712 2526 τὰ

127 2560 250 2612 κατ’
290 2560 513 2625 αὐτοὺς,
539 2561 596 2611 ὲν
639 2563 772 2629 τιμῇ
807 2560 907 2628 μὲν
938 2555 1061 2628 ἦγε,
1101 2561 1194 2615 καὶ
1225 2563 1408 2630 μένειν
1445 2563 1716 2632 ἐπέτρεψε

131 2650 275 2712 τέως
307 2650 449 2702 κατὰ
481 2651 572 2702 τὸν
611 2650 947 2720 καλούμενον
982 2651 1341 2711 Ἀναστασίας
1370 2651 1506 2703 νεών
1529 2667 1542 2681 ·
1578 2671 1720 2722 παρ-

126 2742 365 2813 ήγγειλε
413 2743 470 2795 δὲ
528 2744 716 2812 μηδενὶ
761 2743 858 2813 τὴν
892 2747 1071 2796 αἰτίαν
1103 2743 1324 2810 ἔκδηλον
1383 2744 1572 2797 θέσθαι
1616 2748 1716 2814 τῆς

128 2833 317 2887 αὐτῶν
359 2835 682 2902 παρουσίας,
727 2835 1010 2896 κοινωνίας
1061 2850 1124 2900 γε
1179 2835 1283 2903 μὴν
1314 2835 1376 2886 οὐ
1420 2836 1714 2903 μετέδωκε,

130 2925 208 2994 μὴ
226 2923 343 2976 δεῖν
371 2922 628 2996 εἰρηκὼς,
660 2925 816 2994 ἄχρις
846 2925 912 2984 ἂν
939 2923 1184 2994 Θεοφίλῳ
1217 2926 1347 2995 περὶ
1380 2926 1558 2979 αὐτῶν
1580 2928 1716 2996 γρά-

126 3018 308 3084 ψειεν.

1809 2026 1887 2077 vel
1915 2025 2082 2090 ipsam
2117 2024 2276 2077 modo
2298 2025 2496 2078 invidwt
2532 2022 2882 2077 vitam‘Hhec
2914 2035 3037 2074 cum
3061 2018 3384 2073 attendisset

1809 2114 1887 2166 vir
1917 2115 2127 2170 beatus.
2163 2125 2218 2169 et
2257 2117 2479 2169 vidisset
2514 2114 2659 2164 viros
2699 2127 2928 2164 numero
2968 2109 3382 2178 quinquaginta.

1810 2208 1960 2260 vultu
1990 2210 2320 2273 moderatos,
2379 2223 2632 2262 sermone
2667 2207 2939 2267 eruditos,
2973 2218 3163 2273 magna
3207 2219 3383 2256 mem-

1812 2300 2034 2352 brorum
2067 2301 2432 2354 maceratione.
2471 2301 2730 2352 latcmem
2758 2313 3006 2367 magnam
3031 2296 3386 2349 ostendentes

1811 2389 2088 2452 virtutem,
2138 2391 2394 2444 misertus
2438 2400 2521 2444 est
2569 2402 2754 2441 eorum
2805 2385 3148 2440 calamitatis.
3186 2381 3386 2448 Quidni

1810 2483 1955 2534 cnim
1998 2483 2351 2536 misereretur
2402 2484 2481 2537 sic
2529 2482 2870 2539 allectorum,
2907 2479 2998 2548 qui
3039 2490 3158 2532 erat
3193 2479 3388 2529 huma-

1811 2573 2113 2626 nissiinus?
2151 2573 2216 2627 Et
2269 2589 2430 2642 quam
2467 2574 2611 2625 domi
2671 2572 2905 2624 habebat
2935 2569 3386 2628 consolationem,

1812 2677 1937 2717 ante
1966 2667 2145 2718 omnia
2183 2666 2261 2720 eis
2315 2667 2564 2735 praebuit.
2598 2666 2886 2732 lacrymas,
2915 2672 2970 2716 et
2996 2672 3182 2729 aperte
3209 2672 3392 2714 ost-en-

1814 2757 1912 2816 dit,
1954 2773 2013 2810 se
2041 2773 2105 2810 ex
2140 2773 2326 2811 eorum
2354 2758 2508 2811 malis
2531 2757 2690 2809 simul
2716 2771 2837 2807 cum
2869 2754 2950 2808 eis
2975 2755 3215 2807 dolorem
3244 2753 3389 2806 acci-

1825 2861 1974 2912 pere.
2041 2847 2242 2901 llcinde
2277 2862 2399 2900 cum
2452 2845 2908 2916 quemadmodum
2962 2857 3050 2896 res
3109 2857 3299 2896 eorum
3332 2855 3393 2894 se

1825 2937 2090 2990 haberent
2113 2937 2414 2998 didicisset,
2444 2951 2538 2989 cos
2569 2936 2790 3004 quidem
2826 2933 3014 2986 habuit
3054 2933 3106 2984 in
3161 2932 3388 2992 honore,

1824 3036 1876 3077 et
1907 3028 2063 3090 jussit
2100 3043 2194 3081 eos
2219 3030 2270 3080 in
2305 3027 2591 3095 pra'sentia
2648 3040 2869 3079 manere
2897 3026 2949 3078 in
2981 3023 3203 3090 templo.
3244 3021 3392 3088 quod

128 3119 364 3164 vocatur
403 3107 702 3162 Anastasia
735 3128 748 3162 :
777 3107 940 3176 jussit
971 3118 1153 3162 autem
1222 3123 1318 3164 eos
1383 3109 1621 3179 linguam
1690 3117 1992 3182 continere,
2044 3129 2099 3172 et
2131 3119 2334 3172 nemini
2385 3132 2605 3171 causam
2659 3116 2871 3186 aperire
2915 3130 3015 3168 cur
3064 3114 3390 3168 venissent:

134 3203 537 3257 communione
569 3218 698 3256 vero
762 3216 858 3255 eos
901 3217 1010 3254 non
1060 3202 1344 3271 impertiit,
1398 3203 1588 3258 dicens
1637 3222 1747 3260 non
1786 3222 2040 3280 oportere
2075 3252 2089 3278 ,
2154 3227 2435 3281 quousque
2490 3210 2558 3264 de
2604 3210 2685 3264 eis
2736 3207 3050 3277 scripsisset
3099 3205 3167 3258 ad
3220 3203 3397 3257 Theo-

129 3297 372 3369 philum.

204 3385 299 3440 M'.
333 3385 484 3439 Ἐπεὶ
514 3387 570 3439 δὲ
604 3388 698 3440 καὶ
741 3387 936 3456 συνέϐη
971 3389 1092 3441 τότε
1121 3389 1230 3443 τῶν
1259 3390 1519 3457 Θεοφίλου
1555 3391 1707 3453 τινὰς

1884 3394 1995 3450 XL.
2037 3393 2170 3446 Cum
2218 3402 2400 3446 autem
2437 3393 2752 3461 contigisset
2783 3388 3044 3458 quosdam
3085 3401 3151 3439 ex
3188 3384 3395 3438 familia

127 3483 190 3532 ἐν
244 3483 315 3548 τῇ
375 3481 785 3533 Κωνσταντίνου
850 3483 1136 3550 παρεῖναι,
1215 3483 1714 3552 μεταπεμψάμενος

127 3573 326 3641 ἠρώτα
350 3575 396 3622 εἰ
427 3571 661 3633 τοὺςνῧν
693 3572 1088 3643 προσελθόντας
1111 3573 1336 3634 τούτους
1364 3573 1512 3644 ἴσασι
1544 3591 1714 3642 μονα-

128 3665 287 3733 χούς.
319 3664 459 3724 Τοὺς
495 3664 550 3716 δὲ
572 3664 666 3716 καὶ
699 3663 988 3731 γινώσκειν
1023 3665 1210 3733 φάναι,
1250 3669 1345 3716 καὶ
1376 3668 1442 3717 τὰ
1471 3664 1717 3733 χαλεπώ·

129 3773 277 3808 tam
343 3754 545 3817 αὐτοὺς
617 3754 920 3807 συνειδέναι
983 3757 1135 3821 παρὰ
1179 3753 1441 3821 Θεοφίλου
1498 3756 1714 3808 παθεῖν.

130 3849 349 3917 Γράφει
403 3847 631 3900 τοίνυνὸ
664 3847 838 3916 μέγας
899 3845 1072 3916 creat».
1103 3847 1199 3898 καὶ
1242 3846 1384 3910 ἀξιοῖ
1434 3846 1590 3900 λῦσαι
1617 3848 1717 3917 τὴν

129 3943 308 4009 ὀργὴν
356 3943 466 4000 τοῖς
505 3938 769 4009 ἀνδράσι,
812 3939 1127 4009 παραδοχῆς
1178 3955 1236 3990 τε
1287 3937 1518 4002 ἀξιῶσαι
1580 3956 1716 3990 σκυ-

134 4031 365 4101 θρωπὸν
437 4030 669 4100 ἐχούσης
717 4031 891 4082 οὐδέν.
938 4031 997 4082 '0
1071 4029 1130 4082 δέ
1195 4030 1547 4098 ὑποκρίνεται
1621 4031 1719 4098 μὲν

132 4121 393 4183 ἀκοῦσαι,
461 4121 849 4190 μετακαλεῖται
873 4121 929 4173 δὲ
975 4122 1102 4184 τοὺς
1150 4122 1399 4192 ἀγύρτας
1454 4123 1718 4183 ἐκείνους,

134 4207 222 4273 οἷς
247 4212 319 4262 τὰ.
345 4213 444 4281 τῆς
505 4212 811 4279 ἐπισκοπῆς
857 4213 950 4264 καὶ
996 4213 1094 4280 τῆς
1143 4214 1444 4282 ἱερωσύνης
1489 4212 1722 4275 ἀναξίως

134 4303 460 4363 ἐπίστευσε,
524 4305 616 4356 καὶ
674 4305 971 4371 λιϐέλλους,
1028 4304 1120 4365 οὓς
1189 4306 1394 4367 ἐκεῖνος
1451 4303 1724 4358 ἐπλάσατο

138 4397 285 4448 κατὰ
308 4395 419 4446 τῶν
441 4395 670 4465 ἀνδρῶν,
696 4397 1005 4463 ἐγχειρίσας
1027 4397 1299 4465 ἐκπέμπει
1320 4398 1451 4465 πρὸς
1475 4395 1722 4463 βασιλέα,

137 4489 362 4558 αἳρεσιν
398 4487 578 4539 αὐτῶν
614 4491 702 4540 καὶ
723 4490 984 4558 γοητείαν
1019 4488 1527 4556 καταψευσάμενος,
1555 4489 1582 4538 ὁ
1625 4487 1723 4556 τὴν

141 4579 458 4646 συνείδησιν
515 4578 840 4647 διάστροφος
895 4579 1090 4646 κομιδῇ
1134 4582 1227 4630 καὶ
1267 4578 1721 4646 κατεψευσμένος.

150 4672 311 4724 Ἐπεὶ
361 4665 454 4722 οὖν
487 4672 535 4722 οί
565 4670 842 4723 σπουδαῖοι
904 4664 1050 4722 οὗτοι
1088 4669 1178 4720 καὶ
1225 4669 1483 4735 θεοφιλεῖς
1536 4671 1725 4738 ἄνδρες

1819 3487 2106 3556 Theophili
2160 3489 2351 3540 adesse
2401 3482 2873 3550 Constantinopoli
2903 3523 2918 3541 .
2961 3495 3056 3534 eos
3103 3479 3397 3532 accersitos

1821 3578 2137 3647 interrogat,
2179 3592 2248 3629 an
2285 3584 2620 3643 cognoscant
2645 3589 2761 3629 eos.
2789 3572 2880 3642 qui
2911 3585 3060 3624 nunc
3092 3583 3394 3629 accessere,

1821 3669 2138 3722 monachos.
2188 3667 2268 3720 llli
2308 3676 2490 3718 autem
2523 3665 2781 3718 dixerunt
2831 3676 2890 3714 se
2929 3669 2984 3713 et
3033 3674 3215 3718 nosse,
3255 3667 3310 3710 et
3339 3672 3398 3711 se

1822 3761 1963 3815 scire
1993 3775 2086 3812 eos
2115 3775 2238 3812 esse
2293 3758 2607 3826 gravissima
2643 3769 2831 3824 passos
2877 3768 2907 3806 a
2957 3750 3262 3819 Theophila
3317 3749 3397 3803 Ad

1823 3853 1998 3922 ipsum
2024 3867 2153 3921 ergo
2182 3852 2372 3904 scribit
2414 3851 2501 3903 ille
2533 3851 2614 3902 vir
2665 3863 2916 3914 magnus.
2951 3857 3003 3901 et
3034 3855 3187 3916 rogat
3221 3854 3279 3898 ut
3312 3844 3398 3898 his

1824 3945 1955 3998 viris
1986 3943 2141 3996 irasci
2172 3943 2403 4001 desinat,
2442 3955 2646 4008 eosque
2674 3939 2924 4007 accipiat,
2961 3948 3017 3992 et
3046 3952 3236 3989 eorum
3265 3953 3397 3990 con-

1823 4045 2065 4104 sper-tum
2095 4034 2364 4094 admittat,
2409 4033 2500 4100 qui
2534 4032 2669 4085 nihil
2718 4031 2903 4086 habet.
2945 4028 3086 4097 quod
3117 4029 3164 4080 ei
3205 4026 3399 4080 afferat.

1826 4126 2122 4179 tristitiam.
2144 4125 2238 4178 Ille
2267 4133 2447 4177 autem
2472 4124 2689 4176 simulat
2718 4122 2936 4190 quidem
2965 4136 3023 4173 se
3047 4119 3349 4172 exaudiisse
3379 4134 3396 4182 ;

1825 4220 1917 4273 scd
1953 4234 2046 4271 cor
2080 4218 2199 4285 ejus
2228 4231 2567 4284 nequaquam
2631 4212 3007 4268 consentiebat
3057 4209 3394 4263 cum-labiis.

1825 4314 2068 4364 Accers‘t
2093 4326 2236 4361 en-m
2271 4311 2389 4361 illos
2410 4308 2784 4364 circulatores.
2805 4305 3003 4373 quibus
3028 4306 3397 4376 episcopatum

1826 4414 1877 4456 et
1909 4400 2271 4455 sacerdotium
2305 4399 2527 4467 indigne
2575 4397 2881 4451 crediderat
2917 4403 3016 4448 :et
3062 4393 3140 4446 eis
3192 4389 3400 4444 traditis

1827 4481 2042 4548 libi-llis,
2071 4507 2208 4558 quos
2237 4490 2352 4558 ipse
2382 4491 2644 4543 adversus
2685 4503 2779 4541 eos
2820 4488 2968 4540 viros
2999 4489 3398 4552 composuerat,

1830 4583 1997 4635 mittit
2026 4584 2090 4634 ad
2128 4583 2534 4649 imperatorem,
2581 4583 2634 4633 in
2668 4596 2763 4634 eos
2805 4580 3102 4633 ementitus
3150 4577 3400 4630 lueresim

1830 4681 1879 4724 et
1910 4671 2228 4740 praestigias.
2259 4672 2350 4738 qui
2375 4679 2490 4724 erat
2526 4670 2641 4738 ipse
2673 4670 2825 4723 valde
2848 4682 3105 4738 perversa
3129 4677 3185 4719 et
3211 4680 3402 4719 emcn-

136 4763 368 4815 ἁνίατ-τιν
432 4758 573 4814 εἶναι
625 4762 885 4829 Θεόφιλον
930 4763 997 4815 τὰ
1029 4762 1162 4829 πρὸς
1219 4763 1416 4821 αὐτοὺς
1452 4762 1714 4827 ἔγνωσαν,

1831 4760 1924 4814 tita
1961 4761 2315 4814 conscientia.
2373 4762 2505 4813 (lum
2551 4775 2681 4828 ergo
2735 4759 2820 4812 his
2872 4757 3003 4811 viris
3055 4755 3212 4810 bouis
3259 4763 3406 4807 esset

135 4857 323 4906 ἐκεῖνο
378 4856 551 4905 ποιεῖν
573 4855 949 4922 διεσκέψαντο,
977 4855 1118 4923 ὅπερ
1157 4855 1188 4921 ὴ
1224 4852 1313 4921 βία
1337 4852 1721 4912 συνεϐούλευεν

135 4949 347 5010 αἰετοὺς
402 4947 558 5016 δρᾷ-ι,
627 4950 721 5000 καὶ
768 4947 1072 5017 γράμματα
1113 4947 1504 5012 προσελθόντες
1538 4946 1720 5013 ἐγχει-

138 5043 363 5111 ρίζουσι
421 5042 500 5108 τῷ
547 5040 788 5109 μεγάλῳ,
825 5035 984 5100 ὲνοῖς
1033 5038 1203 5090 πολλὰ
1261 5038 1370 5090 τῶν
1425 5038 1484 5088 οὺ
1544 5035 1722 5088 καλῶν

137 5134 408 5205 πράξεων
439 5133 698 5199 Θεοφίλου
730 5133 1024 5200 ἐγκείμενα
1051 5127 1140 5200 ἦν.
1182 5131 1240 5181 Ὀ
1277 5129 1334 5181 δὲ
1384 5129 1594 5190 τούτοις
1629 5127 1724 5196 μὲν

135 5231 240 5281 καὶ
273 5223 436 5288 αὖθις
466 5226 696 5296 παρῄνει
735 5225 902 5294 μηδὲν
941 5225 1149 5276 ἐκείνου
1183 5223 1506 5289 κατηγορεῖν
1529 5237 1542 5249 ο
1581 5219 1728 5287 αύτῷ

137 5324 196 5375 δὲ
224 5322 439 5391 γράφει
495 5321 678 5383 πάλιν,
730 5320 822 5370 καὶ
863 5316 1173 5384 συγγνῶναι
1219 5317 1328 5374 τοῖς
1360 5313 1618 5385 ἀνδράσιν
1657 5311 1730 5373 ὼς

140 5417 390 5484 τάχιστα
412 5409 795 5480 συμὸουλεύει,
826 5409 1147 5477 νικωμένοις
1183 5407 1283 5477 ἤδη
1317 5408 1407 5458 καὶ
1439 5403 1731 5473 ἐγγράφως

141 5505 321 5562 αὐτοῦ
377 5505 659 5556 κατειπεῖν
717 5501 1088 5572 ὡρμημένοις.
1127 5499 1306 5568 ’Ὀπερ
1338 5493 1430 5550 οὖν
1457 5495 1603 5546 δοκεῖ
1627 5511 1727 5558 σοι,

145 5600 343 5669 φησὶν,
369 5596 458 5648 διὰ
481 5595 690 5664 ταχέων
718 5593 1006 5664 γνώρισον.
1043 5591 1368 5656 Ἀποστῆναι
1393 5591 1502 5656 γὰρ
1529 5587 1729 5654 ἥκιστα

146 5689 246 5744 τοῦ
298 5685 510 5741 σκοποῦ
575 5685 872 5739 πείθονται.
906 5683 1083 5747 ,Οὕτω
1117 5683 1216 5752 μέν
1246 5698 1366 5743 πως
1399 5676 1513 5750 εἶχε
1540 5680 1606 5731 τὰ
1640 5693 1726 5745 γε⁹

149 5777 482 5851 γραμμένα.
545 5778 650 5830 Τὸν
708 5777 764 5829 δὲ
812 5775 974 5838 εὐθὺς
1020 5775 1196 5827 είσὲδυ
1255 5772 1442 5842 μανία,
1500 5773 1598 5824 οὐκ
1646 5769 1732 5820 ἐπ’

151 5871 428 5935 latinia,
468 5867 584 5922 ἀλλ’
611 5867 697 5921 ἐπ’
725 5867 888 5921 αὐτὸν
917 5865 1119 5936 μᾶλλον
1145 5864 1236 5920 τδν
1276 5862 1600 5934 ἀμφοτέρων
1631 5877 1731 5928 κη’

1831 4857 2076 4916 evidens.
2133 4856 2338 4916 odium.
2384 4856 2528 4924 quod
2563 4857 2614 4908 in
2650 4856 2797 4922 ipsos
2847 4859 3174 4921 conceperat
3225 4848 3406 4904 Theo-

1834 4950 2035 5018 philus,
2072 4951 2294 5002 minime
2325 4963 2485 5015 posse
2514 4948 2713 5009 curari,
2746 4947 2816 4999 illi
2852 4955 3175 5014 praesentem
3209 4956 3400 4997 neces—

1835 5039 2046 5091 sitatem
2106 5039 2430 5090 adhibentes
2492 5037 2544 5088 iu
2605 5035 2912 5095 consi!ium,
2975 5049 3170 5101 magno
3207 5031 3402 5086 Joanni

1832 5127 2052 5180 tradunt
2083 5127 2284 5193 scripta
2334 5125 2386 5177 in
2429 5126 2628 5193 quibus
2678 5126 2777 5177 sita
2809 5131 2966 5176 erant
3009 5123 3175 5174 multa
3219 5121 3402 5174 Theo-

1833 5219 1960 5289 )hili
1994 5219 2130 5273 facta
2163 5219 2387 5270 minime
2414 5217 2661 5268 honesta.
2704 5213 2795 5268 Ille
2844 5223 3026 5266 autem
3053 5228 3149 5266 eos
3181 5211 3398 5278 quidem

1833 5325 2027 5363 rursus
2062 5309 2338 5370 admonet,
2376 5316 2434 5360 ut
2458 5321 2581 5360 eum
2616 5305 2749 5358 nihil
2781 5314 3042 5359 accusent
3075 5319 3087 5354 :
3124 5301 3189 5355 ad
3223 5305 3398 5369 ipsum

1836 5416 1965 5455 vero
2003 5401 2212 5460 scribit.
2250 5399 2542 5453 consulens
2573 5405 2634 5451 ut
2679 5397 2758 5450 eis
2808 5395 3212 5464 quamprimum
3244 5391 3401 5461 igno-

1838 5499 1972 5554 scat,
2009 5500 2067 5544 ut
2093 5490 2182 5558 qui
2209 5489 2318 5556 jam
2363 5489 2655 5541 vincantur
2693 5495 2749 5538 et
2778 5485 3040 5537 adversus
3069 5498 3196 5536 cum
3221 5481 3403 5534 dicere

1839 5582 2126 5650 propositis
2143 5580 2356 5648 scriptis
2368 5580 2476 5632 siut
2495 5578 2720 5632 incitati.
2736 5575 2889 5641 Quod
2903 5590 3030 5643 ergo
3052 5574 3145 5628 tibi
3168 5573 3406 5637 videtur,

1840 5672 2451 5744 inquit,quamprimum
2475 5669 2834 5740 signiﬁcetur.
2865 5665 2978 5720 Neu
3009 5673 3238 5734 possunt
3262 5663 3406 5720 enim

1844 5764 2180 5836 persuaderi,
2214 5773 2326 5816 uta
2361 5775 2528 5831 scopo
2557 5759 2844 5814 desistant.
2875 5757 3052 5825 Atque
3083 5758 3161 5808 sic
3189 5752 3408 5822 quidem

1843 5873 1902 5914 se
1962 5856 2232 5912 habebant
2263 5855 2477 5912 litterae.
2513 5852 2649 5910 Eum
2692 5860 2874 5907 autem
2929 5848 3178 5922 protinus
3209 5843 3411 5907 invasit
