4178 6484
141 439 275 503 1161

1117 441 1284 500 VII'A
1331 443 1389 503 S.
1433 441 1757 503 JOANNJS
1800 444 2363 508 CI‘IRYSOSTUMI.

3267 446 3401 511 1162

144 569 325 615 πεται,
359 551 454 603 καί
487 550 675 621 Ὁρᾷς,
707 547 883 616 εἶπεν,
924 546 969 605 ὦ
995 553 1189 623 πάτερ,
1219 556 1294 618 ὡς
1333 557 1400 609 τά
1435 558 1725 628 Ῥωμαίων

1843 566 2033 619 :ersitu
2092 567 2275 620 statim
2334 564 2663 634 Epiphanio,
2703 562 2886 627 Vides,
2943 561 3136 632 inquit,
3168 576 3199 616 ο
3230 573 3404 631 pater,

140 645 353 696 ᾶπαντα
386 645 450 713 τῇ
478 644 583 713 ἐμῇ
617 642 937 697 δεδούλωται
989 645 1227 717 ἐξουσία.
1274 647 1423 701 Ἐπεὶ
1445 649 1501 701 δὲ
1542 649 1723 702 Ἰωαν-

142 756 233 806 vr‘;
285 732 443 798 οὗτος
492 737 615 806 ἑμοί
650 755 707 790 τε
773 739 1009 808 μάλιστα
1037 740 1105 793 δι’
1146 739 1355 813 ἔχθρας
1404 744 1524 797 ἐστὶ
1580 744 1721 797 πάνυ

148 849 246 897 μου
308 830 878 900 καταλαζονευόμενος
925 832 1019 884 καὶ
1054 832 1121 884 τὰ
1169 834 1369 904 ἔσχατα
1432 836 1512 897 εἰς
1574 837 1723 905 ἡμᾶς

142 924 465 992 ἐξυόρὶζων,
497 922 710 989 λέγεται
730 924 785 976 δέ
812 942 936 979 τινα
960 925 1051 977 καὶ
1078 924 1232 990 δόξαν
1266 924 1592 995 πρεσϐεύειν
1626 929 1725 995 τῆς

155 1017 485 1085 Ἐκκλησὲας
509 1016 839 1086 ἀπᾴδουσαν,
867 1019 945 1069 σοὶ
962 1017 1068 1069 τῶν
1093 1017 1399 1088 ἐκκλησιῶν
1413 1017 1601 1069 πασῶν
1628 1017 1725 1087 τὴν

141 1110 315 1179 ἀρχὴν
356 1109 465 1176 ἐγὼ
484 1109 698 1177 δίδωμι,
721 1110 819 1162 διαὶ
850 1110 984 1173 ἁξιῶ
1015 1110 1232 1162 σύνοδον
1258 1110 1377 1163 κατ’
1404 1109 1569 1163 αὑτοῦ
1602 1127 1725 1163 συν-

148 1206 386 1271 αγεῖραι,
409 1202 503 1253 καὶ
532 1202 622 1254 τοῦ
645 1201 858 1271 θρόνου,
894 1201 1140 1272 καθάπερ
1182 1202 1295 1253 ἐστὶ
1315 1202 1541 1264 δίκαιον,
1562 1202 1725 1255 αὑτὸν

150 1294 416 1346 καθελεῖν.
456 1293 642 1347 Ταῦτά
675 1311 731 1346 τε
762 1294 915 1361 ἔλεγε
947 1296 1081 1363 πρὸς
1104 1295 1289 1358 αὑτὸν,
1327 1294 1421 1346 καὶ
1461 1296 1607 1364 σαφῆ
1631 1296 1725 1346 τοῦ

149 1385 319 1454 θυμοῦ
362 1386 430 1438 τά
470 1389 587 1456 ἴχνη
644 1386 784 1439 κατᾶ
810 1390 906 1455 τῆς
949 1388 1122 1456 ὅψεως
1167 1387 1473 1451 ὑπεδείκνυ,
1506 1388 1640 1457 δήλη
1667 1403 1727 1440 τε

149 1492 209 1563 ἦν
241 1495 419 1547 eum
454 1513 500 1547 τι
535 1497 627 1548 καὶ
659 1496 937 1549 ἄπαυστον
970 1497 1110 1549 κατὰ
1148 1496 1242 1548 τοῦ
1276 1495 1438 1564 σοφοῦ
1470 1495 1730 1559 πνέουσα,

149 1587 239 1638 καὶ
268 1587 371 1639 οὐκ
396 1586 462 1639 ἂν
488 1589 747 1658 πρότερον
788 1588 1023 1640 σϐέσασα
1060 1590 1185 1650 τοὺς
1232 1589 1455 1658 θυμοὺς,
1493 1590 1538 1642 εἰ
1569 1588 1643 1657 μὴ
1667 1587 1733 1640 τά

152 1685 243 1734 ἐπὶ
280 1684 407 1734 νοῦν
432 1683 565 1752 αὐτῇ
600 1684 735 1752 πρὸς
778 1685 949 1752 πέρας
990 1687 1208 1753 ἀγάγοι.
1244 1684 1464 1738 Τούτων
1493 1682 1732 1745 ἀκούσας

146 1776 172 1825 ὁ
214 1776 525 1845 θαυμαστὸς
544 1776 856 1842 Ἐπιφανιος
882 1777 1068 1844 πράως
1098 1773 1249 1829 εἶπεν
1272 1795 1281 1804 ·
1308 1773 1377 1829 Ὦ
1400 1777 1607 1836 τέκνον,
1629 1774 1733 1827 τῶν

152 1870 283 1937 παρ’
305 1868 465 1937 ήμῶν
488 1868 675 1921 ἄκουε.
712 1868 774 1919 ΕΞ
810 1867 906 1935 μὲν
938 1867 1149 1937 αἵρεσίς
1198 1884 1281 1928 τις
1317 1866 1563 1918 Ἰωάννου
1613 1882 1734 1917 κατ·

1825 661 2287 731 quemadmodum
2321 660 2506 714 omnia
2535 659 2755 727 quidem
2784 657 3156 711 Romanorum
3191 664 3406 723 sceptra

1826 756 1958 809 mihi
1992 754 2214 812 cedunt.
2242 764 2297 808 et
2330 768 2463 808 meae
2496 752 2738 820 subjecta
2771 760 2901 804 sunt
2925 750 3179 820 potestati
3205 768 3216 801 :
3246 747 3410 802 Joan-

1830 860 1929 899 nes
1960 852 2142 898 autem
2177 852 2261 897 est
2286 843 2421 897 adeo
2479 841 2612 896 tnihi
2666 838 2917 902 infestus,
2947 850 3003 893 ct
3044 847 3193 892 tanta
3236 850 3321 891 est
3353 838 3406 891 in

1828 952 1916 991 me
1947 936 2283 1004 arrogantia,
2318 943 2375 988 ut
2413 935 2495 989 vel
2532 943 2778 987 extrema
2823 931 3023 985 afﬁciat
3051 931 3407 985 contumelia.

1828 1030 2030 1084 Dicitur
2062 1038 2243 1083 autem
2298 1027 2461 1081 etiam
2514 1026 2808 1097 quamdam
2853 1033 3037 1078 tenere
3074 1024 3409 1093 opinionem,

1828 1139 1948 1193 qua?
1975 1123 2249 1190 discrepat
2281 1120 2349 1174 ab
2395 1118 2652 1173 Ecclesia.
2689 1118 2767 1172 Tu
2819 1133 2948 1171 vero
2977 1115 3099 1186 (ego
3130 1117 3276 1170 cnim
3315 1114 3411 1169 tibi

1829 1217 1899 1273 do
1928 1217 2214 1287 imperium
2260 1217 2310 1267 in
2345 1228 2537 1268 omnes
2581 1212 2875 1275 Ecclesias,
2910 1223 2969 1264 ut
3016 1209 3157 1264 nihil
3211 1209 3308 1262 tibi
3344 1210 3415 1263 sit

1834 1309 2240 1379 impedimento)
2283 1309 2402 1362 vide
2441 1317 2496 1360 ut
2531 1305 2790 1359 adversus
2816 1319 2941 1358 eum
2995 1317 3288 1373 congreges
3324 1317 3414 1365 sy-

1832 1403 2055 1458 nodum.
2090 1411 2145 1454 et
2177 1417 2321 1462 cum,
2360 1411 2419 1453 ut
2446 1400 2656 1468 justum
2683 1405 2767 1450 est
2799 1406 2854 1449 et
2884 1396 3200 1457 honestum,
3232 1408 3261 1445 e
3284 1392 3415 1446 sede

1834 1495 2096 1563 deponas.
2126 1491 2248 1546 llaec
2279 1500 2334 1545 et
2357 1492 2589 1552 dicebat,
2622 1499 2676 1543 ct
2707 1488 2856 1542 vultu
2886 1487 3127 1556 apertius
3155 1484 3417 1539 ostende-

1836 1590 1926 1643 bat
1955 1590 2046 1642 ine
2082 1587 2135 1641 in
2168 1596 2416 1640 sanctum
2442 1585 2667 1653 vestigia
2703 1602 2713 1634 ε
2752 1591 2808 1636 et
2849 1578 3137 1634 manifeste
3201 1592 3311 1646 prie
3357 1591 3417 1629 se

1838 1685 2064 1745 ferebat,
2097 1697 2153 1735 se
2177 1696 2337 1752 grave
2372 1690 2423 1734 et.
2452 1694 2558 1731 non
2615 1686 2953 1730 cessaturum
3008 1672 3152 1724 virus
3207 1670 3417 1739 spirare

1848 1776 1901 1829 in
1934 1775 2083 1828 illum
2120 1775 2442 1841 sapientem,
2490 1786 2589 1824 nec
2612 1772 2974 1823 extim-turam
3010 1768 3162 1837 prius
3194 1778 3412 1820 iracun-

1838 1872 2185 1938 diam,quam
2240 1867 2385 1937 quod
2442 1865 2624 1918 animo
2677 1864 2933 1935 agitabat,
2987 1862 3303 1917 deduxisset
3349 1859 3416 1913 ad

162 1962 449 2027 η-ίοροῑτο,
479 1960 573 2011 καὶ
606 1960 678 2027 μὴ
710 1961 882 2030 παρὶῃ
904 1960 1254 2027 καλούμενος,
1285 1958 1316 2028 ἢ
1347 1958 1582 2027 καθαρὸν
1600 1957 1734 2009 ταύ-

1846 1964 2121 2018 effectum.
2162 1961 2286 2015 Ha-c
2322 1974 2444 2012 cum
2482 1958 2835 2013 admirandus
2870 1955 3131 2010 audiisset
3186 1953 3421 2024 Epipha-

151 2067 252 2117 της
302 2050 500 2101 ἑαυτὸν
543 2050 862 2114 ἀποδείξων,
913 2049 944 2118 ἢ
996 2050 1255 2120 μετανοίᾳ
1304 2047 1613 2118 διορθώσων
1636 2051 1736 2117 τὴν

152 2145 400 2209 ἄγνοιαν,
455 2141 669 2204 ἀνάξιος
695 2134 849 2204 οὗτος
881 2143 1004 2210 ἐμοὶ
1042 2141 1142 2210 τῆς
1177 2140 1501 2211 ἱερωσύνης,
1530 2140 1626 2191 καὶ
1677 2138 1739 2190 τὸ

152 2232 582 2302 κεκελευσμένον
624 2232 699 2293 ὡς
742 2234 973 2299 τάχιστα
1035 2232 1165 2302 παρ’
1196 2232 1350 2302 ὑμῶν
1390 2231 1641 2299 γινέσθω.
1675 2231 1735 2282 Εἰ

150 2326 194 2377 δ’
224 2326 310 2378 ὅτι
339 2323 527 2385 κακῶς
556 2324 700 2392 ὑμᾶς
754 2322 950 2388 ἔλεξεν,
1009 2324 1315 2393 ἀπόϐλητον
1354 2322 1515 2377 αὐτὸν
1552 2322 1735 2376 θέσθαι

160 2418 261 2486 τῆς
305 2415 634 2484 Ἑκκλησίας
658 2414 931 2484 ἐκρίνατε,
950 2416 1264 2484 Ἐπιφάνιον
1298 2416 1425 2485 ὑμῖν
1455 2415 1552 2485 οὐχ
1581 2414 1735 2479 ἕξετε

155 2512 538 2585 συναινοῦντα.
568 2510 839 2563 Βασιλέων
886 2508 994 2579 γὰρ
1031 2509 1285 2579 μάλιστα,
1319 2510 1378 2562 τὸ
1412 2508 1486 2579 μὴ
1516 2511 1573 2561 ὲν
1611 2506 1735 2560 τού-

150 2620 268 2667 τοις
290 2606 672 2673 μνησικακεῖν,
698 2602 834 2654 ἀλλά
856 2602 1125 2671 χρηστοὺς
1148 2604 1240 2655 καὶ
1257 2602 1495 2671 ἡμέρους
1512 2599 1737 2663 ἑαυτοὺς

151 2690 594 2746 ἐπιδέξκνυσθαιο
634 2692 791 2758 εἰπερ
817 2690 880 2758 δὴ
921 2694 1013 2743 καὶ
1053 2691 1179 2758 ὑμῖν
1205 2689 1456 2759 βασιλεὺς
1486 2690 1543 2741 έν
1570 2688 1735 2757 ούρα-

158 2788 264 2845 νείς
296 2784 506 2850 ἕτερος,
540 2778 623 2843 οὗ,
655 2782 797 2835 κατὰ
840 2780 1124 2853 ἄνθρωπον
1153 2781 1579 2851 ἁμαρτάνοντες,
1620 2781 1739 2847 φιλ-

158 2874 456 2943 ανθρώπου
487 2871 661 2925 δεῖσθε
696 2873 983 2940 τυγχάνειν
1038 2872 1124 2925 διὰ
1155 2874 1252 2941 τὴν
1282 2871 1416 2939 πρὸς
1446 2872 1569 2933 τοὺς
1603 2872 1736 2940 ὁμο-

158 2971 338 3034 γενεῖς
365 2967 731 3035 χρηστότητα.
776 2963 991 3017 Τούτων
1021 2964 1247 3030 Εύδοξία
1281 2963 1390 3016 τῶν
1418 2964 1569 3031 παρὰ
1597 2962 1739 3031 γνώ-

163 3091 274 3142 μην
298 3072 579 3124 ἀκούσασα
635 3070 805 3138 λόγων
845 3070 1069 3139 ἀνόητόν
1107 3087 1159 3122 τι
1199 3074 1295 3123 καὶ
1340 3070 1739 3141 παρακεκινδυ-

163 3168 430 3234 νευμένον
468 3164 553 3215 διὰ
586 3163 684 3233 τὴν
710 3163 806 3230 τῆς
840 3161 1017 3230 λύπης
1060 3161 1363 3233 ὑπερϐολὴν
1389 3161 1737 3229 ἀποφθέγγε-

159 3272 275 3317 ται,
309 3256 375 3309 Εἰ
418 3255 491 3323 μὴ
518 3254 793 3322 Ἰωάννης,
826 3252 1074 3312 εἰποῦσα.
1110 3253 1207 3320 τὴν
1240 3254 1538 3323 ὑπερορίαν
1568 3270 1737 3305 κατα-

162 3346 353 3417 κριθῇ,
400 3347 523 3407 τοὺς
554 3345 713 3405 ναοὺς
766 3343 903 3412 αὑτὴ
962 3343 1296 3413 διανοιγῆναι
1350 3345 1459 3397 τῶν
1507 3344 1587 3397 εἱδ
1606 3344 1740 3396 ὺλων

163 3438 435 3500 κελεύσω,
477 3439 569 3488 καὶ
613 3436 965 3507 προσκυνητᾶ
1014 3436 1189 3488 ταῦτα
1217 3439 1324 3499 τοῖς
1362 3436 1455 3488 νῦν
1492 3435 1741 3503 γενέσθαι

166 3530 595 3598 παρασκευάσω.
623 3527 687 3579 Τί
744 3528 904 3579 πλέον
935 3530 1012 3589 εἰς
1051 3528 1247 3579 κακίαν
1281 3527 1438 3595 ἔσχεν
1476 3526 1742 3596 Ἡρωδιὰς

163 3626 197 3693 ἡ
228 3624 322 3673 τὸν
344 3620 439 3673 τού
467 3620 760 3689 ὁμωνύμου
799 3622 1027 3675 θάνατον
1067 3620 1638 3692 ὲπισπεύσασα,επλὴν
1663 3623 1743 3675 ὅτι

166 3718 243 3783 μὴ
271 3714 344 3765 τὰ
372 3712 517 3779 πάθη
570 3712 802 3781 διάτορα
828 3709 917 3783 ἦν,
962 3714 1083 3766 καθ’
1111 3715 1139 3767 ὃ
1182 3718 1280 3783 τὴν
1314 3714 1412 3784 μὲν
1443 3714 1743 3777 ἀκολασίας

164 3805 306 3878 εἶχε,
340 3808 439 3875 τὴν
464 3805 520 3857 δὲ
571 3805 883 3869 πλεονεξίας
931 3806 1243 3877 ύπερὸολή;
1311 3807 1643 3877 ’Λμφότεραι
1688 3806 1744 3859 δὲ

162 3900 242 3964 τῷ
280 3896 570 3966 βούλεσθαι
599 3896 722 3957 τοὺς
770 3896 1023 3965 ἐλέγχους
1069 3896 1334 3962 ἐκκλῖναι,
1376 3897 1474 3966 τὴν
1510 3896 1746 3965 ἀμφοτέ.

167 4007 277 4059 ρων
312 3987 634 4054 ἀπαλλαγὴν
667 3987 948 4056 ὲδὶψησαν.
995 3988 1055 4041 '0
1106 3990 1284 4057 μέντοι
1324 3988 1465 4050 θεῖος
1512 3988 1745 4054 Ἐπιφά-

165 4096 276 4141 νιος
293 4079 430 4147 πρὸς
447 4078 543 4147 τὴν
560 4078 786 4130 ἀτοπίαν
819 4079 924 4131 τῶν
946 4080 1275 4148 εἰρημένων,
1299 4078 1527 4142 Ἀθῶος,
1554 4077 1744 4143 εἰπὼν,

163 4168 279 4234 ἐγὼ
313 4167 417 4234 τῆς
470 4164 727 4233 τοιαύτης
782 4166 1035 4237 κρίσεως,
1070 4167 1231 4231 εὐθὺς
1277 4168 1446 4240 ἐξῄει.
1498 4170 1657 4238 Φήμη
1689 4167 1746 4221 δὲ

164 4261 371 4325 ψευδὴς
406 4260 469 4309 ἐκ
498 4259 690 4310 τούτου
726 4259 822 4320 τὰς
859 4260 1120 4313 ἁπάντων
1144 4261 1431 4333 διέδραμεν
1459 4262 1649 4327 ἀκοάς,
1672 4261 1748 4324 ὡς

166 4356 262 4404 καὶ
284 4352 447 4410 αὐτος
484 4348 900 4417 Ἐπινράνιοςὲπὶ
916 4354 983 4422 τῇ
1014 4351 1328 4418 καθαιρέσει
1359 4355 1452 4406 τού
1478 4354 1747 4423 πατριάρ-

167 4462 267 4513 χου
305 4441 553 4495 συνείποι
584 4444 647 4510 τῇ
706 4441 949 4510 Εὑδοξία.
1010 4441 1192 4494 Ταῦτα
1219 4442 1275 4495 δὲ
1315 4444 1407 4496 καὶ
1441 4446 1531 4497 τὸν
1575 4446 1745 4513 μέγαν

165 4537 486 4588 ακούσαντα
528 4534 573 4585 τ’
604 4534 801 4601 ἀληθὲς
831 4533 1117 4602 ἀγνοῆσαι,
1162 4535 1289 4597 ῑσως
1323 4535 1415 4588 τοῦ
1444 4535 1577 4588 Θεοῦ
1612 4536 1745 4607 κρύ-

1844 2058 1986 2115 nius.
2013 2070 2118 2110 non
2149 2054 2341 2108 statuit
2374 2052 2460 2115 iis,
2499 2050 2592 2119 qui
2629 2064 2808 2103 rerum
2837 2046 3206 2116 potiebantur,
3228 2044 3293 2100 .in
3329 2043 3416 2101 iis.

1842 2167 1959 2221 qua:
1992 2165 2098 2203 non
2125 2147 2430 2217 oportebat,
2464 2142 2754 2215 gratificari
2794 2160 2803 2195 :
2847 2158 2948 2195 nec
2997 2141 3131 2195 tanti
3158 2155 3277 2193 esse
3341 2138 3419 2191 fa-

1842 2242 2091 2297 ciendum
2131 2240 2210 2293 eis
2242 2238 2531 2299 inservire,
2567 2245 2628 2289 ut
2663 2234 2869 2302 aliquid
2929 2233 3021 2287 ﬁat
3085 2241 3281 2302 praeter
3340 2231 3417 2289 id.

1842 2335 1985 2405 quod
2014 2333 2123 2387 Deo
2161 2331 2375 2385 videtur
2408 2347 2420 2382 :
2457 2338 2511 2383 et
2553 2328 2676 2383 ideo
2701 2343 2819 2381 cam
2841 2326 3063 2397 propius
3090 2326 3354 2379 accedens
3400 2341 3412 2375 :

1843 2429 1959 2482 Non
2017 2428 2155 2479 irato
2202 2424 2405 2486 animo,
2431 2422 2522 2477 sed
2549 2421 2781 2491 benigne
2810 2436 2872 2474 ac
2900 2419 3129 2489 placide,
3165 2433 3197 2471 ο
3221 2417 3349 2479 (ilia,
3385 2432 3414 2468 a

1845 2532 1896 2576 te
1928 2518 2196 2575 audienda
2237 2530 2386 2581 sunt,
2423 2531 2544 2585 qua:
2585 2514 2745 2569 nobis
2785 2514 3060 2569 dicuntur.
3098 2511 3153 2564 Si
3195 2525 3421 2564 accuse—

1847 2626 1930 2668 tur
1958 2613 2173 2682 quidem
2205 2609 2446 2664 Joannes
2470 2607 2704 2676 alicujus
2735 2604 2975 2669 haeresis,
3020 2615 3075 2657 et
3118 2618 3227 2657 non
3267 2616 3423 2656 accc.

1844 2708 1937 2763 dat
1974 2713 2221 2768 vocatus,
2244 2703 2327 2757 vel
2355 2717 2412 2755 sc
2443 2717 2635 2771 purum
2662 2709 3003 2760 ostensurus,
3030 2698 3113 2751 vel
3148 2696 3421 2765 paeniten-

1844 2799 1917 2853 tia
1948 2805 2296 2851 correcturus
2328 2791 2708 2864 ignorantiam,
2728 2791 2773 2845 is
2803 2790 2935 2843 mihi
2966 2789 3182 2858 quidem
3209 2787 3420 2841 videtur

1845 2890 2098 2960 indignus
2127 2886 2453 2949 sacerdotio,
2486 2894 2541 2938 et
2565 2884 2709 2954 quod
2744 2891 2823 2937 est
2862 2882 3419 2951 intperatum,quam-

1842 2984 2076 3053 primum
2121 2980 2213 3033 ﬁet
2270 2995 2297 3030 a
2358 2976 2533 3031 nobis.
2568 2977 2663 3029 Sin
2691 2983 2897 3033 autem,
2933 2973 3078 3041 quod
3114 2973 3268 3026 vobis
3308 2986 3422 3024 ma-

1843 3073 2046 3136 ledixit,
2069 3079 2289 3140 propter
2306 3069 2448 3123 hanc
2474 3068 2640 3123 solam
2672 3082 2887 3122 causam
2914 3066 3088 3120 visum
3107 3073 3185 3119 est
3209 3063 3424 3117 abdica-

1847 3174 1959 3219 tum
1988 3180 2108 3219 esse
2131 3163 2395 3218 Joannem
2415 3163 2484 3218 ab
2511 3161 2773 3228 Ecclesia,
2810 3159 3175 3231 Epiphaniam
3198 3172 3308 3214 non
3324 3156 3423 3212 ha-

1845 3258 2040 3315 bebitis
2058 3257 2466 3312 assentientem.
2490 3254 2586 3309 Est
2602 3256 2747 3309 enim
2765 3254 2996 3308 maxime
3012 3252 3421 3321 imperatOrum,

1846 3358 2068 3419 propter
2098 3349 2233 3402 nihil
2265 3346 2533 3415 ejusmodi
2572 3346 2887 3401 meminisse
2923 3353 3157 3413 acceptae
3187 3342 3422 3411 injuriae,

1845 3442 1941 3496 sed
1963 3456 2020 3495 se
2044 3441 2216 3494 bonos
2242 3448 2296 3492 et
2326 3438 2592 3509 benignos
2609 3439 2661 3491 iu
2684 3452 2875 3491 omnes
2898 3436 3184 3490 ostendere
3211 3452 3222 3485 :
3253 3433 3422 3501 siqui-

1845 3531 1967 3584 dem
2009 3529 2160 3583 vobis
2207 3544 2421 3598 quoque
2456 3537 2536 3581 est
2587 3528 2726 3581 alius
2777 3542 2868 3582 rex
2911 3527 2964 3580 in
3021 3526 3173 3580 caelis
3200 3546 3210 3579 :
3238 3539 3420 3593 quem,

1846 3638 1967 3676 cum
1991 3632 2052 3674 ut
2083 3620 2335 3673 homines
2380 3618 2641 3689 peccatis,
2666 3633 2803 3688 opus
2857 3618 3067 3671 habetis
3121 3616 3420 3686 benignum

1848 3716 2050 3770 habere
2102 3721 2157 3768 et
2199 3713 2519 3783 propitium,
2578 3720 2800 3781 propter
2851 3725 3007 3765 suam
3050 3704 3424 3762 mansuetudi-

1849 3822 1972 3860 nem
2004 3806 2060 3859 in
2092 3820 2207 3870 eos,
2230 3804 2321 3873 qui
2353 3810 2484 3858 sunt
2505 3802 2750 3872 ejusdem
2797 3800 3033 3872 generis.
3082 3798 3207 3852 llaec
3260 3796 3422 3849 verba

1846 3916 1968 3955 cum
1997 3899 2260 3953 audiisset
2292 3896 2531 3951 Eudoxia
2551 3912 2660 3950 non
2692 3911 2759 3950 ex
2784 3910 2879 3949 sua
2908 3892 3201 3957 sententia,
3232 3892 3425 3943 incon-

1847 3992 2142 4047 sideratum
2182 3988 2437 4059 quiddam
2464 3986 2754 4058 planeque,
2785 3983 2929 4054 quod
2968 3982 3193 4037 nimiam
3226 3995 3423 4050 argue-

1847 4085 1939 4140 bat
1972 4082 2279 4139 vecordiam
2308 4090 2362 4136 et
2392 4079 2903 4151 pracipitationem,
2934 4085 3159 4146 propter
3190 4072 3423 4127 nimium

1847 4177 2111 4237 dolorem,
2146 4170 2275 4238 vel,’
2304 4181 2366 4227 ut
2411 4172 2596 4226 verius
2651 4170 2849 4232 dicam,
2896 4176 3121 4238 propter
3154 4178 3422 4221 summam

1849 4269 2274 4336 improbitatem,
2333 4265 2528 4319 stolide
2594 4270 2675 4317 est
2727 4263 2963 4320 elocuta,
3022 4259 3212 4312 dicens
3256 4254 3421 4309 :Nisi

1846 4361 1913 4415 Jo
1932 4376 2085 4415 mnes
2118 4360 2281 4413 fuerit
2308 4373 2338 4411 e
2367 4359 2495 4411 sede
2527 4355 2827 4424 depositus,
2856 4360 2910 4406 et
2937 4346 3134 4407 ex'silio
3167 4355 3221 4417 (ο
3250 4347 3423 4401 auda-

1849 4471 1965 4508 cem
1997 4453 2257 4523 linguam)
2316 4449 2480 4504 fuerit
2526 4448 2941 4507 condemnatus,
2974 4446 3086 4514 ipsa
3114 4441 3422 4513 permittam

1849 4545 2047 4614 aperiri
2102 4542 2300 4612 templa
2359 4539 2777 4596 simulacrorum
2808 4554 2823 4592 :
2854 4551 2956 4591 nec
2982 4535 3105 4598 erit,
3134 4533 3227 4602 qui
3268 4530 3426 4585 nobis

164 4634 373 4695 ψαντος
406 4628 686 4696 οἰκονομία
736 4627 798 4695 δὴ
834 4626 1109 4695 θειοτέρα,
1167 4628 1252 4680 ἴνα
1309 4630 1509 4698 τρόπον
1559 4628 1739 4699 ἕτερον

1855 4636 2183 4699 volentibus,
2221 4635 2293 4689 sit
2322 4632 2737 4703 impedimento,
2768 4642 2876 4698 quo
2902 4629 3081 4682 minus
3114 4626 3200 4678 illa
3233 4641 3261 4677 a
3289 4637 3423 4692 quo-

170 4722 524 4791 άμιροτέρους
546 4720 691 4789 δείξῃ
720 4719 788 4771 τὰ
822 4719 1099 4795 ἑκατέρων
1129 4720 1491 4789 προλέγοντας
1513 4738 1525 4750 '
1551 4722 1583 4790 ἢ
1617 4722 1749 4788 γνῶ-

167 4834 260 4867 ναι
296 4818 400 4882 μὲν
440 4812 692 4880 Ἰωάννην
730 4812 833 4879 ούχ
885 4812 1032 4877 ὑγιὲς
1070 4806 1206 4863 εἶναι
1259 4812 1319 4864 τὸ
1355 4814 1746 4882 φημιζόμενον,

166 4909 371 4959 ἔχοντα
403 4905 461 4957 δὲ
496 4906 560 4972 τῇ
588 4903 696 4955 τῶν
746 4902 953 4955 πολλῶν
998 4903 1263 4971 ὑπολήψει
1303 4905 1612 4967 συνθέσθαι,
1661 4906 1749 4957 ἵνα

167 4996 432 5050 ἐντεῦθεν
456 4993 633 5045 λαϐὼν
664 4994 938 5061 πρόφασιν
981 4993 1279 5061 Ἐπιςρανίῳ
1314 4994 1373 5045 τὸ
1397 4993 1586 5063 μέλλον
1617 5010 1748 5060 προ-

166 5086 475 5158 αγορεύσῃ.
507 5084 718 5154 Γράψαι
760 5083 1052 5153 τοιγαροῦν
1096 5084 1397 5155 Ἐπιφανεῳ
1427 5086 1581 5153 λόγος
1612 5088 1747 5155 πρὸς

166 5181 351 5232 ταῦτα
376 5178 465 5228 τὸν
496 5177 859 5244 πατριάρχην.
900 5176 965 5227 Ἦ
1013 5176 1067 5227 δὲ
1097 5177 1279 5245 γραφὴ
1311 5176 1525 5245 ἀφελῶς
1553 5178 1748 5246 ἔχουσα

166 5269 270 5321 καὶ
300 5265 546 5334 συνήθως
572 5281 583 5292 ·
650 5264 865 5331 Ἀδελφέ
907 5265 1212 5334 Ἐπιφάνιε,
1251 5265 1461 5336 ἀκήκοά
1488 5284 1546 5319 σε
1581 5268 1657 5330 ὼς
1683 5271 1747 5338 τῇ

171 5363 283 5427 ἐμῇ
340 5354 638 5427 συνῄνεσας
671 5357 881 5425 ἐξορίᾳ·
944 5358 1051 5409 ἴσθι
1101 5358 1157 5409 δὲ
1189 5360 1268 5410 ὃτι
1314 5360 1444 5428 μηδὲ
1482 5360 1641 5423 αὐτὸς
1670 5363 1748 5411 ἔτι

169 5460 264 5504 τ-ειν
302 5450 493 5519 θρόνου
529 5450 647 5515 ὄφει
675 5448 764 5499 τὸν
791 5450 900 5500 σόν.
939 5450 1076 5518 Πρὸς
1109 5449 1278 5504 ταῦτα
1308 5452 1395 5502 τὸν
1422 5451 1562 5515 ἱερὸν
1598 5452 1747 5505 Ἐπι-

173 5549 371 5613 ιρανιον
404 5542 563 5594 πάλιν
603 5540 879 5601 άπλοῖκοῖς
917 5543 1154 5613 μασιν
1181 5544 1530 5611 ἀντιγράψαι,
1555 5538 1748 5615 οἷσπερ

172 5640 237 5706 δὴ
268 5636 365 5689 καὶ
398 5636 556 5695 αὐτὸς
589 5617 862 5701 χρήσομαι
893 5648 904 5660 ·
946 5634 1175 5703 ’Λθλητά
1203 5636 1447 5704 Ἰωάννη,
1472 5635 1628 5688 παίου
1658 5638 1750 5688 καὶ

173 5732 321 5783 νῖκα.
372 5726 519 5795 Πλὴν
578 5725 697 5777 οὐδὲ
755 5726 911 5788 αὐτὸς
946 5727 1172 5794 φθάσεις
1214 5726 1304 5779 τὸν
1332 5729 1428 5796 τῆς
1458 5729 1748 5797 ὑπερορίας

174 5825 338 5873 τόπον
380 5818 530 5871 ἰδεῖν.
574 5816 850 5882 Ἀψευδεῖς
896 5814 990 5869 οὖν
1036 5818 1359 5888 ἀμφοτέρων
1392 5820 1440 5871 oi
1467 5819 1612 5887 λόγοι
1640 5818 1747 5871 δεί-

176 5910 500 5965 κνυνται.”0
528 5924 586 5959 τε
613 5910 721 5972 γὰρ
764 5908 1071 5975 Ἐπιυάνιος
1111 5912 1186 5973 εἰς
1225 5912 1444 5985 Κύπρον
1478 5915 1750 5969 ἀποπλεῦ-

506 6002 767 6059 “Tuon.
819 6000 934 6060 Gn.
986 6002 1195 6065 CXIV.

1852 4729 1986 4782 libet
2012 4727 2329 4782 adorentur.
2367 4723 2639 4789 Quidnam
2673 4720 2861 4774 habuit
2887 4719 3117 4787 amplius
3140 4716 3421 4779 llerodias,

1851 4834 1957 4886 quo
1984 4832 2103 4870 eam
2134 4817 2186 4870 in
2220 4814 2354 4869 vitio
2384 4821 2687 4883 superaret,
2716 4826 2836 4880 qua:
2862 4794 3056 4878 magno
3083 4806 3266 4861 studio
3297 4820 3425 4859 con—

1853 4907 2046 4973 tendit,
2076 4916 2135 4961 ut
2161 4906 2312 4959 ﬁeret
2340 4906 2514 4959 cades
2538 4903 2679 4970 ejus,
2715 4903 2804 4970 qui
2836 4912 2954 4954 erat
2977 4899 3216 4969 ejusdem
3243 4896 3424 4951 nomi-

1852 4999 1954 5060 nis.
2007 4997 2109 5052 nisi
2156 4997 2297 5065 quod
2364 5011 2473 5048 non
2533 5004 2690 5048 erant
2748 4994 2963 5061 utrique
3009 4990 3195 5045 eadem
3251 4988 3420 5041 vitia:

1852 5090 2285 5163 quandoquidem
2318 5088 2405 5141 illa
2434 5087 2652 5156 quidem
2678 5085 2875 5155 insigni
2909 5082 3156 5145 libidine,
3192 5082 3306 5134 haec
3327 5095 3425 5132 aue

1856 5196 1961 5239 tem
1999 5184 2350 5237 immoderata
2392 5181 2669 5234 laborabat
2696 5177 2961 5231 avaritia?
2996 5176 3182 5229 Ambae
3214 5182 3421 5234 autem,

1850 5276 1992 5346 quod
2034 5277 2270 5345 etTugere
2299 5274 2498 5328 vellent
2530 5269 3007 5341 reprehensiones,
3052 5268 3119 5319 ab
3158 5265 3422 5319 ambobus

1854 5370 2109 5423 sitierunt
2142 5380 2467 5437 magnopere
2501 5364 2739 5417 liberari.
2793 5361 3019 5414 Divinus
3068 5369 3247 5411 autem
3299 5359 3423 5426 [ipi-

1852 5459 2085 5529 phanius
2118 5461 2403 5527 perculsus
2427 5454 2760 5509 absurditate
2786 5468 2995 5515 eorum,
3015 5466 3134 5521 quae
3162 5449 3422 5504 diceban-

1853 5560 1963 5616 tur,
1999 5565 2122 5602 cum
2163 5549 2409 5608 dixisset,
2442 5548 2551 5617 ligo
2573 5546 2782 5614 judicii,
2812 5544 2954 5612 quod
2995 5544 3069 5595 sic
3094 5542 3275 5604 habet,
3305 5556 3425 5594 sum

1855 5641 2042 5694 insons
2074 5657 2086 5692 :
2122 5640 2370 5708 protinus
2393 5646 2475 5690 est
2494 5650 2761 5706 egressus.
2798 5633 3053 5697 Quaedam
3086 5639 3268 5684 autem
3293 5629 3423 5683 falsa

1853 5735 2017 5797 fama,
2053 5751 2170 5802 qure
2193 5750 2257 5787 ex
2281 5734 2381 5786 hoc
2414 5732 2478 5785 ad
2501 5730 2741 5782 omnium
2779 5740 2937 5780 aures
2965 5725 3221 5795 pervasit,
3278 5719 3421 5789 quod

1854 5830 1969 5897 ipse
1990 5843 2203 5896 quoque
2235 5824 2568 5895 Epiphanius
2589 5820 2714 5875 huic
2735 5817 3060 5889 depositioni
3102 5813 3422 5885 patriarchae

1856 5921 1925 5975 sit
1954 5936 2231 5985 assensus,
2261 5919 2325 5972 ad
2360 5931 2614 5986 maguum
2646 5928 2820 5981 usque
2852 5911 3114 5965 Joannem
3149 5902 3417 5978 pervadit.

3024 6004 3092 6061 37
