4178 6484
761 437 898 502 1163

1947 441 2231 500 ΜΕΝΞΙΒ
2269 439 2728 504 JANUABIUS.

3881 435 4023 500 ιιει

758 553 848 605 Ille
883 565 1010 606 vero
1037 562 1128 604 aut
1162 565 1348 606 verum
1383 549 1672 622 ignoravit.
1713 547 1942 604 fortasse
1987 549 2133 618 quod
2183 549 2326 603 Deus

2448 567 2521 605 rat
2546 550 2728 618 γνοὺς,
2761 550 2887 621 περὶ
2919 549 3011 603 τὸν
3057 549 3226 604 πλοῦν
3265 551 3492 622 τελευτᾷ
3513 566 3524 580 ·
3561 550 3590 603 ὅ
3620 565 3681 602 τε
3716 548 4030 618 θαυμάσιιες

753 659 882 698 cum
925 646 1175 702 celasset.
1206 642 1384 698 divina
1435 642 1670 712 quadam
1697 641 2061 714 providentia,
2113 651 2174 696 ut
2225 641 2331 694 alio

749 736 916 789 modo
961 735 1194 790 elliceret
1228 735 1437 799 ambos,
1479 749 1598 804 quae
1654 733 1944 804 utriusque
1987 741 2324 796 evenerunt,

756 827 1051 896 praidicere
1085 847 1097 882 :
1139 837 1231 880 aut
1261 828 1419 882 scivit
1445 828 1663 898 quidem
1694 825 1935 880 Joannes
1963 841 2070 879 non
2100 839 2219 880 esse
2240 839 2331 878 ve-

2451 641 2702 710 Ἰωάννης
2730 642 2996 712 πρότερον
3023 642 3055 711 ἢ
3099 642 3354 712 ἐπιϐῆναι
3382 641 3476 695 τοῦ
3507 642 3674 694 τόπου
3699 640 3805 709 τῆς
3836 642 4027 694 δευτέ-

2439 750 2540 802 ρας
2573 732 2868 803 ὑπερορίας
2925 733 3156 804 ἑκδημεί
3208 734 3345 804 πρὸς
3392 734 3617 804 Κύριον.
3662 733 3920 803 Δηλώσει
3980 735 4034 786 δὲ

2438 823 2597 878 τοῦτο
2618 824 2824 894 προῖὼν
2855 827 2880 874 ὁ
2911 825 3067 894 λόγος
3099 827 3450 897 σαφέστερον.

756 937 901 985 rum,
930 921 1074 992 quod
1102 920 1242 975 fama
1272 920 1548 976 ferebatur
1580 939 1592 973 :
1625 919 1799 976 libens
1836 930 2018 975 autem
2071 933 2329 973 assensus
2370 927 2455 972 est
2490 917 2786 973 multorum
2852 918 3262 985 existimationi,
3330 931 3387 974 ut
3421 921 3496 975 sic
3532 920 3843 990 Epiphanio
3879 922 4035 976 futu-

756 1029 877 1067 rum
907 1012 1246 1080 pradiceret.
1283 1012 1477 1066 Fertur
1527 1026 1654 1082 ergo
1709 1009 2019 1082 patriarcha
2066 1009 2147 1063 sic
2206 1016 2328 1078 post
2369 1009 2484 1063 haec
2517 1006 2802 1077 scripsisse
2868 1008 2936 1062 ad
3004 1007 3364 1078 Epiphanium
3395 1011 3648 1081 :scripsit
3683 1023 3869 1066 autem
3899 1014 4034 1066 sim-

759 1101 969 1171 pliciter
1000 1112 1054 1157 et
1089 1102 1427 1158 familiariter
1461 1122 1472 1156 :
1509 1103 1699 1158 Frater
1739 1100 2034 1172 Epiphani,
2107 1100 2287 1155 audivi
2356 1109 2410 1154 te
2449 1100 2795 1156 consensisse
2821 1115 2955 1156 mea:
2990 1101 3306 1173 relegationi
3337 1101 3471 1168 (29).
3509 1102 3660 1157 Scias
3703 1115 3895 1158 autem
3935 1119 4037 1157 nec

756 1199 989 1268 teipsum
1023 1207 1170 1252 tuam
1202 1197 1384 1253 sedem
1410 1199 1654 1254 visurum
1685 1213 1804 1254 esse
1835 1197 2091 1268 amplius.
2149 1197 2229 1251 Ad
2286 1195 2401 1251 haec
2439 1206 2817 1251 sacrosanctus
2847 1195 3184 1267 Epiphanius
3227 1197 3568 1268 simplicibus
3607 1215 3799 1254 rursus
3842 1200 4038 1254 verbis

763 1290 1064 1358 rescripsit,
1097 1289 1295 1358 quibus
1327 1289 1442 1357 ipse
1481 1305 1694 1361 quoque
1733 1302 1890 1344 utar:
1929 1290 2145 1344 Athleta
2195 1286 2455 1353 Joannes,
2519 1288 2618 1344 l'eri
2677 1297 2733 1344 et
2757 1290 2913 1344 vince
2943 1308 2956 1344 :
3026 1289 3122 1344 sed
3146 1306 3247 1345 nec
3280 1292 3394 1360 ipse
3433 1292 3721 1360 pervenies
3743 1291 3812 1345 ad
3840 1293 4038 1345 viden-

750 1384 885 1436 dum
917 1381 1094 1434 locum
1127 1380 1331 1436 exsilii.
1386 1381 1523 1436 Vera
1560 1391 1743 1436 autem
1794 1381 2036 1444 inerunt,
2070 1395 2192 1450 qua:
2230 1380 2372 1434 dicta
2414 1389 2542 1435 sunt
2579 1380 2648 1434 ab
2697 1381 2962 1451 utrisque.
3021 1379 3153 1435 Nam
3184 1392 3238 1436 et
3270 1383 3608 1452 Epiphanius
3646 1399 3771 1436 cum
3805 1385 4038 1436 statuis-

758 1480 838 1524 set
871 1473 1126 1542 navigare
1154 1471 1208 1526 in
1236 1472 1492 1544 Cyprum,
1522 1473 1738 1530 decedit
1770 1475 1825 1530 in
1869 1474 2209 1546 navigatione
2243 1492 2256 1526 :
2283 1484 2338 1526 et
2376 1473 2712 1528 admirabilis
2734 1473 2975 1530 Joannes
3030 1479 3342 1546 priusquam
3404 1477 3714 1546 perveniret
3743 1479 3813 1531 ad
3845 1479 4036 1532 locum

755 1565 983 1620 secundi
1029 1565 1230 1627 exsilii,
1271 1567 1516 1636 migravit
1541 1569 1608 1620 ad
1653 1567 1960 1622 Dominum.
2012 1568 2128 1623 Hoc
2156 1577 2336 1622 autem
2381 1570 2685 1636 procedens
2722 1569 2899 1624 oratio
2927 1570 3181 1626 ostendet
3207 1571 3473 1640 apertius.

837 1656 1025 1710 XLIV.
1052 1655 1170 1710 Non
1205 1658 1434 1711 multum
1473 1657 1786 1713 intercessit
1813 1660 2097 1730 temporis,
2131 1670 2185 1714 et
2224 1669 2334 1713 sta-
2372 1663 2414 1720 Β

763 1749 855 1804 tim
883 1765 1006 1804 cum
1034 1748 1279 1818 pluribus
1323 1749 1595 1818 episcopis
1631 1749 1968 1820 Theophilus
2013 1752 2160 1805 venit
2191 1750 2335 1805 Con-

759 1842 1189 1912 stantinopolim,
1212 1858 1334 1896 eum
1368 1853 1593 1913 urgente
1627 1843 1892 1904 Endoxia,
1919 1844 2039 1898 etei
2063 1844 2338 1914 prmbente

763 1937 1067 2007 ingressum
1120 1936 1347 1990 liberum
1405 1937 1472 1990 ab
1502 1937 1648 1991 omni
1697 1947 1866 2000 metu,
1896 1938 2097 1992 licebat
2154 1949 2336 1992 autem

762 2038 893 2083 tunc
924 2028 1106 2082 videre
1128 2028 1387 2082 malorum
1421 2044 1670 2092 examen,
1702 2030 1846 2100 quod
1900 2030 2335 2100 congregabatur

762 2129 812 2170 et
843 2116 1148 2186 Theophilo
1173 2132 1327 2184 opem
1359 2117 1567 2172 ferebat
1599 2118 1664 2172 ad
1706 2120 1968 2189 sapientis
1996 2119 2220 2174 Joannis
2239 2121 2335 2174 de-

767 2210 1117 2279 positionem.
1147 2210 1380 2274 Quinam
1416 2226 1546 2265 vero
1603 2212 1638 2265 ii
1671 2221 1725 2265 et
1785 2213 2053 2267 undenam
2115 2216 2181 2267 ad
2238 2214 2338 2267 hoc

769 2302 923 2357 ntere
986 2304 1239 2357 commoti
1272 2303 1382 2375 (50)
1408 2305 1430 2357 ?
1455 2306 1698 2372 quadam
1735 2309 1947 2362 anima:
1993 2322 2102 2360 non
2149 2308 2340 2378 paucis

766 2392 1006 2461 peccatis
1038 2394 1308 2458 obnoxiaz,
1341 2405 1397 2449 et
1427 2411 1546 2464 qua:
1573 2407 1728 2452 erant
1767 2401 1928 2468 plane
1985 2398 2335 2461 incurabiles,

768 2485 836 2539 de
863 2485 1061 2553 quibus
1091 2487 1245 2556 prius
1275 2503 1491 2556 quoque
1518 2489 1754 2544 diximus
1783 2510 1794 2544 :
1825 2506 1962 2560 quos
1999 2507 2123 2545 eum
2165 2491 2338 2546 inter-

770 2588 959 2647 ruptus
985 2576 1209 2633 Joannis
1229 2579 1491 2643 calculus,
1516 2582 1683 2635 veluti
1706 2583 1842 2651 lapis
1865 2583 2084 2654 quidam
2112 2583 2335 2655 Lydius,

770 2671 1054 2740 probasset
1095 2686 1216 2726 esse
1263 2672 1514 2743 indignos
1555 2684 1830 2746 suggestu,
1872 2685 2117 2730 moverat
2160 2693 2340 2732 sacer-

770 2761 937 2816 dotio.
969 2761 1104 2816 Cum
1143 2764 1327 2818 multis
1362 2779 1510 2834 ergo,
1564 2775 1624 2818 ut
1673 2766 1874 2820 dictum
1914 2778 2017 2833 est,
2072 2769 2343 2838 episcopis

770 2850 1106 2924 Theophilus
1134 2858 1483 2911 convenisset
1516 2858 1834 2921 Eudoxiam,
1869 2861 2097 2914 seorsim
2127 2878 2248 2916 cum
2279 2877 2342 2917 ea

774 2949 1026 3003 collocuti
1059 2949 1196 3019 (’51),
1246 2951 1314 3003 ab
1346 2965 1408 3003 ca
1435 2951 1486 3003 in
1514 2963 1783 3005 secretum
1811 2952 2194 3019 admittuntur,
2227 2972 2345 3008 mu-

771 3039 998 3094 neribtts
1027 3040 1318 3104 donantur,
1340 3042 1602 3096 adversus
1636 3055 1885 3098 sanctum
1925 3045 2099 3098 virum
2146 3046 2343 3114 lingua:

769 3147 960 3186 eorum
985 3131 1363 3186 conducuntur
1390 3153 1402 3187 :
1431 3149 1489 3187 se
1526 3135 1782 3190 omnibus
1815 3137 2105 3190 sententiis
2134 3138 2342 3206 justum

772 3239 894 3278 esse
926 3225 1388 3279 cundemnatnros
1418 3226 1758 3294 pollicentur.
1797 3228 1930 3283 Cum
1961 3239 2068 3282 tam
2100 3229 2342 3299 iniquam

773 3317 1190 3371 conventionem
1226 3317 1477 3372 iniissent
1495 3320 1693 3389 egregii
1715 3330 1978 3388 pastores,
1998 3332 2050 3375 et
2069 3323 2344 3377 innocenti

774 3409 1037 3479 sanguine
1065 3409 1274 3462 animas
1302 3410 1482 3478 potius
1505 3425 1668 3478 quam
1721 3427 1918 3467 manus
1973 3413 2344 3478 iutinxissent,

773 3510 998 3565 evcunt,
1034 3516 1155 3554 eum
1185 3501 1321 3554 nihil
1359 3501 1553 3555 horum
1595 3502 1773 3557 adhuc
1814 3507 2053 3559 venisset
2101 3507 2168 3561 ad
2203 3510 2346 3561 noti-

775 3596 902 3646 tiam
935 3593 1174 3647 Arcadii.
1211 3592 1316 3647 Sed
1356 3610 1544 3648 rursus
1566 3611 1783 3665 quoque
1809 3597 2010 3651 dantur
2033 3599 2348 3655 occasiones

773 3686 863 3748 iis,
893 3687 984 3755 qui
1019 3701 1112 3739 eas
1171 3688 1492 3756 quaerebant
1559 3699 1609 3743 et
1669 3691 2046 3759 parturiebant
2093 3693 2348 3761 improbi-

768 3789 964 3841 atatem,
1020 3779 1113 3832 sed
1134 3794 1254 3848 qua:
1286 3794 1356 3833 ne
1393 3781 1640 3834 umbram
1664 3782 1882 3850 quidem
1914 3783 2189 3837 habebant
2215 3785 2349 3839 veri-

772 3871 923 3934 tatis,
981 3871 1261 3924 materiam
1317 3881 1495 3926 tamen
1538 3874 1865 3943 przebebant
1921 3875 2029 3945 igni
2082 3876 2346 3932 malarum

774 3963 1075 4018 actionum.
1108 3963 1228 4018 Non
1277 3967 1505 4020 multum
1535 3969 1680 4022 enim
1722 3969 2029 4024 intercessit
2066 3972 2346 4040 temporis,

777 4071 902 4110 cum
923 4067 1131 4125 partem
1165 4059 1454 4126 quamdam
1493 4059 1616 4114 libri
1653 4059 1882 4130 Regum,
1915 4062 2112 4115 divina:
2145 4062 2352 4118 scilicet

781 4145 1096 4213 Scriptum,
1137 4162 1260 4200 cum
1296 4163 1426 4202 usus
1449 4149 1519 4202 ita
1552 4151 1872 4220 postularet,
1903 4162 2200 4206 contexens
2247 4168 2351 4205 ma-

782 4251 923 4304 gnus
941 4236 1182 4292 Joannes
1210 4239 1470 4294 instituta:
1501 4243 1757 4306 orationi,
1797 4247 2163 4300 concionatus
2178 4254 2263 4299 est
2294 4247 2346 4298 in

2515 1663 2645 1716 ΜΔΕ
2693 1661 2898 1732 Χρόνος
2957 1664 3137 1732 ὀλίγος
3171 1663 3231 1715 τὸ
3279 1663 3505 1733 μεταξὺ,
3559 1666 3653 1717 καὶ
3704 1665 3873 1729 εὐθὶις
3940 1667 4036 1719 σὺν

2440 1755 2650 1808 πλείοσι
2676 1756 2783 1808 τῶν
2810 1759 3127 1810 ἐπισκόπων
3173 1757 3429 1825 Θεόφιλος
3487 1761 3567 1820 εἰς
3596 1760 3693 1827 τὴν
3731 1761 4036 1812 Κωνσταν-

2438 1845 2585 1898 τίνου
2636 1850 2814 1918 φοιτᾷ,
2870 1849 3302 1917 ἐπισπευδούσης
3351 1848 3513 1902 αὐτὸν
3574 1849 3834 1912 Ειδοξίας
3865 1892 3879 1907 ,
3938 1852 4036 1904 καὶ

2439 1938 2580 1990 κατά
2636 1940 2816 1992 πᾶσαν
2847 1938 3030 1992 ἄδειαν
3073 1939 3419 2009 παρεχούσης
3469 1937 3615 2007 αὖτῷ
3660 1939 3757 2006 τὴν
3795 1940 4012 1991 εἴσοδον

2439 2023 2548 2080 Ἦν
2578 2027 2632 2080 δὲ
2655 2029 2785 2097 όρᾷν
2820 2029 2942 2081 τότε
3003 2030 3203 2098 σμῆνος
3249 2029 3435 2082 κακῶν
3479 2030 3898 2099 ἀθροιζόμενον,
3941 2031 4034 2083 καὶ

2440 2119 2686 2190 Θεοφίλῳ
2718 2120 2854 2190 πρὸς
2879 2121 2975 2190 τὴν
3001 2120 3321 2189 καθαίρεσιν
3359 2121 3451 2172 τοῦ
3491 2119 3655 2188 σοφοῦ
3682 2121 4039 2188 συναιρόμε-

2440 2226 2550 2264 νον.
2572 2209 2728 2272 Τίνες
2747 2205 2914 2275 οὗτοι,
2942 2213 3037 2264 καὶ
3052 2211 3214 2262 πόθεν
3237 2211 3342 2280 ἄρα
3370 2210 3626 2266 λαϐόντες
3648 2211 3750 2279 τὴν
3776 2212 4031 2279 κίνησινς

2439 2302 2626 2370 Ψυχαὶ
2657 2302 2950 2372 ἁμαρτίαις
3007 2303 3202 2371 ἔνοχοι,
3232 2303 3328 2355 καὶ
3380 2303 3617 2364 ἀνιάτως
3654 2306 3884 2372 ἔχουσαι
3937 2305 4033 2356 τοῦ

2440 2394 2650 2460 κακοῦ,
2701 2395 2957 2464 καθάπερ
3009 2397 3106 2448 καὶ
3145 2395 3303 2458 λόγος
3345 2396 3441 2464 ἤδη
3477 2397 3686 2461 φθάσας
3729 2397 4029 2464 ἐδήλωσεν,

2439 2485 2534 2549 οὓς
2557 2488 2588 2555 ἡ
2620 2487 2911 2548 ἀδέκαστος
2929 2487 3173 2540 Ἰωάννου
3200 2488 3376 2556 ψῆφος
3400 2489 3490 2540 ἐπὶ
3518 2489 3798 2557 διαφόροις
3828 2489 4036 2550 αἰτίας

2441 2581 2698 2646 ἀναξίους
2733 2578 2871 2634 εἶναι
2925 2582 3018 2634 τοῦ
3051 2583 3295 2650 βήματος
3333 2582 3699 2650 δοκιμασασα,
3738 2583 3842 2652 τῆς
3874 2585 4035 2653 ἱερω-

2444 2675 2610 2744 σύνης
2653 2675 2934 2743 ἀπέκρινε.
2983 2676 3085 2725 Σὺν
3118 2675 3330 2736 πολλοῖς
3367 2671 3479 2737 οὖν,
3514 2674 3588 2736 ὼς
3637 2677 3883 2742 simtu,
3926 2677 4036 2728 τῶν

2444 2767 2760 2819 ἐπισκόπων
2794 2766 3046 2834 Θεόφιλος
3085 2765 3472 2834 προσελθόντες
3499 2769 3564 2835 τῇ
3601 2767 3857 2836 Εὑδοξία,
3897 2769 4037 2819 κατὲ

2448 2858 2617 2926 μόνας
2648 2874 2707 2910 τε
2764 2858 3299 2928 κοινολογησάμενοι,
3359 2857 3857 2926 μυσταγωγοῦνται
3907 2859 4035 2926 παρ’

2446 2951 2639 3020 αὐτῆς,
2683 2950 3129 3019 φιλοςρονοῦνται
3190 2951 3402 3020 δώροις,
3436 2953 3575 3002 κατα
3606 2949 3698 3002 τοῦ
3734 2952 3902 3016 ἁγίου
3940 2953 4038 3008 τὰς

2446 3042 2700 3110 γλώσσας
2743 3041 3080 3110 μισθοῦνται,
3105 3043 3305 3102 πάσαις
3324 3043 3524 3109 ψήιροις
3541 3040 4038 3108 καταψησίσασθαι

2447 3134 2542 3187 τοῦ
2581 3134 2794 3188 δικαίου
2830 3133 3185 3188 συντίθενται.
3229 3134 3498 3202 Τοιαὺτην
3549 3134 3751 3202 ἄνομον
3782 3132 4038 3201 δεομολο-

2448 3228 2747 3296 γησάμενοι
2765 3226 3087 3295 συμφωνίαν
3123 3228 3172 3276 οἱ
3194 3226 3349 3278 καλοὶ
3373 3226 3649 3293 ποιμένες,
3683 3228 3778 3276 καὶ
3801 3225 4043 3292 ὲνάθώῳ

2447 3320 2639 3389 αἵματι
2661 3321 2759 3382 τὰς
2783 3319 2961 3389 ψυχας
2992 3319 3190 3387 μᾶλλον
3216 3317 3580 3386 ἐμϐάψαντες.
3605 3318 3664 3368 οὗ
3691 3317 3791 3378 τὰς
3819 3321 4040 3386 χεῖρας,

2448 3413 2674 3477 ἐξίασιν,
2711 3411 2862 3462 οὐδὲν
2905 3410 3170 3477 Ἀρκαδίῳ
3229 3409 3430 3461 τούτων
3485 3410 3561 3470 εἰς
3599 3408 3802 3472 γνῶσιν
3859 3409 4040 3459 ἐλθέ-ι.

2450 3504 2600 3574 Πλὴν
2629 3501 2764 3555 ἀλλά
2796 3503 2888 3555 καὶ
2920 3501 3073 3564 αὖθις
3107 3502 3356 3570 ἀφορμαὶ
3380 3499 3607 3551 δίδονται
3639 3502 3749 3560 τοῖς
3776 3499 4044 3565 ζητοῦσιν

2449 3593 2728 3664 ἀφορμὰς,
2754 3593 2905 3645 οὐδὲν
2942 3594 3040 3662 μὲν
3071 3592 3325 3661 ἀληθείας
3363 3591 3606 3659 ἔχουσαι,
3642 3591 3742 3641 οὐκ
3765 3591 3961 3658 ὀλίγην
3990 3591 4046 3643 £1:

2451 3684 2583 3752 ὓλην
2617 3683 2690 3752 τῷ
2716 3685 2851 3753 πυρὶ
2879 3683 2986 3734 τῶν
3004 3682 3258 3752 πονηρῶν
3291 3680 3688 3750 παρασχοῦσαι,
3723 3681 3818 3733 καὶ
3860 3683 4039 3748 μεγά-

2449 3777 2548 3846 λην
2583 3775 2756 3845 φλόγα
2797 3775 2906 3828 τῶν
2941 3775 3262 3846 πειρασμῶν
3307 3775 3603 3842 ἀνάψασαι.
3638 3775 3709 3825 0-3
3753 3774 3893 3826 πολὺ
3935 3777 4045 3844 γὰρ

2452 3869 2510 3922 τὸ
2551 3871 2607 3922 ὲν
2640 3871 2810 3939 μέσῳ,
2839 3869 2934 3921 καὶ
2966 3868 3128 3938 μέρος
3182 3885 3230 3918 τι
3277 3866 3383 3918 τῶν
3434 3866 3729 3918 Βασιλειῶν
3765 3866 3791 3916 ό
3838 3867 4044 3934 μέγας,

2450 3963 2592 4016 οὕτω
2619 3963 2832 4031 συμϐὰν
2869 3961 3010 4014 κατά
3032 3960 3220 4029 γρείαν
3262 3959 3354 4012 τοῦ
3408 3959 3546 4028 μετὰ
3579 3961 3765 4026 χεῖρας
3808 3959 4045 4020 σκοποῦ,

2454 4056 2532 4126 τῷ
2581 4055 2726 4122 λόγῳ
2776 4054 3026 4122 συνείρας
3079 4054 3169 4104 ἐπὶ
3217 4055 3312 4119 τῆς
3373 4051 3666 4117 ἐκκλησίας
3707 4049 4044 4118 δημηγορεῖ.

2451 4149 2525 4202 Τὸ
2578 4147 2634 4200 δὲ
2688 4139 2834 4214 εἶχεν
2858 4144 3032 4198 οὕτω·
3062 4145 3400 4209 Συναγάγετε
3429 4143 3568 4211 προς
3606 4142 3670 4208 μὲ
3708 4143 3832 4202 τους
3874 4143 4047 4209 ἱερεῖς

2451 4242 2550 4309 τῆς
2587 4240 2872 4308 αἰσχύνης,
2899 4237 3175 4298 ἐσθίοντας
3194 4235 3470 4304 τράπεζαν
3505 4233 3758 4297 Ἰεζάϐελ,
3796 4233 3864 4284 ἶν’
3901 4233 4044 4285 εἴπω

779 4328 1031 4383 ecclesia.
1063 4328 1136 4383 Ea
1167 4342 1347 4385 autem
1380 4334 1451 4385 ita
1475 4349 1535 4388 se
1581 4335 1813 4390 habebat
1843 4353 1856 4388 :
1889 4335 2224 4408 Congregate
2280 4339 2344 4391 ad

2455 4336 2657 4400 αὐτοῖς,
2687 4333 2762 4396 ὡς
2797 4331 2977 4384 Ἠλιοῦ
3026 4331 3129 4400 ἐστι
3157 4347 3168 4358 ·
3228 4348 3245 4380 t
3282 4330 3422 4391 Ἕως
3451 4329 3581 4380 πότε
3609 4326 3904 4397 χω).ανεῖτε
3956 4327 4043 4378 ἐπ’

780 4436 867 4474 me
906 4422 1214 4476 sacerdotes
1261 4423 1566 4492 dedecoris,
1613 4428 1706 4496 qui
1762 4428 2058 4482 comedunt
2108 4444 2353 4484 mensam

779 4511 1016 4577 Jezalicl,
1047 4523 1103 4567 ut
1135 4515 1317 4568 dicam
1350 4517 1429 4570 cis
1484 4518 1622 4571 sicut
1664 4519 1799 4571 dixit
1841 4519 1982 4574 Elias
2017 4537 2030 4573 :
2063 4518 2355 4590 Quousque

782 4601 1153 4658 claudicabitis
1226 4608 1470 4675 utrisque
1511 4609 1805 4677 poplitibus
1854 4610 2094 4664 vestris?
2129 4608 2185 4664 Si
2228 4611 2354 4665 Baal

782 4706 864 4750 est
899 4697 1056 4761 Dens,
1090 4699 1366 4753 ambulate
1409 4709 1531 4768 post
1556 4701 1752 4769 ipsum.
1789 4699 1844 4754 Si
1899 4711 2082 4755 autem
2139 4701 2354 4757 Jezahel

781 4805 998 4856 quoque
1039 4806 1224 4844 mensa
1249 4791 1362 4859 ipsa
1390 4801 1473 4845 est
1502 4791 1665 4857 Deus,
1717 4791 2068 4847 comedentes
2099 4794 2352 4848 evomite.

782 4877 920 4931 lline
953 4880 1026 4931 illi
1062 4883 1338 4948 sapientes
1364 4882 1417 4934 in
1455 4883 1683 4944 malitia,
1719 4897 1843 4935 cum
1882 4883 2044 4936 verba
2105 4885 2351 4951 qumdam

782 4981 1040 5040 tanquam
1089 4987 1240 5026 arma
1302 4973 1793 5042 apprehendissent
1827 4984 1883 5028 et
1933 4975 2169 5028 validum
2200 4977 2351 5028 auxi-

782 5063 936 5126 lium,
969 5065 1236 5118 accedunt
1261 5065 1329 5118 ad
1367 5065 1684 5129 Arcadium,
1715 5066 1854 5119 duce
1890 5066 2054 5134 hujus
2093 5067 2353 5136 improba:

781 5169 1061 5226 synagoga:
1124 5155 1448 5226 Theophila,
1491 5157 1593 5210 alia
1629 5159 1847 5227 quidem
1902 5158 2190 5224 addentes,
2244 5158 2348 5212 alia

855 5338 920 5367 ’ν
963 5338 1032 5392 lll
1065 5337 1194 5410 Reg,
1239 5357 1392 5404 xviii,
1430 5341 1449 5394 l
1489 5355 1642 5410 seqq.

855 5520 966 5587 (99)
983 5519 1200 5592 Nullum
1225 5519 1402 5573 adhuc
1428 5518 1485 5592 in
1511 5535 1672 5575 causa
1698 5520 2065 5592 Chrysostomi
2095 5519 2352 5592 agitatum

788 5593 956 5662 fuisse
990 5591 1274 5662 judicium,
1315 5599 1369 5642 ut
1409 5590 1488 5662 vel
1524 5592 1730 5660 Opinari
1763 5589 1980 5662 quidem
2016 5589 2194 5658 posset
2220 5589 2351 5662 Epi-

791 5661 1049 5730 phaniuttt
1090 5664 1142 5713 in
1193 5661 1310 5728 ejus
1360 5661 1738 5728 relegationem
1784 5661 2155 5723 consensisse,
2201 5661 2358 5714 docet

795 5735 941 5795 lien;
971 5746 1136 5798 quare
1168 5730 1448 5784 historiam
1491 5732 1646 5790 hanc.
1670 5745 1722 5784 et
1751 5735 1817 5787 de
1848 5734 2048 5785 mutuis
2077 5731 2360 5797 episcolio-

794 5819 912 5855 rum
949 5803 1246 5869 prophetiis
1287 5812 1542 5870 tauquam
1571 5804 1969 5858 cutnntentitias
2001 5801 2192 5870 reiicit.
2238 5799 2365 5853 Vide

801 5872 994 5927 iierun.
1027 5871 1090 5925 ad
1131 5888 1218 5925 an.
1256 5872 1376 5924 402.

2455 4427 2792 4498 ἀμφοτέραις
2828 4429 2946 4489 ταῖς
2981 4424 3193 4492 ἰγνύαις
3221 4423 3375 4492 ὑμῶν
3399 4441 3412 4484 ;
3449 4424 3496 4474 εί
3524 4423 3637 4474 ἔστι
3663 4421 3795 4482 Θείς
3815 4423 3840 4473 ό
3870 4421 4041 4477 Βάαλ,

2458 4519 2755 4590 πορεύεσθε
2787 4519 2962 4571 όπίσω
3000 4515 3187 4570 αὑτοῦ.
3213 4517 3276 4568 Εἰ
3313 4515 3367 4567 δὲ
3399 4515 3490 4566 καὶ
3515 4513 3762 4580 τράπεζα
3801 4512 4046 4576 ἰεζαδελ

2455 4612 2593 4682 αὕτη
2622 4612 2775 4676 Θεὸς,
2805 4611 3065 4680 φαγόντες
3091 4608 3403 4676 ὲξεμέσατε.
3443 4625 3460 4656 ι
3504 4605 3784 4658 Ἐντεῦθεν
3809 4607 3856 4656 οἱ
3892 4607 4046 4669 cogo".

2454 4704 2552 4772 τὴν
2597 4704 2816 4765 κακίαν,
2884 4701 3210 4770 δραξάμενοι
3273 4699 3380 4752 τῶν
3431 4698 3712 4768 ῥημάτων⁹
3767 4695 4046 4764 Ἀρκλδῳ

2458 4794 2715 4861 προσίασι
2753 4791 2853 4860 τὴν
2899 4791 3057 4859 ῥῆσιν
3110 4787 3530 4848 ἐπιδεικνύντες,
3588 4786 3905 4855 ἡγουμένου
3949 4784 4048 4849 τῆς

2460 4886 2781 4952 συναγωγῆς
2815 4882 3099 4951 Θεοφίλου,
3132 4882 3224 4934 καὶ
3260 4881 3327 4932 τὰ
3354 4880 3452 4947 μὲν
3482 4878 3877 4948 προστιθέντες
3913 4878 4047 4945 παρ’

2455 4977 2684 5038 ἑαυτῶν,
2713 4977 2779 5028 τὰ
2805 4975 2860 5027 δὲ
2891 4976 2984 5026 καὶ
3031 4973 3524 5044 παρεξηγούμενοι.
3575 4971 3808 5035 Ἔλεγον
3857 4969 3914 5020 δὲ
3952 4973 4046 5019 καὶ

2456 5068 2692 5131 ἔπειθον,
2723 5067 2797 5128 ὡς
2847 5065 3000 5118 αὐτοὶ
3041 5067 3140 5134 μὲν
3192 5061 3353 5134 ἦσαν,
3381 5066 3436 5116 οἵ
3473 5080 3536 5129 γε
3576 5063 3744 5131 ἱερεῖς
3774 5062 4045 5126 αἰσχύνης

2455 5158 2774 5227 ἐλέχθησαν,
2823 5155 3057 5219 Ἰεζάδελ
3086 5155 3143 5209 δὲ
3195 5157 3228 5224 ἠ
3286 5154 3495 5223 βασιλὶς
3522 5153 3805 5218 ἄντικρλς.
3853 5149 4043 5208 Citio;

2533 5519 2642 5587 (‘50)
2663 5517 2892 5582 Quinam
2921 5527 3100 5587 autem
3129 5515 3349 5573 fuerint.
3375 5517 3465 5585 qui
3495 5527 3688 5569 contra
3717 5515 4046 5587 Chrvsosto:

2463 5584 2951 5657 tntun'Theophilo
2986 5586 3233 5650 laverint,
3279 5584 3406 5641 rite
3443 5587 3638 5640 Baron.
3693 5597 3827 5640 tom.
3885 5584 3950 5644 ν,
3979 5586 4045 5637 ad

2465 5673 2666 5712 annum
2696 5659 2821 5710 405.

2540 5729 2649 5795 (3|)
2686 5728 2806 5780 Vide
2831 5727 3056 5795 Niceph.
3089 5742 3136 5779 c.
3162 5728 3243 5784 M.
3275 5727 3358 5787 15,
3394 5725 3592 5789 l6,lih.
3625 5738 3741 5780 ml.
3772 5724 3928 5778 Socr.
3949 5724 4042 5779 lib.

2472 5815 2545 5856 vt.
2589 5814 2636 5852 c.
2670 5799 2773 5860 H;
2817 5799 2936 5850 Sol.
2984 5797 3072 5851 lib.
3114 5813 3230 5860 vttt,
3264 5816 3310 5850 c.
3360 5798 3442 5862 ili,
3477 5801 3558 5854 Π,
3604 5799 3688 5858 l8,
3728 5795 3924 5859 Bari-ti,
3955 5812 4041 5847 an.

2473 5870 2593 5924 403.
