4178 6484
160 420 316 493 1165

1182 429 1356 488 \‘ITA
1399 426 1456 486 S.
1500 428 1824 487 JOANNIS
1882 428 2443 494 CllRYSOS'l‘lIlMI.

3297 439 3443 502 1166

159 544 195 591 ὑ
214 541 465 593 ποδίδωσι
502 540 600 609 μὲν
626 542 657 610 ὴ
690 542 818 610 περὶ
841 542 931 592 τὸν
964 542 1137 609 μέγαν
1164 540 1257 592 τοῦ
1279 540 1539 609 βασιλέως
1572 539 1733 601 αἰδὼς

1864 550 2044 593 autem
2084 555 2365 609 perperam
2424 553 2782 611 esponeutes.
2841 545 3097 598 Dicebant.
3161 560 3286 598 vero
3318 550 3419 601 viri

158 634 266 685 καὶ
296 634 324 685 ὁ
358 631 524 693 πόθος
562 635 641 695 εἰς
696 632 875 700 λύπην
915 634 1245 702 μεταχωρεῖ,
1299 632 1391 683 καὶ
1424 629 1626 684 δίδοται
1646 632 1756 693 τοῖς

160 728 429 795 πονηροῖς
471 726 623 777 ἄδεια
657 724 1018 795 μετέρχεσθαι
1044 724 1112 777 τά
1141 725 1338 776 οἰκεῖα.
1366 723 1620 776 Τοιοῦτον
1649 724 1754 793 γὰρ

155 821 199 888 ἡ
244 816 486 887 ἁπλότης
521 817 633 887 (ἵνα
660 817 756 888 μὴ,
786 818 1110 886 κουφότης,
1151 814 1342 883 λέγων,
1378 815 1452 886 τῷ
1485 816 1756 887 δυσφήμῳ

159 909 451 977 φαίνωμαι
471 908 875 978 χαριζόμενος),
905 908 1061 978 ῥᾳδία
1083 907 1182 976 μὲν
1199 908 1573 977 οἰκοδομῆσαι,
1598 908 1754 977 ῥᾳδία

156 1002 221 1054 δὲ
263 1002 333 1053 τὰ
382 1000 807 1070 οἰκοδομηθέντα
886 1002 1272 1067 κατενεγκεῖν·
1321 1000 1416 1051 καὶ
1467 998 1752 1053 συνελόντα

154 1097 369 1155 εἰπεῖν,
410 1096 638 1155 ἄπιστος
662 1092 907 1160 ἁκριῦὦς
927 1093 1021 1145 καὶ
1046 1092 1124 1162 τῷ
1148 1093 1309 1144 παντὶ
1331 1092 1748 1159 εὐπαράγωγος,

166 1189 387 1256 ἀνέμου
429 1187 631 1251 πεδίον,
673 1186 701 1237 ὃ
724 1203 877 1253 φασι,
912 1186 1006 1238 καὶ
1037 1185 1273 1255 πρᾶγμα
1305 1184 1424 1236 κατ’
1456 1184 1620 1254 εὐχὴν
1644 1186 1752 1247 τοῖς

158 1283 617 1352 μοχθηροτέρως.
638 1280 917 1333 Ἐντεῦθεν
932 1279 1156 1344 Εύδοξία
1173 1280 1270 1350 μὲν
1290 1277 1395 1331 τῶν
1414 1277 1749 1342 ἐπισκόπων,

155 1377 278 1426 ὅσοι
311 1374 578 1443 Θεοφίλου
619 1375 881 1427 κατεῖπον
908 1372 1195 1441 πρότερον,
1230 1370 1359 1430 τοὺς
1398 1369 1496 1440 μὲν
1528 1369 1753 1437 ἀγαθῶν

153 1471 462 1537 παροχαῖς,
490 1468 614 1529 τοὺς
648 1466 703 1518 δὲ
749 1466 841 1517 καὶ
888 1464 1201 1534 ἀϐουλήτων
1244 1463 1530 1531 ἐπιφοραῖς
1550 1461 1642 1514 τοῦ
1670 1462 1754 1513 λέ-

154 1579 283 1625 γειν
302 1560 578 1630 ἀπείργει.
605 1558 861 1626 Θεόφιλος
885 1558 940 1610 δὲ
960 1557 1068 1610 τῶν
1094 1554 1543 1625 κατηγορούντων
1572 1554 1749 1608 ἀπαλ-

152 1654 378 1719 λαγεὶς,
417 1653 515 1722 τὴν
547 1651 791 1721 ἄρξασαν
827 1651 974 1720 αὐτῷ
997 1651 1220 1720 χάριτος
1252 1648 1437 1701 ἀδίκου
1471 1649 1580 1707 τοῖς
1618 1646 1751 1710 ἴσοις

150 1748 260 1797 καὶ
292 1747 477 1809 αὐτὸς,
511 1745 711 1814 μᾶλλον
729 1745 784 1797 δὲ
810 1742 987 1813 πολλῴ
1009 1742 1272 1811 μείζοσιν,
1300 1738 1750 1809 ἀντιθεραπεύειν

144 1838 314 1909 ἠξίου
341 1855 352 1865 ·
383 1839 479 1889 καὶ
514 1838 639 1901 τοὺς
695 1838 791 1905 μὲν
814 1834 1028 1906 δώροις,
1073 1836 1197 1898 τοὺς
1228 1834 1284 1886 δὲ
1323 1834 1597 1897 ἀπειλαῖς,
1623 1835 1746 1895 τοὺς

151 2024 448 2092 δυνάμεως
519 2021 927 2091 ἐπιλαϐομένη,
990 2021 1377 2091 παραπείσας,
1447 2019 1539 2071 καὶ
1592 2018 1746 2080 ὅλους

148 2116 257 2184 τῆς
317 2114 453 2178 ἰδίας
502 2113 727 2184 γνώμης
776 2114 1257 2183 ἅναρτησάμενος,
1310 2112 1389 2175 είς
1437 2109 1595 2164 τοῦτο
1641 2127 1743 2163 κα-

150 2208 286 2269 κίας
340 2206 401 2259 τὸ
467 2206 575 2260 πᾶν
645 2207 863 2275 ἐκίνησε
916 2206 1008 2259 καὶ
1060 2206 1401 2274 συνήλασεν,
1471 2202 1547 2266 ώς
1621 2204 1742 2253 ἐπι-

147 2299 357 2369 τρέψαι
413 2300 463 2352 οἱ
521 2302 644 2361 τοὺς
703 2298 1039 2369 κρατοῦντας
1094 2297 1308 2351 σύνοδον
1358 2298 1498 2350 κατὰ
1557 2296 1740 2349 Ἰωάν-

148 2410 247 2444 νου
276 2393 377 2460 τὴν
414 2391 676 2461 μεγίστην
720 2392 991 2462 ἀθροῖσαι.
1023 2390 1211 2460 Εύρὼν
1240 2389 1297 2442 δὲ
1344 2388 1437 2441 δύο
1483 2388 1593 2442 τῶν
1630 2388 1743 2442 δια-

147 2484 355 2547 κόνων,
393 2477 468 2537 ὧν
497 2488 525 2536 ὁ
558 2486 657 2552 μὲν
694 2484 873 2536 αἰτίαν
925 2478 1039 2553 εἶχε
1095 2481 1360 2553 μοιχείας,
1403 2482 1431 2533 ὁ
1468 2481 1524 2532 δὲ
1557 2480 1740 2548 φόνου,

149 2577 251 2628 καί
295 2576 447 2645 παρά
479 2576 638 2627 τοῦτο
664 2575 727 2646 δὴ
748 2575 883 2643 πρὸς
903 2574 997 2627 τοῦ
1032 2572 1267 2644 μεγάλου
1299 2571 1737 2644 καθῃρημένους,

146 2670 384 2733 τούτους
415 2674 442 2723 ὁ
484 2671 744 2739 γεννάδας
795 2670 937 2723 κατά
977 2668 1180 2738 πολλὴν
1214 2666 1503 2719 αύθεντίαν
1528 2664 1621 2717 τοῦ
1650 2666 1737 2717 δε-

148 2762 300 2831 σμοῦ
344 2763 534 2827 λύσας,
560 2763 860 2825 λιϐἐλλους,
886 2760 961 2814 ὧν
992 2762 1195 2820 ἐκεῖνος
1226 2757 1381 2820 αὖθις
1409 2757 1739 2827 δημιουργὲς

147 2852 245 2920 ἦν,
286 2858 429 2907 κατὰ
458 2854 551 2908 τοῦ
582 2855 739 2922 ἁγίου
762 2853 944 2907 δοῦναι
985 2849 1399 2922 παρασκευάζει
1422 2868 1435 2881 ο
1461 2849 1738 2911 λι6ἐλλους

148 2949 393 3017 πλήρεις
424 2950 523 3017 μὲν
544 2947 807 3001 διαὸολῶν
840 2948 1034 3011 ὄντως,
1073 2946 1217 3016 ἴχνος
1247 2944 1304 2996 δὲ
1334 2943 1591 3011 ἀληθείας
1627 2942 1737 2995 οὐδ’

146 3039 338 3091 ὁτιοῦν
368 3039 589 3110 ἔχοντας
683 3040 822 3110 πλὴν
881 3039 1040 3092 τοῦτο
1074 3038 1233 3108 μόνον
1285 3036 1522 3105 μετρίως
1568 3034 1737 3104 αὐτῆς

148 3134 606 3203 παραιτεόμενον,
656 3136 703 3185 εξ
740 3135 830 3185 καὶ
886 3134 959 3202 μὴ
1006 3132 1140 3201 πρὸς
1194 3130 1288 3199 τὴν
1338 3130 1460 3200 ἴσην
1507 3127 1734 3191 ἔννοιαν,

1860 630 2057 700 egregii
2101 641 2157 685 et
2189 632 2350 685 facile
2410 635 2828 701 persuadebant,
2882 650 2941 688 sc
2989 635 3207 703 quidem
3264 636 3438 691 dictos

1862 723 2026 776 fuisse
2064 727 2377 780 sacerdotes
2411 727 2696 780 dedecoris
2756 745 2767 779 :
2830 742 3017 780 revera
3054 728 3200 781 enim
3230 740 3387 783 erant
3421 748 3433 782 :

1859 813 2261 885 imperatrieem
2308 828 2489 872 autem
2538 833 2661 873 esse
2696 832 2883 888 aperte
2932 819 3258 875 Jezabclem.
3296 822 3435 877 Hinc

1859 904 2059 957 factum
2117 914 2221 965 est,
2259 915 2315 959 ut
2377 908 2722 977 imperatoris
2776 909 2994 979 quidem
3058 911 3112 963 in
3175 928 3430 983 magnum

1855 994 2117 1049 Joannem
2144 998 2363 1051 cederet
2392 999 2729 1063 reverentia,
2748 1010 2801 1053 et
2824 1000 3149 1055 desiderium
3177 1005 3432 1058 transiret

1857 1088 1907 1140 in
1936 1089 2179 1142 dolorem
2214 1109 2223 1140 ;
2270 1092 2539 1159 daturque
2574 1094 2751 1161 prteda
2799 1093 2927 1147 viris
2959 1095 3244 1163 itnprobis.
3274 1097 3429 1165 Ejus-

1859 1180 2002 1235 modi
2042 1184 2189 1235 enim
2250 1200 2334 1237 res
2378 1193 2461 1236 est
2501 1184 2837 1253 simplicitas,
2892 1201 2960 1240 ne
3015 1187 3190 1241 dicam
3244 1189 3433 1244 levitas

1855 1282 1908 1325 et
1936 1271 2182 1328 facilitas.
2226 1274 2317 1330 Est
2344 1276 2516 1329 facilis
2535 1276 2752 1345 quidem
2768 1278 2833 1331 ad
2866 1279 3242 1334 azdilicandum
3274 1296 3431 1350 :qtza‘,

1855 1373 2033 1416 autent
2068 1373 2193 1417 sunt
2229 1367 2339 1432 jam
2395 1366 2681 1433 mdilicata,
2716 1378 2844 1422 sunt
2890 1367 3153 1423 facillima
3184 1371 3248 1424 ad
3303 1374 3432 1426 des-

1855 1456 2165 1518 truendum,
2199 1468 2250 1509 et
2285 1468 2342 1509 ut
2377 1458 2541 1511 semel
2576 1460 2769 1521 dicam,
2804 1470 2886 1515 est
2916 1461 3140 1515 omnino
3163 1463 3315 1517 valde
3348 1467 3430 1517 iu-

1858 1547 2037 1601 lidelis
2084 1560 2137 1602 ei
2188 1550 2251 1602 ad
2302 1552 2608 1604 ducendum
2637 1550 2829 1614 facilis,
2869 1565 3026 1607 vento
3061 1571 3306 1623 campus,
3372 1568 3431 1612 ut

1854 1641 2027 1701 aiunt,
2076 1652 2128 1694 et
2188 1657 2272 1695 res
2329 1644 2562 1711 Optanda
2607 1646 2908 1700 sceleratis.
2954 1648 3041 1703 Sic
3082 1650 3325 1705 Eudoxia
3360 1670 3424 1707 ex

1854 1732 2127 1800 episcopis
2150 1732 2391 1801 quidem,
2430 1734 2519 1801 qui
2556 1734 2621 1787 de
2652 1732 2953 1805 Tlieopbilo
2998 1739 3144 1806 prius
3175 1739 3314 1792 male
3342 1740 3428 1793 di-

1856 1836 2067 1887 xerant,
2091 1825 2224 1878 alios
2240 1825 2458 1893 quidem
2484 1824 2641 1878 bonis
2664 1827 2880 1889 oblatis,
2909 1828 3045 1882 alios
3060 1841 3239 1883 autem
3262 1829 3427 1884 illatis

150 1904 213 1984 δὲ
263 1932 485 2001 τρόποις
529 1932 759 2002 ἑτέροις,
827 1904 921 1995 οὓς
982 1931 1257 1999 εὑρίσκειν
1311 1926 1420 1981 οἵδε
1478 1928 1736 1998 μοχθηρία

1852 1918 2008 1971 malis
2043 1927 2193 1973 arcet
2226 1935 2253 1971 a
2287 1918 2536 1972 dicendo.
2568 1917 2907 1989 Theophilus
2939 1933 3119 1976 autem
3164 1926 3425 1980 liberatus

1851 2010 1918 2063 ab
1949 2010 2383 2076 accusatoribus,
2417 2010 2463 2063 ei
2513 2027 2633 2078 qua:
2690 2012 2843 2079 prius
2896 2029 3005 2067 non
3064 2016 3210 2083 justo
3248 2019 3423 2086 ipsum

1849 2103 2107 2158 affecerat
2140 2102 2423 2168 beneficio,
2464 2104 2831 2173 voluitparem
2865 2115 3027 2175 atque
3066 2108 3202 2161 adeo
3261 2113 3427 2178 majo-

1850 2212 1960 2251 rem
1995 2196 2200 2250 referre
2238 2195 2507 2265 gratiam:
2545 2206 2599 2248 ct
2629 2212 2751 2269 cum
2800 2199 2936 2251 alios
2987 2201 3207 2268 quidem
3240 2202 3421 2267 donis,

1847 2292 1981 2344 alios
2008 2304 2138 2343 vero
2164 2289 2347 2353 minis,
2386 2289 2520 2343 alios
2549 2300 2731 2343 autem
2768 2291 2888 2345 aliis
2928 2293 3120 2357 modis,
3160 2311 3295 2363 quos
3322 2298 3424 2350 scit

1846 2384 2091 2436 invenire
2157 2382 2359 2435 malitia
2416 2392 2706 2436 consecuta
2765 2385 3083 2453 potentiam,
3128 2402 3420 2455 persuasos

1846 2476 1909 2527 ad
1946 2489 2099 2528 suam
2160 2473 2489 2528 traduxisset
2541 2475 2897 2541 voluntatem,
2926 2486 2981 2530 et
3029 2477 3301 2534 effecisset
3361 2491 3421 2535 ut

1848 2566 1942 2617 toti
1980 2580 2009 2616 a
2036 2579 2131 2617 sua
2168 2565 2471 2632 penderent
2504 2564 2798 2627 sententia,
2836 2565 2922 2617 ille
2966 2576 3115 2619 tanta
3158 2567 3419 2636 improbi-

1848 2669 1953 2711 tate
2002 2656 2319 2726 permiscuit
2371 2665 2424 2709 et
2464 2655 2709 2709 confudit
2749 2656 2951 2721 omnia,
2984 2666 3042 2711 ut
3092 2661 3183 2727 qui
3235 2674 3417 2712 rerum

1846 2747 2214 2815 potiebantur,
2252 2746 2299 2801 ei
2337 2747 2718 2816 permitterent
2761 2762 3090 2819 congregare
3152 2750 3417 2819 synodum

1846 2839 2135 2893 maximam
2206 2839 2466 2893 adversus
2495 2837 2780 2892 Joannem.
2823 2841 2959 2894 Cum
2993 2841 3290 2897 invenisset
3318 2858 3417 2897 au-

1846 2942 1949 2985 tem
1980 2934 2117 2986 duos
2142 2932 2418 2996 diaconos,
2457 2948 2689 3001 quorum
2724 2934 2861 2987 alter
2900 2935 3120 3003 quidem
3145 2950 3261 2990 erat
3291 2952 3416 2989 reus

1842 3025 2114 3085 adulterii,
2152 3026 2288 3079 alter
2320 3040 2451 3078 vero
2480 3026 2662 3089 caedis,
2685 3035 2738 3079 et
2772 3027 2892 3089 ideo
2924 3043 2953 3080 a
3004 3043 3201 3099 magno
3252 3028 3416 3083 Joan-

1843 3144 1910 3183 ne
1944 3127 2162 3183 fuerant
2187 3129 2444 3197 depositi,
2473 3145 2568 3183 eos
2596 3131 2677 3183 vir
2704 3130 2791 3183 ille
2817 3131 3069 3202 egregius
3122 3148 3245 3186 cum
3302 3149 3417 3187 ma-

145 3228 378 3293 ἐλέγετο
409 3228 535 3296 παρ’
563 3226 762 3291 αὐτῶν,
821 3227 1014 3293 ὅτιπερ
1053 3223 1263 3283 ὓδατος,
1298 3221 1331 3290 ἢ
1370 3219 1539 3283 οἴνου,
1570 3218 1603 3287 ἢ
1630 3234 1734 3270 πα·

1842 3236 1944 3291 gna
1973 3221 2295 3275 auctoritate
2328 3220 2383 3291 (ο
2414 3236 2582 3275 sacrae
2614 3222 2777 3292 leges)
2812 3224 3154 3290 absolvisset,
3184 3225 3414 3291 libellos,

150 3321 373 3373 στίλλου
416 3318 555 3388 μετά
579 3320 674 3386 τὴν
706 3319 812 3371 τῶν
850 3318 1019 3384 ἁγίων
1052 3315 1351 3386 μετάληψιν
1368 3310 1737 3380 ἀπογεύεσθαι

148 3408 416 3481 παρῄνει.
436 3409 545 3460 Καὶ
568 3407 620 3459 τί
650 3406 805 3460 τοῦτο
830 3425 845 3473 ;
873 3407 1172 3461 Εύλάὸειαν
1201 3407 1309 3475 γάρ
1325 3402 1739 3475 νομοθετοῦντος

146 3499 241 3571 ἦν,
278 3503 374 3555 καὶ
418 3503 484 3554 τὰ
530 3502 625 3570 τῆς
662 3502 814 3569 ἱερᾶς
864 3498 1023 3570 ἡμῶν
1068 3496 1422 3569 ἀκριϐοῦντος
1470 3496 1730 3555 πίστεως,

144 3596 223 3657 ὡς
256 3596 335 3664 μὴ
379 3594 581 3663 φθάσει
620 3597 726 3643 τινί
766 3592 874 3643 τῶν
926 3589 1313 3661 ὲκπτυομένων
1338 3591 1433 3639 καὶ
1475 3587 1642 3656 μέρος
1682 3602 1734 3636 τι

142 3690 258 3739 τῶν
290 3687 653 3754 ἀγιασμάτων
685 3686 1063 3737 συνεκπεσεῖν.

1839 3331 2071 3385 quorum
2116 3316 2203 3369 ille
2227 3332 2413 3370 rursus
2439 3316 2613 3370 fuerat
2637 3317 2839 3387 opifex,
2866 3318 3126 3375 exhibere
3157 3319 3285 3373 facit
3312 3320 3415 3375 ad-

1838 3423 2032 3462 versus
2074 3416 2321 3463 sanctum
2350 3428 2361 3462 :
2392 3409 2625 3475 libellos,
2665 3411 2756 3479 qui
2803 3422 2958 3465 erant
2992 3413 3138 3482 pleni
3195 3414 3412 3483 quidem

1837 3496 2143 3560 calumniis,
2176 3497 2384 3551 nullum
2420 3507 2601 3551 autem
2646 3498 2917 3553 habebant
2954 3500 3243 3570 vestigium
3274 3501 3415 3554 veri-

1836 3586 1960 3639 tatis
1995 3605 2011 3640 :
2050 3585 2153 3639 nisi
2176 3588 2321 3656 quod
2357 3588 2459 3641 hoc
2512 3587 2686 3641 solum
2722 3588 3004 3642 moderate
3048 3590 3412 3659 attingebant,

1834 3679 2045 3732 etiamsi
2076 3695 2183 3732 non
2221 3680 2288 3732 ab
2336 3679 2415 3733 eis
2459 3680 2650 3733 eadem
2702 3681 2975 3736 diceretur
3029 3682 3410 3753 intelligentia,

140 3784 294 3850 quod
324 3799 520 3852 aqua."
564 3783 647 3837 vel
671 3784 857 3836 vinum
924 3781 1007 3835 vel
1044 3780 1317 3850 pastillum
1388 3776 1653 3832 suadebat
1710 3784 1930 3842 gustare
1957 3786 2081 3845 post
2130 3777 2569 3831 communionem
2625 3776 2711 3839 iis,
2759 3778 2852 3845 qui
2910 3779 3409 3833 eomnnmieabaut.

140 3878 289 3942 Quid
327 3888 441 3932 tum
468 3877 627 3932 ?eral
656 3878 800 3931 enim
829 3878 934 3930 hoc
966 3878 1107 3946 ejus,
1143 3875 1237 3945 qui
1292 3874 1561 3929 statuebat
1621 3881 1680 3923 ut
1736 3869 2089 3927 adhiberetur
2153 3872 2355 3934 cautio,
2386 3880 2439 3924 ct
2472 3871 2561 3940 qui
2618 3881 2869 3925 accurate
2899 3872 3123 3926 tenebat
3157 3888 3241 3938 ea,
3291 3888 3411 3941 qua:

141 3977 276 4021 sun:
310 3977 508 4021 nostra:
543 3968 687 4033 fidei,
718 3984 787 4023 ne
817 3971 1053 4040 cuipiam
1104 3969 1445 4038 contingeret
1477 3980 1598 4019 cum
1642 3964 1723 4027 iis,
1770 3978 1890 4031 qua:
1955 3976 2320 4033 exspuuntur,
2354 3964 2515 4017 etiam
2570 3980 2637 4019 ex
2694 3965 3039 4019 sanctificatis
3080 3965 3281 4034 aliquid
3309 3982 3408 4019 ex-

140 4063 356 4118 cidere.

215 4207 355 4261 ME'.
387 4208 578 4259 Ἢνίκα
600 4208 731 4275 γοῦν
759 4210 884 4271 τοὺς
909 4209 1178 4279 φλυάρους
1201 4208 1423 4268 τούτους
1452 4205 1723 4265 λιϐἑλλους

139 4305 167 4353 ὁ
192 4302 447 4364 δεδωκὼς
485 4302 697 4371 εῖλησε,
734 4303 1060 4372 Σεόηριανὸν
1104 4302 1265 4364 εὐθὺς
1308 4302 1401 4354 καὶ
1447 4300 1721 4363 Ἀκάκιον,

143 4396 286 4465 πρὸς
312 4396 369 4449 δὲ
400 4397 495 4447 καὶ
532 4395 828 4464 Ἀντίοχον,
862 4396 985 4456 τοὺς
1025 4393 1269 4463 ἀμάχους
1304 4393 1366 4464 δὴ
1405 4392 1501 4460 τῆς
1531 4390 1724 4451 κακίας

1902 4196 2059 4251 XLV.
2087 4197 2223 4251 Cum
2252 4196 2447 4270 itaque.
2484 4212 2715 4267 nugaees
2771 4198 2869 4251 hos
2921 4197 3130 4251 libellos
3162 4198 3407 4267 accepiso

1832 4300 1913 4345 set
1967 4292 2012 4344 is
2064 4290 2155 4359 qui
2213 4291 2455 4353 dederat,
2509 4300 2561 4343 et
2600 4290 2854 4345 Acacium
2915 4301 2969 4345 et
3026 4290 3405 4355 Severianum,

1830 4393 1885 4435 et
1947 4390 2209 4451 praeterea
2263 4382 2615 4446 Antiochum,
2652 4381 2901 4445 invictos,
2960 4392 3018 4436 ut
3070 4382 3141 4435 ita
3202 4383 3403 4447 dicam,

146 4490 490 4556 προμάχους,
531 4489 626 4540 σὺν
651 4486 829 4549 ἄλλοις
851 4486 957 4539 τῶν
988 4487 1299 4539 ἐπισκόπων
1326 4484 1534 4537 πλείοσι
1568 4499 1722 4553 προσ-

1841 4474 1945 4528 vitii
2002 4484 2450 4544 propugnatores,
2510 4474 2617 4528 cito
2646 4474 2697 4527 in
2755 4489 2907 4529 suam
2960 4475 3269 4530 ascivissset
3316 4491 3406 4530 so—

144 4579 573 4651 εταιρισά;ιενος
625 4579 730 4644 ἔξω
781 4595 881 4629 που
939 4581 1035 4647 τῆς
1078 4579 1285 4640 πόλεως
1324 4576 1642 4648 (Ῥουφίνου
1664 4575 1719 4627 δὲ

137 4674 165 4721 ὀ
196 4671 365 4739 ἀγρὸς
387 4665 476 4739 ἦν,
504 4670 675 4740 ὄνομα
697 4670 986 4746 Δρῦςχύπδ
1010 4672 1073 4739 τῇ
1100 4668 1400 4738 Χαλκηδόνι
1424 4665 1722 4736 κείμενος),

138 4766 198 4814 ἐν
225 4764 400 4832 τούτῳ
441 4764 721 4832 γενόμενοι
755 4762 824 4814 τὰ
849 4762 973 4831 περὶ
1005 4759 1098 4812 τοῦ
1130 4760 1380 4813 καθελεῖν
1414 4758 1504 4811 τὸν
1553 4758 1725 4827 μέγαν

142 4854 545 4923 συνέῤῥαπτον.
572 4852 743 4913 Αὐτὸς
776 4853 959 4921 μέντοι
1010 4853 1105 4903 σὺν
1150 4852 1268 4919 ἅμα
1318 4848 1726 4918 τεσσαράκοντα

138 4946 469 5006 ἐπισκόποις
514 4945 946 5015 διομιλούμενος,
991 4944 1131 4996 πάνυ
1182 4942 1477 5012 θαυμάζων
1504 4936 1571 5010 ἦν
1610 4940 1725 5001 πῶς

137 5040 459 5109 ἐγκλήμασι
503 5038 765 5100 τοιούτοις
819 5036 1103 5105 ἀγώγιμος
1148 5034 1222 5086 ὣν
1270 5033 1554 5101 Θεόφιλος,
1604 5027 1721 5083 εἶτα

138 5132 493 5201 παραστῆναι
553 5128 885 5193 κελευσθεὶς,
925 5127 1067 5181 ὥστε
1114 5126 1272 5193 λόγον
1325 5124 1486 5195 χάριν
1541 5122 1721 5177 αὐτῶν

136 5230 420 5297 ὑποσχεῖν,
454 5225 649 5295 ἀθρόον
680 5224 823 5276 οὓτω
872 5223 970 5285 τὰς
1001 5222 1110 5274 τῶν
1149 5219 1496 5291 κρατούντων
1532 5218 1719 5287 ἴσχυσε

142 5322 373 5393 γνώμας
396 5321 557 5383 ἑλεῖν,
585 5318 659 5379 ὡς
691 5317 765 5387 μὴ
792 5316 952 5385 μόνον
986 5314 1152 5385 μηδὲν
1202 5313 1340 5382 ὑπὲρ
1367 5312 1473 5365 τῶν
1505 5312 1720 5363 οἰκείων

137 5412 483 5476 εύθύνεσθαι,
513 5411 647 5466 ἀλλὰ
672 5412 764 5462 καὶ
785 5409 984 5478 ἐτέρων
1020 5406 1202 5477 σχεδὸν
1234 5404 1567 5474 καταστῆναι
1601 5420 1719 5473 κρι-

138 5508 241 5575 τὴν
279 5504 435 5557 οὐδὲν
459 5503 519 5554 τὸ
550 5502 814 5573 παράπαν
859 5498 1253 5569 εὐθυνομένων.
1311 5493 1444 5551 Εἶτα
1484 5496 1718 5566 παρῄνει

143 5602 220 5667 μὴ
258 5596 642 5667 μικροψυχεῖν,
698 5592 833 5662 μηδὲ
877 5592 1018 5658 μένα
1050 5608 1101 5643 τι
1140 5591 1198 5643 τὸ
1230 5590 1404 5659 παρὸν
1452 5588 1713 5655 νομίζειν,

145 5689 586 5757 ἐνθυμουμένους
613 5686 692 5749 τὸ,
720 5686 806 5737 διὰ
826 5684 1037 5735 πολλῶν
1061 5682 1291 5750 θλίψεων
1315 5682 1590 5750 εἰσιτητὴν
1621 5684 1717 5751 τὴν

138 5780 249 5832 τῶν
291 5778 537 5848 οὐρανῶν
603 5774 739 5830 εἶναι
786 5775 1084 5845 βασιλείαν.
1138 5775 1279 5842 Πρὸς
1320 5773 1529 5835 τούτοις
1565 5774 1713 5841 ἠξίου

143 5873 365 5941 μηδένα,
412 5872 604 5938 λέγων,
643 5870 740 5939 τὴν
771 5867 966 5920 ἑαυτοῦ
1015 5868 1331 5938 ἐκκλησίαν,
1368 5868 1505 5938 ἐμὴν
1533 5870 1709 5938 χάριν,

1826 4565 2095 4629 cictatem,
2126 4573 2277 4618 extra
2313 4564 2582 4619 civitatem
2622 4567 2757 4635 (erat
2802 4574 2982 4618 autem
3024 4581 3152 4636 ager
3182 4567 3401 4633 Bullini,

1831 4670 2053 4725 nomine
2092 4669 2357 4736 Quercus,
2397 4671 2531 4723 situs
2572 4671 2673 4726 sub
2698 4671 3061 4743 Chalcedone)
3094 4675 3160 4728 de
3217 4684 3405 4729 saneto

1828 4763 2153 4834 deponendo
2181 4764 2502 4817 exsccrandi
2538 4764 2894 4820 conferebant
2942 4778 2997 4820 et
3042 4768 3404 4823 conterebant

1826 4853 2071 4906 consilia.
2107 4851 2228 4920 ipse
2258 4868 2387 4906 vero
2425 4869 2649 4910 versans
2696 4856 2854 4909 simul
2902 4874 3024 4913 cum
3050 4859 3401 4929 quadraginta

1826 4943 2114 5012 episcopis,
2148 4943 2301 4997 valde
2332 4944 2649 5011 mirabatur,
2703 4950 3161 5015 quemadmodum
3207 4950 3403 5004 talibus

1823 5033 2141 5085 criminibus
2172 5033 2440 5086 obnoxius
2486 5032 2847 5105 Theophilus,
2888 5047 2943 5092 et
2983 5038 3181 5093 deinde
3211 5039 3401 5092 adesse

1819 5128 2002 5196 jussus
2032 5135 2086 5179 et
2114 5125 2340 5179 reddere
2400 5126 2687 5192 rationem,
2744 5139 2849 5181 tam
2888 5123 3125 5199 'repcntc
3183 5145 3397 5194 eorum,

1826 5235 1917 5303 qui
1967 5250 2144 5290 rerum
2197 5234 2563 5304 potiebantur,
2630 5237 2842 5292 animos
2895 5241 3131 5307 potuerit
3184 5257 3397 5312 capere.

1828 5340 1883 5382 ut
1938 5344 2045 5381 non
2091 5327 2264 5381 solum
2324 5326 2390 5380 de
2450 5328 2562 5381 suis
2614 5344 2833 5383 causam
2887 5347 2995 5384 non
3042 5332 3266 5399 diceret,
3304 5335 3400 5388 sed

1822 5421 2051 5475 aliorum
2102 5420 2264 5474 etiam
2326 5421 2715 5491 propemodum
2762 5435 2908 5477 esset
2959 5426 3144 5493 judex,
3199 5426 3399 5482 indicta

1820 5512 1888 5567 ab
1940 5514 2023 5567 eis
2085 5512 2311 5567 omnino
2362 5528 2577 5566 causa:
2648 5513 2845 5569 deinde
2907 5517 3258 5575 hortabatur.
3326 5534 3398 5571 ne

1818 5613 2002 5656 essent
2047 5616 2211 5670 parvo
2261 5611 2315 5655 et
2348 5603 2561 5670 abjeeto
2589 5604 2794 5667 animo,
2847 5620 2947 5659 nec
3004 5606 3220 5659 tristitia
3274 5608 3393 5661 alli-

1824 5702 2098 5754 cerentur,
2160 5707 2228 5745 ne
2288 5695 2407 5757 hoc,
2445 5694 2587 5761 quod
2624 5705 2765 5759 erat
2812 5711 3072 5763 praesens,
3121 5698 3395 5768 quidpiam

1823 5799 2073 5853 magnum
2110 5798 2231 5834 esse.
2256 5784 2541 5848 ducerent,
2573 5788 2876 5855 cogitantes
2911 5789 3052 5857 quod
3084 5792 3395 5858 permultas

1820 5876 2140 5930 aliiietiones
2175 5877 2241 5930 sit
2280 5878 2591 5932 intrandum
2637 5894 2858 5945 regnum
2904 5882 3166 5936 cmlorum
3220 5884 3288 5936 ah
3327 5882 3392 5935 iis
