4178 6484
767 438 904 502 Ηῦἶ

2056 438 2342 498 MENSIS
2381 437 2840 516 JANUARIUS.

3922 446 4040 512 1168

765 564 858 634 qui
919 564 1093 633 ipsum
1160 560 1392 630 diligunt
1442 561 1506 614 ³⁸.
1556 559 1759 615 Deinde
1808 559 2052 630 rogabat,
2109 574 2178 614 ne
2233 557 2346 628 quis

2459 559 2778 615 ἀπολιπεῖν·
2814 559 2928 612 ἀλλ’
2959 563 3012 614 εί
3050 562 3102 614 τί
3127 578 3218 632 μοι
3259 562 3352 616 καὶ
3397 565 3715 636 χαρίζεσθαι
3770 565 4044 636 βούλεσθε,

762 671 862 710 sua
898 670 1056 710 causa
1089 654 1247 708 relict
1300 670 1454 710 suam
1512 653 1817 722 relinquere
1869 651 2154 706 ecclesiam
2189 669 2202 704 :
2244 650 2352 705 Sed

766 751 811 803 si
849 748 1010 802 vultis
1040 748 1192 810 mihi,
1231 748 1430 811 aiebat,
1477 745 1784 817 gratiﬁcari,
1818 753 2148 798 mementote
2180 743 2350 798 nostri

765 842 821 893 in
853 838 1045 892 vestris
1079 838 1436 892 orationibus.
1480 836 1606 890 H:cc
1648 834 1859 899 dicens,
1892 842 2179 903 postquam
2216 833 2352 886 vidit

763 946 858 986 eos
882 930 1024 986 vinci
1057 930 1328 1002 lacryniis,
1382 927 1671 983 ecclesiam
1734 934 1938 988 autem,
1982 936 2040 978 ut
2071 923 2243 994 magis
2279 923 2349 978 ita

763 1026 962 1087 dicam,
983 1023 1202 1090 deﬂere,
1251 1039 1346 1078 eos
1379 1021 1659 1077 recreabat
1691 1018 2027 1089 spiritaliter.
2063 1027 2118 1071 et
2172 1017 2351 1071 indice

763 1117 999 1172 sinistra:
1027 1131 1219 1170 manus
1244 1114 1416 1168 volam
1464 1111 1710 1182 pulsans,
1754 1121 1812 1165 ut
1853 1111 2060 1165 Solebat
2090 1107 2268 1164 facere
2295 1108 2349 1162 in

754 1209 910 1263 'cnris
927 1207 1122 1260 animi:
1145 1205 1310 1269 Satis,
1331 1203 1528 1274 inquit,
1551 1201 2021 1257 lamentationum.
2045 1197 2183 1264 Quid
2202 1197 2347 1252 enim

766 1303 927 1355 \‘llllls
954 1315 1046 1354 cor
1070 1298 1201 1352 mihi
1234 1298 1485 1370 frangere
1511 1297 1535 1350 ?
1565 1295 1670 1350 Sed
1706 1295 1906 1358 ridete,
1935 1306 2003 1345 ne
2031 1289 2350 1359 relinquatis

759 1393 1041 1456 ecclesias,
1099 1393 1201 1446 hoc
1227 1393 1394 1453 enim,
1423 1391 1561 1446 sicut
1596 1389 1747 1458 prius
1773 1386 1904 1448 dixi,
1938 1385 2061 1439 volo
2091 1399 2120 1437 a
2173 1383 2346 1443 vobis,

760 1486 804 1540 si
859 1485 992 1554 quid
1042 1484 1207 1548 aliud,
1253 1483 1388 1537 ﬁeri.
1420 1481 1555 1536 Cum
1587 1490 1768 1534 autem
1801 1479 2026 1534 dixisset
2078 1475 2295 1546 quidam
2332 1492 2342 1525 :

762 1575 869 1631 Sed
897 1591 1123 1631 necesse
1169 1585 1252 1629 est
1295 1588 1395 1627 nos
1449 1580 1737 1626 manentes
1776 1571 1830 1624 in
1877 1569 2142 1632 ecclesiis,
2194 1580 2345 1621 com-

762 1670 1044 1723 municare
1067 1683 1188 1722 eum
1223 1665 1630 1719 insidiatoribus
1654 1672 1708 1717 et
1740 1663 1869 1716 dare
1900 1674 2122 1713 manum
2153 1657 2345 1711 iisdem

761 1759 1290 1832 subscriptionibus;
1322 1758 1514 1814 beatus
1541 1766 1720 1810 autem
1750 1754 1999 1823 protinus
2027 1770 2039 1806 :
2075 1750 2182 1805 Sed
2218 1765 2343 1820 pcr-

762 1855 917 1908 mitto
945 1853 1188 1922 quidem,
1228 1851 1422 1920 inquit,
1480 1855 1537 1903 ut
1590 1845 1987 1911 communices,
2036 1853 2089 1898 te
2120 1843 2346 1898 omnino

2458 651 2616 704 τοῦτο
2643 649 2780 704 εἶναι
2813 652 2989 704 καὶ“τὸ
3022 654 3384 724 μνημονεύειν
3435 657 3592 726 ἡμῶν
3637 661 3694 711 ἐν
3730 663 3860 724 ta't;
3893 680 4046 732 προσ-

2455 747 2664 814 ευχαῖς.
2715 744 2801 807 Ὡς
2835 745 2890 798 δὲ
2921 743 3065 812 ἐώρα
3101 750 3498 818 συγχεομένους
3524 754 3633 815 τοῖς
3664 753 3932 824 δάκρυσι,
3958 758 4045 826 τὴν

2469 837 2796 907 Ἐκκλησίαν
2823 838 2879 891 δὲ
2910 840 3112 906 μᾶλλον
3131 841 3303 893 εἰπεῖν
3341 843 3808 915 ἁποδυρομένους,
3858 867 4048 915 πατζι-

2457 931 2567 994 κῶς
2591 931 2958 1000 ἀνελάμϐανε,
2985 933 3077 985 καὶ
3105 932 3181 1003 τῷ
3206 934 3410 1004 λιχανῷ
3443 935 3689 1006 δακτύλῳ
3716 941 3819 992 τον
3853 922 4048 1009 ταρσὸν

2453 1024 2552 1091 τῆς
2586 1025 2884 1097 ἀριστερᾶς
2917 1025 3098 1097 χειρὸς
3133 1028 3445 1080 ἐπικόπτων
3489 1030 3651 1098 (οὕτω
3686 1032 3798 1102 γὰρ
3833 1035 3901 1086 ἐν
3939 1037 4051 1096 ταῖς

2453 1115 2547 1166 ἐπὶ
2581 1117 2705 1168 νοῦν
2732 1117 3010 1186 φροντίσιν
3034 1115 3214 1170 εἰώθει
3262 1121 3480 1186 ποιεῖν),
3533 1121 3708 1186 Ἂλις,
3743 1119 3901 1188 εἷπε,
3953 1118 4050 1177 τιῖεν

2456 1205 2702 1276 θρήνων·
2741 1208 2794 1258 τί
2826 1225 2927 1277 μου
2961 1207 3322 1279 συνθρύπτειν
3354 1210 3604 1278 βούλεσθε
3643 1214 3740 1283 τὴν
3774 1215 4051 1284 καρδίαν;

2453 1297 2569 1350 ἀλλ’
2601 1300 2750 1361 ὅπως
2775 1301 2872 1363 τὰς
2928 1301 3226 1372 ἐκκλησίας
3263 1302 3336 1371 μὴ
3377 1302 3678 1373 ἀπολίπητε
3708 1323 3720 1334 ο
3747 1305 3924 1359 τοῦτο
3953 1310 4055 1377 γὰρ

2455 1390 2584 1459 ὑμῖν
2631 1390 2724 1442 καὶ
2785 1393 3052 1461 πρότερον
3085 1393 3241 1462 ἔφην.
3300 1394 3557 1458 Εἰπόντος
3603 1397 3656 1448 δέ
3686 1415 3858 1461 τινος,
3913 1399 4052 1452 Ἀλλ’

2453 1482 2667 1551 ἀνάγκη
2695 1483 2814 1545 ταῖς
2841 1484 3162 1552 ἐκκλησίαις
3188 1487 3546 1555 ἐπιμένοντας
3585 1491 3731 1557 ἡμᾶς
3773 1472 4054 1560 numiui-

2453 1589 2544 1626 σαι
2578 1575 2691 1637 τοῖς
2743 1573 3055 1637 ἐπιϐούλοις
3112 1573 3346 1638 τούτοις,
3392 1577 3485 1628 καὶ
3519 1579 3674 1645 χεῖρα
3705 1577 3898 1630 δοῦναι
3936 1583 4056 1641 ταῖς

2453 1666 2596 1728 ῐσαις
2627 1666 2996 1735 ὑπογραφαῖς
3029 1667 3121 1720 τὸν
3142 1669 3414 1738 μακάριον
3445 1669 3631 1732 εὐθὺς,
3657 1669 3822 1723 Ἀλλὰ
3853 1688 4058 1724 κοινω-

2453 1760 2614 1828 νῆσαι
2651 1760 2769 1829 μὲν,
2807 1760 3003 1826 εἰπεῖν,
3041 1761 3323 1832 ἐπιτρέπω
3353 1762 3515 1833 χάριν
3553 1763 3647 1815 τοῦ
3693 1765 3766 1833 μὴ
3813 1765 4058 1832 σχίσμα-

2449 1869 2540 1913 τος
2581 1853 2726 1922 ὑμᾶς
2784 1855 2990 1915 αίτίους
3037 1856 3378 1926 καταστῆναι
3414 1859 3477 1927 τῇ
3533 1857 3854 1928 Ἐκκλησία,
3909 1859 4059 1910 ὐπο-

760 1946 1038 2002 ahstincns
1091 1945 1156 2000 ab
1213 1944 1462 1999 ecclesia:
1518 1940 1940 2004 schismatibus,
1998 1953 2344 2008 nequaquam

2452 1945 2656 2015 γράψαι
2709 1943 2766 1996 δέ
2817 1945 3091 2014 οὐδαμῶς.
3160 1947 3386 2001 Σύνοιδα
3441 1949 3549 2020 γὰρ
3610 1951 3762 2002 οὐδὲν
3818 1949 4059 2020 ἐμαστῷ

759 2048 942 2093 autem
973 2035 1306 2099 subscrihas,
1333 2033 1537 2087 nullius
1566 2032 1713 2087 enim
1755 2032 1832 2086 rei
1872 2032 2007 2085 mihi
2049 2046 2170 2085 sum
2221 2044 2341 2084 om-

760 2134 895 2187 nino
924 2131 1195 2193 conscius,
1223 2142 1320 2182 cur
1352 2126 1614 2196 deponar.
1645 2122 1781 2179 Cum
1816 2123 1850 2176 ii
1877 2123 1957 2178 sic
1981 2122 2345 2176 communiter

760 2229 1226 2297 colloquerentur,
1261 2224 1530 2277 accedunt
1560 2221 1780 2290 quidam
1812 2216 2110 2271 aﬂ‘erentes
2138 2215 2345 2268 litteras

761 2340 789 2377 a
820 2320 1143 2391 TheOphilo,
1175 2331 1406 2387 quarum
1439 2324 1554 2369 erat
1581 2305 1911 2381 inscriptio:
1951 2310 2148 2364 Sancta
2186 2322 2344 2378 syno-

760 2416 865 2471 dus
923 2415 1033 2485 (3-3)
1097 2412 1152 2465 in
1210 2408 1425 2476 Quercu
1484 2415 1828 2476 congregata,
1892 2401 2130 2469 Joanni:
2193 2401 2343 2453 illum

763 2507 979 2577 quidem
1032 2504 1167 2558 adeo
1216 2500 1360 2554 nudc
1415 2510 1470 2553 et
1507 2507 1613 2551 tam
1648 2495 2026 2567 ignominiose,
2055 2499 2116 2545 ut
2148 2505 2216 2545 ne
2247 2505 2342 2544 no-

763 2614 890 2653 men
936 2597 1154 2667 quidem
1204 2593 1398 2648 darent
1443 2590 1705 2661 episcopi,
1733 2602 1886 2641 suam
1925 2595 2107 2640 autem
2157 2597 2343 2638 revera

765 2689 1069 2760 improbam
1108 2699 1458 2757 synagogam,
1487 2689 1750 2736 vocantes
1774 2686 2015 2732 sanctam
2052 2675 2342 2742 synodum.

767 2780 1104 2836 Videbantur
1133 2779 1277 2833 enim
1305 2791 1430 2831 eum
1462 2775 1860 2829 condemnasse
1885 2770 1967 2824 vel
1997 2778 2123 2823 ante
2147 2768 2344 2822 dictam

758 2890 1009 2938 causam,
1053 2872 1284 2926 infames
1346 2868 1557 2924 scilicet
1609 2877 1662 2921 et
1708 2863 2023 2920 exsecrandi
2079 2877 2228 2924 eum,
2287 2860 2344 2914 in

765 2983 929 3039 quem
989 2980 1101 3020 non
1150 2963 1294 3018 cadit
1350 2959 1747 3031 reprehensio,
1800 2965 1991 3026 estque
2059 2968 2228 3024 purus
2291 2959 2346 3006 et

766 3061 1024 3117 mundus.
1074 3058 1346 3123 Quidnam
1396 3065 1578 3110 autem
1609 3051 1966 3108 continebant
1998 3065 2076 3103 eae
2110 3048 2347 3101 litterae?

767 3159 1002 3214 Libellos
1029 3154 1361 3224 accepimus,
1393 3151 1482 3222 qui
1520 3162 1676 3206 erant
1710 3148 1854 3219 pleni
1916 3147 2100 3201 multis
2155 3154 2345 3198 contra

766 3261 820 3306 te
872 3247 1334 3304 accusationibus.
1386 3245 1611 3315 Oportet
1666 3257 1794 3312 ergo
1846 3249 1897 3294 te
1930 3240 2134 3303 venire,
2169 3240 2236 3293 de
2266 3239 2346 3292 eis

768 3341 1108 3395 redditurum
1156 3337 1440 3391 rationem.
1477 3335 1557 3388 Ad
1621 3334 1733 3386 haec
1788 3330 1993 3386 Christi
2046 3330 2345 3400 discipulus

766 3444 819 3489 et
877 3433 1096 3487 imitans
1149 3431 1294 3484 illius
1343 3426 1843 3491 mansuetudinem,
1901 3435 2012 3479 tres
2060 3425 2347 3495 episcopos

767 3543 890 3583 cum
921 3526 1135 3581 duobus
1165 3522 1494 3594 presbyteris
1554 3521 1718 3574 mittit
1771 3519 1840 3573 ad
1893 3533 2005 3582 eos,
2041 3518 2220 3588 ipsum
2249 3517 2347 3572 de-

765 3620 1043 3680 fensuros,
1094 3617 1235 3671 sicut
1297 3614 1385 3669 ille
1442 3613 1556 3684 ipse
1611 3612 1803 3668 scribit
1859 3612 1912 3666 in
1960 3611 2186 3681 epistola
2235 3611 2343 3680 (55)

768 3709 832 3761 ad
872 3705 1248 3762 innocentium
1292 3703 1362 3773 (is
1398 3715 1580 3758 autem
1633 3713 1750 3757 erat
1795 3704 2099 3774 patriarcha
2150 3703 2349 3758 Roma-

768 3801 914 3868 nus),
949 3800 1192 3852 Misimus
1227 3798 1294 3852 ad
1347 3796 1545 3867 ipsum,
1595 3795 1804 3859 dicens,
1860 3796 2176 3866 episcopum
2216 3794 2348 3850 Pes-

767 3893 1004 3946 sinuntis
1059 3891 1411 3954 Demetrium,
1463 3887 1717 3957 Apameae
1763 3887 2062 3959 Eulysium,
2096 3895 2148 3941 et
2183 3888 2348 3958 Apia-

769 3998 874 4038 rea:
906 3982 1226 4051 Lucipinum
1255 3982 1397 4052 (δεμ
1432 3979 1775 4050 presbyteros
1799 3988 1982 4033 autem
2013 3978 2346 4035 Germanum

769 4085 823 4129 et
861 4075 1145 4137 Severum,
1190 4088 1315 4127 cuin
1367 4087 1452 4137 ea,
1502 4086 1610 4140 qua
1659 4086 1759 4126 nos
1799 4073 2107 4141 oportebat,
2161 4074 2349 4126 mode-

769 4167 981 4220 ratione
1011 4162 1427 4233 respondentes,
1456 4172 1512 4217 et
1536 4163 1781 4218 dicentes
1811 4177 1913 4217 nos
1951 4178 2060 4218 non
2095 4179 2350 4220 recusare

765 4256 1052 4326 judicium,
1085 4255 1176 4308 sed
1218 4263 1466 4324 apertum
1499 4255 1778 4308 inimicum
1799 4264 1853 4310 et
1881 4254 2091 4310 hostem
2121 4258 2350 4312 manife-

771 4358 938 4402 stum.
970 4346 1072 4412 Qui
1102 4347 1246 4400 enim
1276 4348 1519 4400 nondum
1548 4347 1760 4402 libellos
1794 4358 2104 4416 acceperat,
2140 4358 2195 4402 et
2224 4350 2349 4404 talia

769 4441 838 4494 ab
905 4441 1058 4494 initio
1107 4439 1333 4505 fecerat,
1383 4450 1436 4494 et
1470 4455 1527 4493 se
1554 4440 1622 4495 ab
1655 4441 1911 4495 Ecclesim
1962 4443 2349 4497 communione

771 4544 823 4588 ct
878 4532 1191 4602 precatione
1258 4533 1580 4596 absenderat,
1628 4542 1973 4587 accusatores
2031 4534 2347 4599 adornabat,

2451 2038 2826 2102 καθαιρέσεως
2900 2039 3072 2102 ἄξιον.
3163 2040 3383 2094 Τούτων
3428 2041 3572 2094 οὕτω
3633 2043 4057 2111 διαλεγομένων

2450 2130 2844 2200 προσέρχονταί
2876 2146 3020 2193 τινες
3060 2132 3361 2201 γράμματα
3403 2136 3552 2203 παρὰ
3583 2133 3845 2202 Θεοςίλου
3880 2138 4050 2205 κομί-

2449 2220 2657 2285 ζοντιις,
2688 2216 2818 2292 ὦνὴ
2851 2224 3156 2294 ἐπιγραφὴ,
3197 2224 3264 2276 Ἡ
3284 2225 3417 2293 ἁγία
3447 2225 3662 2288 σύνοδος
3693 2229 3726 2297 ἡ
3763 2229 3857 2280 ἐπὶ
3901 2229 4052 2297 Δρῦν

2450 2315 2902 2385 συναθροισθεῖσα
2927 2317 3006 2388 τῷ
3049 2317 3290 2390 Ἰωάννη,
3327 2317 3496 2387 ψιλῶς
3524 2319 3667 2372 οὕτω
3707 2322 3804 2373 καὶ
3828 2322 4047 2390 ἀτίμως

2446 2409 2608 2462 αὑτὸν
2629 2409 2994 2478 ὀνομάζουσα,
3055 2411 3148 2462 καὶ
3184 2411 3321 2480 μηδέ
3355 2411 3654 2464 ἐπίσκοπον
3688 2412 3926 2477 αξ.οὖσα
3946 2431 4043 2465 κα·

2447 2502 2581 2556 λεῖν.
2628 2501 2926 2572 Ἐᾠκεισαν
2975 2503 3085 2572 γὰρ
3141 2502 3464 2571 καθαίρεσιν
3503 2504 3671 2556 αὑτοῦ
3725 2507 4044 2575 καταψηφέο

2447 2594 2644 2649 σασθαι
2679 2597 2772 2648 καὶ
2810 2596 2915 2666 πρὸ
2945 2596 3247 2662 ἐξετάσεως
3280 2595 3373 2649 τοῦ
3401 2597 3645 2668 ἀλήπτου
3671 2600 3766 2650 καὶ
3795 2599 4044 2669 καθαρσῦ

2446 2689 2496 2741 oi
2514 2688 2824 2758 ἐπίρῤητοι,
2839 2689 2934 2742 καὶ
2963 2690 3354 2753 κατάπτυστοι,
3376 2690 3470 2742 καὶ
3489 2691 3696 2760 μυρίων
3719 2691 4049 2759 ἀναπεπλη-

2449 2781 2634 2850 σμένοι
2667 2782 2874 2834 κακῶν.
2895 2781 2991 2844 Τίς
3021 2781 3078 2833 δέ
3105 2784 3198 2834 καὶ
3222 2784 3254 2853 ἠ
3274 2782 3382 2834 τῶν
3408 2784 3748 2852 ἐγκειμένων
3765 2785 4003 2854 δύναμις
4025 2803 4040 2849 ;

2446 2874 2735 2937 Λιδέλλους
2755 2874 3054 2944 ἐδεξάμεθα
3081 2875 3220 2928 κατὰ
3243 2874 3338 2928 σοῦ
3361 2875 3568 2928 πολλῶν
3595 2878 3756 2940 ὄντας
3775 2879 4041 2946 αἰτιαμά-

2446 2985 2555 3021 των
2575 2967 2828 3037 μεστούς.
2855 2968 2974 3037 Χρὴ
3001 2965 3094 3019 οὖν
3124 2969 3434 3038 ἀπαντῆσαί
3479 2985 3536 3020 σε
3568 2969 3659 3020 τὸν
3687 2970 3829 3038 ὑπὲρ
3861 2973 4042 3022 αύτιῖιν

2449 3061 2710 3128 ὑφέξοντα
2739 3059 2916 3127 λόγον;
2951 3059 3093 3130 Πρὸς
3117 3059 3290 3113 ταῦτα
3315 3063 3342 3112 ὁ
3371 3061 3607 3130 Χριστοῦ
3642 3062 3918 3132 μαθητὴς,
3950 3069 4041 3114 καὶ

2449 3152 2546 3222 τὴν
2587 3152 2800 3205 ἐκείνου
2833 3150 3014 3222 ζηλῶν
3041 3153 3364 3216 ἐπιείκειαν,
3407 3156 3553 3223 τρεῖς
3587 3154 3693 3205 τῶν
3718 3156 4042 3207 ἐπισκόπων

2451 3243 2837 3308 ἐξαποστείλας
2863 3243 2978 3312 ἅμα
2997 3242 3142 3296 δυοῖν
3171 3244 3580 3313 πρεσϐυτέρων,
3605 3245 3678 3307 ὡς
3703 3247 3868 3308 αὐτος
3905 3251 4042 3298 ἐκεῖ-

2449 3354 2537 3400 νος
2565 3338 2699 3407 ἐντῇ
2718 3337 2852 3407 πρδς
2884 3337 3232 3388 Ὶννοκέντιον
3251 3337 3526 3407 ἐπιστολῇ,
3562 3337 4038 3408 Ἀπεσταλκαμεν,

2450 3428 2606 3497 φησὶ,
2631 3427 2766 3497 πρὸς
2792 3425 2954 3479 αὑτὸν
3004 3425 3304 3477 ἐπίσκοπον
3341 3426 3431 3477 τὸν
3470 3426 3817 3492 Πισινούντος
3850 3434 4042 3498 Δημή-

2448 3537 2622 3586 τριον.
2653 3520 2742 3572 τὸν
2778 3520 3085 3589 Ἀπαμείας
3127 3518 3407 3584 Εὑλύσιον,
3439 3520 3532 3573 καὶ
3563 3522 3654 3573 τὸν
3704 3522 4042 3589 Ἀππιαρίας

2450 3613 2779 3666 Δουπικῖνον
2797 3626 2810 3640 ο
2827 3610 3233 3682 πρεσόντέρους
3257 3612 3313 3664 δέ
3359 3612 3640 3681 Γερμανὸν
3661 3617 3755 3666 καὶ
3775 3615 4038 3688 Σεόἧροκ;,

2454 3707 2594 3777 μετὰ
2644 3705 2744 3771 τῆς
2788 3704 3172 3774 προσηκούσης
3203 3707 3337 3774 ἡμῖν
3381 3705 3680 3766 ἐπιεικείας
3730 3709 4040 3778 ἀποκρινοο

2455 3816 2608 3869 μενοι
2659 3800 2752 3850 καὶ
2790 3798 3063 3865 λέγοντες,
3105 3799 3178 3866 μὴ
3231 3799 3619 3868 παραιτεῖσθαι
3667 3801 3877 3869 κρίσιν,
3925 3803 4041 3855 ἀλλ’

2452 3891 2648 3960 ἐχθρὸν
2689 3889 2957 3959 πρόδηλον
3013 3891 3106 3943 καὶ
3172 3890 3434 3960 πολέμιον
3492 3894 3745 3961 φανερόν.
3811 3895 3873 3947 Ὀ
3931 3899 4040 3966 γάρ

2454 3985 2681 4054 μηδέπω
2711 3981 2990 4045 λιϐἐλλους
3029 3982 3346 4052 δεξάμενος,
3376 3984 3471 4036 καὶ
3492 3985 3710 4038 τοιαῦτα
3751 3989 3815 4039 ἐκ
3847 4005 4042 4058 1:920:-

2455 4077 2594 4147 μίων
2639 4077 2893 4146 ποιήσας,
2946 4076 3041 4126 καὶ
3091 4077 3410 4146 ἀπορρήξας
3463 4079 3652 4129 ἐαυτὸν
3682 4079 4036 4150 Ἐκκλησξπς,

2453 4169 2772 4232 κοινωνίας,
2836 4167 3035 4237 εὐχῆς,
3087 4168 3181 4219 καὶ
3237 4169 3574 4239 κατηγόρους
3627 4170 3905 4239 ἁλείςων,
3949 4178 4040 4226 καὶ

2453 4263 2654 4330 κλῆρον
2697 4259 2981 4330 μεθιστὰς,
3031 4261 3126 4310 καὶ
3165 4261 3459 4328 ἐκκλησίας
3514 4263 3757 4331 ἐρημὼν,
3803 4266 3921 4330 πῶς
3976 4269 4039 4319 ἂν

2452 4353 2486 4429 ᾗ
2532 4355 2740 4415 δίκαιος
2785 4353 2878 4403 ἐπὶ
2931 4351 3024 4403 τὸν
3070 4351 3163 4403 τοῦ
3211 4351 3466 4404 δικαστοῦ
3493 4353 3678 4423 θρόνον
3718 4357 4039 4410 ἁναεαένειν

2451 4446 2747 4516 οὐδαμόθεν
2782 4445 2930 4515 αὑτῷ
2989 4446 3370 4514 προσήκοντα;
3415 4447 3544 4498 Οὺδὲ
3583 4448 3687 4516 γὰρ
3739 4450 4038 4502 ἀκάλουίέον

2450 4535 2518 4610 ἦν
2543 4539 2632 4591 τὸν
2661 4538 2718 4602 ἐξ
2754 4536 3029 4604 Αἰγύπτου
3056 4539 3165 4599 τοῖς
3193 4540 3250 4589 ἐν
3290 4538 3478 4609 Θρᾴκῃ
3521 4539 3787 4604 δικάζειν,
3828 4549 3921 4596 καὶ
3952 4551 4038 4597 τίν

771 4626 977 4679 clerum
1023 4623 1448 4687 transmovebat,
1501 4632 1555 4676 et
1612 4622 1856 4676 desertas
1900 4623 2346 4678 reddebateccle-

2455 4631 2755 4686 ὑπεύθυνον
2804 4631 3009 4692 αἰτίαις
3061 4633 3187 4684 ὄντα
3241 4633 3331 4682 καὶ
3374 4633 3568 4703 ἐχθρὸν
3617 4638 3710 4686 καὶ
3752 4643 4034 4708 πολέμιον,

771 4717 880 4769 sias
913 4734 926 4770 :
967 4717 1238 4784 quomodo
1271 4714 1314 4770 is
1353 4716 1477 4785 jure
1526 4715 1765 4784 potuerit
1817 4717 2114 4770 ascendere
2162 4718 2344 4771 sedem

773 4809 986 4871 iudicis,
1021 4824 1139 4876 quze
1179 4808 1246 4861 ad
1275 4823 1397 4860 eum
1429 4808 1649 4860 minime
1679 4808 1953 4876 pertinet?
1984 4806 2168 4877 Neque
2199 4812 2344 4862 cnim

772 4911 888 4954 erat
926 4909 1378 4964 consentaneum,
1443 4909 1500 4952 ut
1554 4900 1642 4969 qui
1693 4916 1754 4954 ex
1795 4899 2026 4970 {Egypto
2067 4909 2182 4954 erat
2219 4917 2344 4970 pro-

773 4995 966 5051 fectus.
1002 5001 1146 5046 esset
1179 4993 1343 5060 judex
1391 4992 1476 5054 iis,
1531 4994 1622 5061 qui
1677 5005 1832 5047 erant
1898 4995 1950 5046 in
2008 4993 2260 5056 Thracia,
2300 5003 2353 5047 et

772 5088 862 5151 qui
907 5086 1018 5152 ipse
1042 5097 1157 5138 erat
1186 5099 1310 5138 reus
1336 5084 1613 5152 hostisque
1643 5095 1694 5137 ct
1717 5085 1992 5138 inimicus.
2026 5083 2130 5139 Sed
2170 5095 2350 5138 tamen

774 5178 908 5230 nihil
965 5179 1156 5229 horum
1218 5176 1504 5239 reveritus,
1561 5176 1655 5229 scd
1711 5175 1938 5244 implere
1977 5178 2202 5230 studens
2264 5193 2347 5241 ca,

773 5286 894 5339 quae
921 5280 1206 5334 statuerat,
1263 5284 1385 5324 cum
1437 5283 1534 5322 nos
1591 5269 2047 5340 signiticassenius
2111 5286 2229 5324 esse
2256 5287 2350 5339 pa-

778 5372 924 5415 ratos
965 5362 1171 5416 diluere
1200 5365 1428 5417 crimina
1456 5365 1536 5418 vel
1568 5365 1710 5418 inille
1750 5374 1802 5417 et
1846 5375 2060 5418 ccntuni
2115 5380 2352 5434 praesen-

777 5454 919 5509 tibus
951 5454 1242 5527 episcopis,
1271 5467 1322 5509 ct
1354 5473 1454 5513 nos
1485 5476 1649 5530 puros
1699 5475 1820 5514 esse
1871 5461 2182 5526 ostendere,
2213 5459 2352 5515 sicut

847 5618 891 5653 τδ
917 5620 1036 5674 Act.
1082 5638 1190 5686 xw,
1222 5621 1314 5675 9.1.

846 5777 956 5845 {'52)
991 5776 1238 5848 Synodus
1294 5794 1439 5850 anno
1463 5780 1568 5833 405
1595 5799 1619 5848 '4
1655 5779 1903 5848 Theoph.
1939 5793 2298 5850 congregatur
2334 5800 2348 5845 ;

782 5853 838 5902 ,ιιι
870 5866 1030 5916 quam
1065 5851 1260 5901 cit-ator
1285 5849 1519 5903 Joannes
1545 5852 1739 5919 Chrys.
1785 5853 1855 5904 Ite
1901 5852 1997 5903 hac
2035 5849 2241 5920 synodo
2284 5855 2348 5905 ad

779 5925 1048 5985 Quercunt
1095 5920 1299 5988 habita,
1332 5921 1450 5980 ride
1503 5933 1630 5976 toni.
1658 5923 1688 5975 ’ί
1724 5925 1875 5976 L‘onc.
1909 5939 2022 5989 μνη.
2059 5924 2160 5976 sub
2185 5925 2348 5975 inno-

2467 4723 2603 4776 ’Λλλ’
2633 4726 2779 4792 ὅμως
2811 4722 2963 4774 οὐδὲν
3016 4722 3220 4773 τούτων
3259 4724 3559 4790 αίδεσθείς,
3607 4729 3724 4778 ἀλλ’
3767 4730 3915 4800 ᾰπερ
3948 4733 4038 4801 β,-

2455 4816 2744 4880 6ούλευτο,
2795 4813 3080 4886 πληρῶσαι
3127 4817 3620 4884 κατεπειγόμενος,
3669 4821 3829 4888 ἡμῶν
3868 4823 4040 4890 δηλω-

2457 4910 2662 4961 σάντων
2687 4907 2766 4958 ὃτι
2801 4906 3008 4975 ἕτοιμοι
3039 4906 3129 4957 καὶ
3161 4907 3354 4958 ἐκατῖιν
3380 4910 3471 4960 καὶ
3503 4911 3687 4978 χιλίων
3719 4915 4038 4967 ἐπισκόπων

2451 5001 2736 5070 παρόντων
2793 4997 3168 5050 ἀποδύσασθαι
3223 5000 3291 5050 τὰ
3341 4999 3673 5070 ἐγκλήματα
3719 5007 3816 5057 καὶ
3865 5007 4036 5073 δεῖξαι

2450 5090 2722 5161 καθαροὺς
2753 5091 2910 5152 ὄντας
2937 5091 3182 5155 ἑαυτοὺς,
3217 5090 3404 5161 ὥσπερ
3436 5092 3526 5144 οὖν
3575 5095 3669 5147 καὶ
3714 5098 3906 5166 ἐσμὲν,
3940 5102 4036 5151 οἰκ

2451 5185 2728 5253 ἠνέσχετο,
2785 5183 2900 5234 ἀλλ’
2942 5185 3192 5235 ἀπόντων
3229 5185 3389 5253 ἡμῶν
3434 5186 3526 5236 καὶ
3573 5187 3793 5240 σύνοδον
3845 5192 4038 5242 ἐπικαο

2451 5276 2862 5346 λουμένων,κα“ι
2882 5275 3060 5347 κρίσιν
3083 5276 3505 5346 ἐπιζητούντων,
3535 5281 3626 5329 καὶ
3647 5281 3749 5330 οὐκ
3774 5282 4034 5349 ἀκρέασιν

2453 5370 2782 5438 φευγόντων,
2816 5370 2929 5422 ἀλλ’
2961 5370 3258 5440 ἀπέχθειαν
3283 5373 3658 5441 ερανεραν,καὶ
3691 5374 4034 5442 κατηγόρεις

2457 5462 2697 5533 ἐδέχετο,
2732 5463 2828 5516 καὶ
2874 5464 3000 5527 τοὺς
3039 5463 3170 5533 παρ’
3208 5462 3340 5533 ἐμοῦ
3377 5464 3702 5534 γενομένους
3736 5467 4035 5536 ﬁxo-atmi-

2460 5795 2601 5838 cent.
2649 5785 2686 5838 Ι.

2533 5858 2644 5920 (53)
2682 5859 2752 5929 Es
2787 5855 3013 5929 cpistola
3036 5855 3229 5927 Chrys.
3254 5857 3317 5913 ad
3359 5858 3741 5915 Innocentium
3780 5861 3995 5929 Par-ein.

2535 5929 2642 5994 (Si)
2681 5927 2759 5980 Al.
2794 5925 3127 5996 Lupicinum.
