4178 6484
165 442 295 508 1169

1149 441 1319 502 VlTA
1366 440 1423 498 S.
1469 437 1790 500 JOANNIS
1827 440 2384 500 CIIRYSOSTOMI.

3276 436 3408 500 1170

155 575 270 620 τους
299 558 457 609 ἔλυσε
513 555 608 610 καὶ
665 555 792 625 παρ’
843 553 1024 607 αὐτῶν
1056 551 1281 605 ἐκείνων
1332 551 1440 604 τῶν
1472 551 1625 604 οὖπω
1656 551 1720 604 τὰ

1835 565 1974 604 nunc
1997 567 2206 614 sumus,
2241 567 2349 606 non
2400 564 2592 621 passus
2619 560 2740 604 est:
2780 551 2872 604 sed
2908 549 3064 604 nobis
3093 546 3416 602 absentibus

155 650 475 718 ἐγκλήματα
531 647 942 716 διαλυσαμένων
989 646 1266 707 λιϐέλλους
1297 643 1600 712 ἐλάμϐανε,
1634 645 1727 696 καὶ

157 741 526 808 ὑπομνήματα
565 739 832 810 ἔπραττεν
854 777 868 800 ,
902 740 1046 806 ἅπερ
1078 738 1257 789 πάντα
1304 734 1454 804 παρά
1487 734 1728 787 κανόνων

155 830 474 883 ἀκολουθίαν
507 827 594 900 ἦν.
619 829 781 882 Ἀλλά
816 829 985 882 ταῦτα
1021 829 1119 898 μὲν
1148 829 1244 882 κα)⁵
1266 827 1334 882 τὰ
1364 827 1490 898 ἑξῆς
1521 827 1552 895 ἡ
1589 825 1727 896 καλὴ

156 921 372 986 δῖέξεισι
401 922 642 991 γλῶττα,
676 923 770 975 καὶ
797 921 948 990 παρά
976 920 1133 974 τοῦτο
1154 922 1215 974 οὑ
1238 921 1318 974 δεῖ
1346 920 1524 987 λέγειν
1560 921 1724 988 ἡμᾶς,

157 1015 326 1082 παρίν
351 1014 570 1083 ἐκείνης
598 1011 840 1067 ἀκούειν.
877 1009 1346 1079 ’Δπαγγελθείσης
1377 1010 1432 1062 δὲ
1458 1010 1570 1070 τοῖς
1602 1007 1728 1076 περὶ

157 1107 412 1173 θεόφιλον
464 1109 564 1177 τῆς
615 1106 933 1173 ἀπολογίας.
986 1106 1140 1159 αὐτοὶ
1180 1103 1276 1175 τὴν
1309 1103 1566 1173 ἀλήθειαν
1621 1101 1728 1155 τῶν

155 1198 458 1265 εἰρημένων
480 1199 578 1250 οὐκ
616 1200 953 1266 ἐνεγκόντες,
980 1191 1102 1249 εἶτα
1137 1195 1279 1248 κατὰ
1315 1193 1420 1248 τῶν
1451 1193 1726 1248 ἀπεσταλ-

160 1292 330 1358 μένων
387 1291 492 1360 τὴν
532 1290 702 1361 ὀργὴν
739 1291 980 1353 ἐκένουν,
1041 1289 1136 1341 καὶ
1181 1288 1468 1357 λαϐόμενοι
1525 1287 1727 1340 τούτων

156 1381 351 1448 itu-iii»
380 1397 438 1433 τε
491 1382 583 1433 καὶ
630 1381 863 1451 χιτῶνας
911 1380 1088 1433 αὐτῶν
1127 1379 1457 1449 διέρρηξαν·
1505 1377 1640 1449 πρὸς
1671 1377 1728 1430 δὲ

157 1475 244 1523 καὶ
288 1473 528 1544 αιδήροις
585 1474 703 1536 ἐνὸς
753 1475 843 1526 τὸν
876 1473 1146 1542 τράχηλον
1184 1471 1529 1540 περιέϐαλον,
1583 1471 1728 1540 ᾶπερ

155 1564 340 1634 ἔτυχον
367 1569 485 1617 τότε
510 1566 586 1636 τῷ
613 1567 926 1636 πατριάρχῃ
952 1566 1490 1635 παρασκευάσαντες.
1517 1565 1588 1616 Οὐ
1622 1562 1726 1632 μὴν

159 1659 282 1709 ἀλλα
320 1659 414 1712 καὶ
471 1659 563 1712 τοῦ
616 1659 851 1727 πονηροῦ
882 1659 1054 1726 ταύτῃ
1087 1657 1361 1720 διαθέντος
1413 1657 1591 1709 αὐτῶν
1630 1655 1728 1727 τὴν

157 1751 402 1820 καρδίαν,
461 1752 554 1803 καὶ
609 1752 821 1818 φυγάδα
868 1749 1054 1804 τοῦτον
1090 1752 1146 1802 ἐν
1177 1751 1374 1816 ἀφανεῖ
1426 1749 1726 1802 καθιστῶσι

156 1843 327 1909 τύπῳ,
366 1842 430 1895 τὰ
491 1841 684 1911 σίδηρα
740 1845 896 1894 ταυτὶ
951 1842 1436 1912 περιϐεϐλημένον.
1484 1840 1724 1893 Ἐκείνου

1835 650 1890 696 et
1916 641 2180 713 synodum
2208 643 2609 708 invocantibus,
2632 650 2687 695 et
2705 642 2968 710 judicium
2993 640 3415 712 requirentibus,

1834 745 1888 785 et
1924 746 2033 786 non
2064 733 2399 786 auditionem
2437 733 2795 805 fugientibus,
2840 733 2934 787 sed
2978 743 3192 802 apertas
3232 732 3418 786 inimi-

1835 825 2012 887 citias,
2048 825 2269 878 admisit
2307 835 2676 888 accusatores,
2726 835 2780 879 et
2826 839 2920 879 eos
2964 824 3056 894 qui
3099 840 3418 879 excommu-

1836 917 1998 968 nicati
2028 931 2056 969 a
2088 931 2176 969 me
2228 916 2467 981 fuerant,
2501 919 2756 984 absolvit,
2789 916 2938 972 etab
2989 916 3055 970 iis
3118 917 3274 985 ipsis,
3325 917 3416 986 qui

1835 1006 2076 1060 nondum
2133 1008 2362 1061 erimina
2435 1008 2728 1071 diluerant,
2788 1008 2998 1079 accepit
3067 1008 3298 1071 libellos,
3363 1019 3417 1062 et

1835 1102 2011 1171 exegit
2078 1104 2544 1157 commentarios:
2601 1118 2721 1172 qua:
2773 1104 2990 1172 quidem
3041 1111 3199 1157 erant
3236 1103 3417 1156 omnia

1837 1206 2034 1264 praeter
2056 1209 2324 1249 canonum
2354 1197 2820 1266 consequentiam.
2854 1196 2959 1250 Sed
2988 1198 3131 1252 luteo
3175 1196 3416 1267 quidem,

1835 1294 1890 1338 et
1918 1300 2040 1354 quae
2068 1284 2328 1354 deinceps
2358 1298 2680 1356 sequuntur.
2728 1287 2943 1358 egregia
2988 1286 3082 1341 illa
3122 1288 3303 1359 lingua
3333 1305 3421 1344 re-

1836 1386 2059 1430 censet:
2102 1386 2157 1430 et
2197 1377 2320 1431 ideo
2343 1394 2453 1431 non
2482 1394 2621 1448 opus
2650 1388 2753 1442 est,
2796 1390 2856 1434 ut
2902 1395 2964 1434 ea
3007 1395 3106 1434 nos
3152 1380 3416 1447 dicamus,

1835 1483 1959 1522 cum
1989 1467 2131 1522 illam
2164 1468 2355 1523 audire
2402 1470 2579 1525 liceat.
2615 1469 2816 1526 Verum
2851 1473 2994 1524 enim
3037 1486 3167 1526 vero
3213 1488 3420 1526 renun-

1837 1562 1967 1615 tiata
2019 1562 2346 1617 defensione
2410 1563 2500 1626 iis,
2557 1565 2646 1633 qui
2699 1574 2857 1618 erant
2919 1579 3042 1618 cum
3092 1563 3416 1634 Theophila,

1790 1713 1794 1717 η
1837 1653 1940 1721 ipsi
1966 1669 2074 1707 non
2100 1655 2338 1710 ferentes
2361 1655 2643 1709 veritatem
2677 1671 2891 1720 eorum,
2917 1671 3038 1725 qua:
3069 1655 3417 1718 dicebantur,

1838 1746 2135 1814 (quomodo
2178 1747 2345 1811 enim,
2381 1749 2472 1817 qul
2525 1763 2674 1817 spem
2708 1759 3002 1818 posuerant
3048 1748 3419 1812 mendacium,

1836 1847 1894 1890 ut
1931 1837 2007 1891 ait
2037 1837 2232 1892 beatus
2265 1839 2432 1894 lsaias
2459 1840 2526 1902 ",
2559 1848 2614 1893 et
2663 1840 3050 1910 exspectabant
3100 1842 3232 1907 fore,
3267 1851 3324 1895 ut
3353 1859 3420 1897 eo

157 1934 461 2003 τοιγαροῦν,
491 1933 563 1997 ὡς
608 1934 952 2004 προείρηται,
989 1933 1184 1996 αὐτοὺς
1229 1934 1349 2001 μὲν,
1376 1933 1470 1986 ἅτε
1505 1933 1729 2002 ἐχθροὺς

1837 1930 2212 2000 tegerentur?)
2273 1930 2410 1985 iram
2472 1931 2787 1985 effuderunt
2846 1933 2900 1986 in
2960 1948 3079 1998 eos,
3132 1934 3220 2003 qui
3265 1936 3414 1988 missi

161 2028 346 2094 σαφεῖς
393 2025 556 2088 ὄντας
593 2024 1056 2093 παραιτουμένου,
1091 2023 1309 2076 σύνοδον
1349 2023 1405 2077 δὲ
1441 2025 1730 2084 κανονικὴν

157 2117 607 2186 ἐπικαλουμένου,
625 2117 676 2171 oi
698 2119 877 2186 ταχεῖς
901 2108 1042 2185 αἷμα
1067 2116 1279 2186 ἐκχέαι,
1300 2116 1394 2168 καὶ
1427 2115 1501 2185 μὴ
1526 2115 1726 2184 παρόνι

159 2225 238 2271 to;
259 2209 396 2278 μηδὲ
424 2207 479 2261 τὸ
500 2209 764 2278 παράπαν
785 2225 834 2260 τι
862 2206 1302 2276 ἀπολογουμένου
1327 2206 1733 2276 καταψηφίξον-

155 2319 260 2366 ται,
283 2302 462 2372 σαθρά
486 2319 605 2354 τινα
622 2303 764 2367 λίαν,
782 2300 877 2354 τοῦ
898 2300 1191 2370 ἀγγελικοῦ
1216 2302 1571 2362 κατειπόντες
1592 2299 1727 2370 βίου,

158 2391 440 2456 παίζουσιν
469 2393 712 2456 ἐοικότες
740 2393 993 2463 μᾶλλονῆ
1025 2391 1410 2457 σπουδάζουσι,
1434 2393 1527 2445 καὶ
1549 2393 1646 2460 τὴν
1675 2394 1729 2444 ὲν

159 2484 352 2555 μακρῷ
381 2485 557 2555 χρόνῳ
585 2484 1074 2555 διαμελετηθεῖσαν
1104 2484 1304 2538 κακίαν
1334 2485 1391 2536 ὲν
1421 2486 1521 2555 μιᾷ.
1548 2484 1733 2554 ἡμέρᾳ

160 2578 469 2630 συντελέσαι
495 2577 854 2639 σπεύσαντες.
883 2576 1066 2630 Δειλὸν
1095 2578 1202 2648 γάρ
1236 2593 1286 2629 τι
1321 2576 1380 2629 τὸ
1409 2576 1601 2643 ψεῦδος
1641 2577 1732 2628 καὶ

158 2668 336 2730 δεινῶς
357 2669 652 2738 εὐπτόητον
673 2684 687 2697 °
711 2669 903 2737 ἀμέλει
928 2667 1021 2719 καὶ
1048 2666 1142 2736 τὴν
1167 2667 1363 2735 πρᾶξιν
1386 2665 1732 2735 ἐπιταχύνειν

157 2758 498 2828 οἷδεῃεῦγω
515 2762 603 2812 τὸν
635 2759 877 2830 ἔλεγχον.
894 2755 1026 2812 Εἶτα
1050 2759 1383 2827 σκεψάμενοι
1408 2759 1500 2812 καὶ
1529 2761 1619 2811 τὸν
1641 2759 1733 2828 βα-

161 2856 302 2907 σιλέα
330 2857 630 2926 συνήγορον
659 2855 755 2925 τῆς
790 2855 975 2924 ψήφου
996 2853 1358 2916 λαϐεῖν,ῶστε
1388 2854 1732 2924 ἰσχυρότερον

162 2944 323 2998 ῡεῖναι
348 2946 408 2999 τὸ
443 2945 902 3015 σπουδαζόμενον,
935 2943 1206 3007 συλλαϐὰς
1241 2944 1388 3014 αὐτῷ
1422 2945 1732 3014 πέμπουσιν

161 3037 324 3101 οὕτως
361 3038 616 3107 ἐχούσας·
650 3038 877 3109 Ἐπειδὴ
907 3038 1307 3108 κατηγορηθεὶς
1350 3037 1599 3107 Ἰωάννης
1638 3038 1733 3091 καὶ

164 3127 332 3196 ἑαυτῷ
363 3128 572 3197 χαλεπὰ
610 3126 865 3190 συνειδὼς
892 3128 1028 3182 ἄλλα
1055 3146 1112 3182 τε
1143 3127 1392 3194 πλεῖστα,
1419 3130 1511 3182 καὶ
1537 3130 1618 3182 ὅτι
1639 3129 1734 3181 καὶ

161 3221 538 3284 καθοσιώσεως
584 3222 733 3291 αἰτίᾳ
785 3221 1069 3274 ὑπόκειται
1107 3222 1458 3293 (καθοσίωσιν
1491 3223 1549 3276 δὲ
1582 3223 1724 3277 ἀντι-

162 3329 286 3380 κρυς
321 3313 425 3382 τὴν
453 3313 589 3382 πρὸς
617 3314 717 3381 τὴν
747 3312 995 3382 βασιλίδα
1021 3314 1285 3385 διαφορὰν
1307 3315 1608 3385 ὠνόμαζον)
1632 3316 1731 3368 οὑκ

161 3404 388 3474 ἠθέλησε
440 3404 574 3475 πρὸς
628 3406 726 3474 τὴν
784 3405 1001 3459 σύνοδον
1038 3406 1369 3476 ἀπαντῆσαι,
1428 3407 1515 3459 διὰ
1559 3404 1730 3458 ταῦτα

165 3496 283 3562 γοῦν
313 3497 414 3550 καὶ
446 3498 584 3550 κατὰ
613 3498 813 3550 κανόνα
852 3497 951 3569 ἤδη
983 3498 1294 3570 καθῃρέθη·
1328 3500 1422 3551 καὶ
1457 3499 1517 3550 τὸ
1547 3497 1729 3551 λειπό-

168 3591 502 3657 μενονούδὲν
536 3590 742 3660 ἕτερον,
769 3590 800 3660 ἢ
828 3590 1119 3661 ἐπιτρέψαι
1149 3590 1206 3643 τὸ
1238 3591 1498 3660 ὑμέτερον
1531 3594 1730 3659 κράτος

165 3681 250 3732 κεί
281 3680 489 3733 ἄκοντα
530 3681 720 3734 τοῦτον
749 3683 827 3745 εἰς
886 3681 988 3750 τὴν
1037 3681 1334 3750 ὑπερορίαν
1369 3681 1728 3751 ἀπελαθῆναι.

166 3773 340 3827 Ταῦτα
396 3774 507 3827 τῶν
540 3773 722 3825 καλῶν
771 3773 1000 3844 ἱερέων,
1065 3775 1160 3827 καὶ
1216 3772 1458 3844 βραδέων
1515 3773 1611 3844 μὲν
1652 3775 1732 3837 εἰς

163 3867 322 3935 ὀργὴν
358 3867 688 3933 ὀφειλόντων
723 3860 884 3932 εἶναι,
922 3865 1131 3935 ταχέων
1157 3866 1213 3918 δὲ
1254 3868 1333 3929 είς
1367 3866 1730 3937 χρηστότητα,

165 3937 232 4010 ῶν
262 3959 311 4010 oi
361 3957 577 4020 ὀδόντες
621 3956 782 4019 ὅπλα,
817 3957 910 4011 καὶ
946 3956 1098 4026 βέλη,
1129 3958 1224 4010 καὶ
1256 3957 1288 4026 ή
1319 3956 1559 4025 γλῶσσα,
1590 3958 1732 4012 κατά

164 4049 218 4100 τδ
244 4052 386 4102 Θείον
426 4050 601 4102 εἰπεῖν
626 4049 829 4116 λόγιον,
871 4049 1116 4119 μάχαιρα
1151 4047 1319 4112 ὀξεῖα.
1353 4045 1484 4102 Εἶτα
1518 4050 1733 4120 ἐπιτρέο

165 4141 357 4206 ψαντος
382 4139 672 4210 ’Δρκαδίου
701 4139 1082 4210 (πεπιστεύκει
1117 4140 1228 4211 γὰρ
1251 4140 1326 4204 ὡς
1361 4141 1596 4212 ἱερεῦσιν
1630 4145 1730 4195 αὺ-

165 4233 290 4296 τοῖς,
328 4230 546 4299 ἀγνοῶν
589 4231 671 4282 ὅτι
710 4232 775 4283 τὰ
831 4231 1017 4301 κρυφῆ
1052 4230 1146 4284 καὶ
1190 4233 1332 4285 κατά
1362 4233 1597 4287 διάνοιαν
1635 4235 1734 4304 οὐχ

168 4321 422 4390 ἱερεῦσιν,
467 4319 606 4374 ἀλλὰ
651 4319 943 4390 ἱεροσύλοις
979 4321 1180 4392 μᾶλλον
1215 4324 1452 4388 ἐοικότες
1493 4324 1645 4393 εἰσὶ),
1679 4326 1734 4378 τί

172 4414 400 4478 γίνεται;
437 4414 683 4465 Κινεῖται
717 4413 815 4483 μὲν
848 4413 991 4476 ἄπας
1016 4416 1044 4467 ό
1069 4414 1262 4484 δῆμος,
1295 4415 1390 4469 καὶ
1423 4418 1504 4480 είς
1531 4417 1732 4488 πολλὴν

167 4505 371 4576 ἀθρόως
410 4505 603 4559 στάσιν
639 4505 968 4559 ἁνάπτεται·
1001 4508 1094 4559 καὶ
1123 4507 1281 4560 τοῦτο
1314 4508 1415 4575 μὲν
1445 4508 1540 4562 τοῦ
1582 4509 1735 4579 βασι-

1833 2021 2051 2076 fuerant
2087 2041 2099 2076 :
2142 2037 2348 2093 eosque
2393 2023 2788 2093 appreliensos'
2822 2024 3175 2080 vehementer
3219 2027 3414 2082 verbe-

1833 2126 2042 2181 rarunt,
2078 2126 2133 2170 et
2158 2132 2348 2172 eorum
2385 2117 2599 2171 tunicas
2643 2117 2999 2187 disruperunt
3031 2134 3044 2170 :
3086 2119 3214 2187 quin
3247 2120 3413 2174 etiam

1833 2209 1997 2274 ferro,
2049 2209 2194 2280 quod
2225 2219 2352 2264 tunc
2397 2219 2655 2279 pararant
2686 2213 2736 2263 in
2773 2211 3159 2280 patriarcl'aru,
3214 2213 3415 2266 collum

1830 2302 1996 2358 Unius
2048 2303 2524 2358 circumdederunt
2565 2320 2576 2355 :
2615 2303 2745 2370 quin
2772 2303 2932 2357 etiam
2982 2319 3103 2358 cum
3149 2305 3418 2376 malignus

1832 2410 2022 2450 eorum
2049 2397 2209 2451 corda
2236 2395 2315 2450 sic
2337 2395 2630 2459 affecisset,
2662 2410 2786 2448 eum
2809 2397 3031 2450 mittunt
3060 2398 3111 2451 in
3141 2397 3417 2462 exsilium,

1835 2488 1887 2541 in
1923 2489 2214 2558 quemdam
2245 2489 2426 2542 locum
2481 2489 2774 2542 obscurum
2817 2497 2871 2542 et
2913 2489 3213 2550 occultum,
3269 2489 3415 2544 ferro

1833 2581 1911 2637 sic
1965 2579 2388 2634 circumdatum.
2443 2578 2538 2632 lllo
2601 2593 2730 2648 ergo
2772 2593 2887 2643 eos,
2924 2587 2981 2630 ut
3016 2579 3273 2642 diximus,
3326 2595 3418 2633 re-

1832 2682 2082 2735 cusante,
2114 2679 2367 2737 tanquam
2409 2679 2628 2738 apertos
2666 2669 2935 2730 inimicos,
2961 2671 3283 2725 canonicum
3316 2686 3415 2726 au-

1836 2775 1941 2818 tem
1996 2765 2284 2817 invocaute
2339 2762 2670 2826 concilium,
2725 2761 2816 2829 qui
2874 2772 3031 2817 erant
3088 2764 3298 2818 veloces
3352 2764 3420 2819 ad

1831 2855 2224 2911 effundendum
2258 2855 2600 2924 sanguinem,
2631 2854 2792 2907 etiam
2827 2870 2934 2907 non
2975 2865 3294 2921 praesentem
3325 2864 3419 2910 aut

1833 2947 2035 3018 aliquid
2073 2947 2492 3016 respondentem
2551 2946 2941 3008 condemnant,
2992 2962 3114 3001 eum
3146 2947 3418 3001 imbecilla

1832 3041 2077 3112 quaedam
2111 3040 2479 3094 maledicta-in
2533 3041 2694 3095 iitum
2749 3043 3152 3112 congessissent
3208 3042 3418 3110 angeli-

1833 3148 1974 3197 cam,
2013 3121 2114 3186 visi
2153 3131 2335 3200 potius
2374 3131 2583 3195 ludere,
2617 3145 2780 3201 quam
2816 3130 2960 3185 serio
2987 3146 3170 3202 agerc,
3208 3141 3262 3187 et
3295 3148 3418 3201 qua:

1837 3225 2000 3294 longo
2024 3233 2268 3294 tempore
2299 3223 2566 3278 instructa
2609 3232 2666 3279 et
2716 3223 2966 3278 ordinata
3018 3222 3214 3291 fuerat,
3263 3227 3417 3288 mini:

1840 3318 1968 3372 tiam
2028 3331 2135 3370 uno
2187 3316 2274 3372 die
2328 3325 2532 3370 temere
2567 3316 2850 3371 studentes
2885 3316 3132 3372 etIectam
3168 3317 3414 3373 reddere.

1833 3408 1943 3464 Res
2008 3417 2092 3464 est
2143 3406 2290 3462 enim
2339 3407 2525 3462 timida
2567 3408 2929 3474 mendacium,
2978 3417 3032 3464 et
3087 3426 3209 3479 qua:
3259 3410 3418 3466 facile

1835 3511 2013 3574 potest
2068 3501 2300 3556 terreri:
2359 3509 2414 3556 et
2479 3502 2602 3556 ideo
2665 3503 2942 3558 actionum
3005 3505 3413 3559 exsecutionem

1834 3595 1984 3650 novit
2013 3595 2339 3658 accelerare,
2383 3593 2598 3665 fugiens
2638 3595 2884 3659 omnino,
2937 3610 3006 3650 ne
3037 3597 3412 3652 convincatur.

1836 3689 2041 3745 Deinde
2064 3703 2186 3742 eum
2219 3689 2662 3746 considerassent
2716 3690 2833 3745 fore
2876 3689 2977 3745 sibi
3017 3690 3168 3755 utile,
3215 3692 3260 3746 si
3315 3691 3418 3745 ba-

1834 3780 2028 3836 berent
2095 3781 2485 3850 imperatorem
2539 3797 2651 3836 suae
2702 3780 3047 3837 defensorem
3106 3784 3416 3844 sententiae.

1835 3881 1894 3928 ut
1947 3873 2094 3942 quod
2148 3875 2400 3943 improbe
2453 3874 2747 3938 faciebant.
2805 3875 3108 3931 redderent
3165 3875 3418 3943 validius,

1835 3965 1902 4020 ad
1951 3981 2074 4020 eum
2109 3967 2331 4020 mittunt
2371 3967 2578 4022 litteras
2602 3967 2655 4021 in
2693 3969 2833 4021 banc
2865 3965 3188 4022 sententiam
3220 3984 3232 4020 :
3271 3965 3418 4033 Quo-

1836 4059 1980 4112 niam
2015 4067 2302 4136 accusatus
2342 4059 2602 4125 Joannes,
2637 4070 2692 4114 et
2728 4061 2829 4115 sibi
2867 4075 2989 4114 cum
3027 4059 3256 4113 aliorum
3295 4058 3416 4128 piu-

1838 4150 2100 4205 rimorum
2133 4154 2406 4218 conscius,
2439 4161 2552 4206 tum
2598 4153 2782 4216 etiam,
2811 4153 2956 4221 quod
3009 4151 3080 4207 sit
3121 4165 3246 4206 reus
3275 4151 3418 4206 laete

1837 4244 2136 4313 maiestatis
2182 4245 2363 4298 laesam
2426 4244 2584 4313 plane
2631 4244 2973 4312 majestatem
3047 4242 3418 4305 nominantes,

1836 4354 1955 4408 quae
1993 4338 2042 4391 ei
2076 4351 2198 4393 cum
2225 4335 2569 4404 imperatrice
2598 4335 2773 4389 fuerat
2801 4334 3272 4404 controversiam),
3302 4349 3415 4387 non

1837 4429 2013 4501 potuit
2060 4427 2161 4483 sibi
2227 4426 2576 4496 persuadere,
2610 4436 2668 4480 ut
2731 4427 2939 4480 veniret
2987 4427 3054 4480 ad
3103 4427 3414 4497 synodum;

1837 4529 2122 4592 propterea
2171 4519 2213 4572 si
2245 4527 2434 4573 exacte
2461 4519 2882 4573 considereutur
2913 4533 3174 4580 canones,
3199 4517 3310 4587 jam
3336 4526 3421 4570 est

165 4600 293 4662 ὶέώς
333 4597 602 4667 καταϐοᾷ,
642 4596 803 4649 τοῦτο
848 4597 903 4650 δὲ
950 4598 1044 4651 καὶ
1093 4597 1351 4667 Θεοφίλου
1391 4600 1589 4670 μᾶλλον
1636 4601 1729 4672 τὴν

1841 4613 2139 4682 depositus,
2166 4609 2300 4664 nihil
2329 4621 2517 4674 restat,
2551 4610 2655 4666 nisi
2691 4620 2750 4666 ut
2789 4620 2968 4664 vestra
2999 4611 3191 4680 jubeat
3221 4618 3417 4679 poten-

168 4690 358 4743 κακίαν
387 4689 627 4759 ἐλέγχει.
665 4687 853 4742 Πολλοὶ
882 4688 992 4759 γὰρ
1036 4691 1130 4743 καὶ
1157 4691 1265 4743 τῶν
1297 4692 1433 4755 τέως
1477 4691 1732 4763 ἀπεχθῶς

167 4782 390 4849 ἐχόντων
444 4780 860 4852 μεταϐαλόντες,
901 4781 1078 4853 μάτην
1125 4783 1310 4851 ἔλεγον
1347 4783 1734 4854 διαϐεϐλῆσθαι

168 4879 248 4925 τιν
276 4873 456 4943 ἅγιον,
493 4873 744 4944 μάρτυρα
768 4873 976 4942 ἀψευδῆ
1005 4877 1067 4926 τὸ
1099 4875 1336 4939 συνειδὸς
1369 4876 1606 4947 ἔχοντες,
1638 4877 1734 4931 καὶ

170 4967 259 5034 τὴν
298 4966 528 5036 ἔκδηλον
569 4965 663 5019 καὶ
707 4965 946 5037 φανερὰν
992 4965 1406 5036 δυσωπηθέντες
1455 4967 1730 5040 ἀλήθειαν.

173 5058 324 5122 Τέλος
351 5059 714 5128 ίσχυροτέρας
756 5057 1053 5128 γενομένης
1083 5059 1182 5127 τῆς
1213 5061 1496 5129 πονηρίας,
1535 5061 1735 5128 μᾶλλον

170 5149 218 5200 δὲ
255 5149 342 5201 τοῦ
377 5149 538 5216 ἁγίου
573 5147 731 5200 τοῦτο
759 5149 1100 5218 Θελήσαντος,
1139 5148 1224 5202 ἵνα
1261 5151 1335 5220 μή
1372 5167 1456 5214 τις
1493 5153 1586 5204 καὶ
1611 5153 1734 5206 τολ-

177 5239 312 5309 μηθῇ
340 5240 608 5304 κίνδυνος,
641 5238 832 5310 ὥσπερ
855 5238 1006 5308 φίλον
1051 5241 1109 5292 ἐν
1147 5243 1265 5305 ταῖς
1295 5243 1570 5305 τοιαύταις
1603 5244 1732 5297 στά·

174 5333 454 5402 παπ-πρὸς
488 5332 724 5401 ἑσπέραν
742 5332 840 5402 ἢδη
873 5331 1092 5402 βαθεῖαν
1121 5333 1464 5400 ἐκϐάλλεται,
1488 5337 1734 5408 καθάπερ

172 5425 223 5473 ἐν
252 5428 313 5493 τῇ
365 5425 506 5492 αὐτῇ
559 5424 721 5476 πάλιν
768 5424 902 5494 πρὸς
953 5419 1299 5478 Ἰννοκέντιον
1345 5428 1601 5500 ἐπιστολῇ
1637 5433 1735 5499 τῆς

172 5517 365 5584 χρυσῆς
397 5517 648 5585 γλώττης
681 5516 901 5568 ἀκούειν
923 5516 1133 5578 ἔξεστιν
1163 5516 1307 5570 οὕτω
1336 5519 1601 5590 λεγούσης
1622 5538 1636 5552 ο
1669 5521 1734 5575 Τί

173 5609 268 5677 γὰρ
295 5610 372 5661 δεῖ
405 5609 577 5661 πολλὰ
609 5608 820 5675 ).έγειν;
846 5609 959 5660 Οὐκ
994 5607 1204 5678 ἀπέστη
1239 5612 1413 5662 πάντα
1442 5613 1610 5665 ποιῶν
1641 5615 1734 5668 καὶ

173 5700 708 5770 πραγματευόμενος,
746 5701 848 5764 ἕως
900 5701 1047 5770 ἡμᾶς
1094 5700 1230 5768 μετὰ
1285 5701 1600 5767 δυναστείας
1642 5708 1734 5761 καὶ

234 5881 275 5913 ⁸⁸
306 5879 404 5936 lsa.
441 5900 631 5954 Inviti,
679 5886 763 5940 15.
843 5886 884 5916 ³⁷
922 5885 1062 5940 Psal.
1094 5901 1202 5952 LVI,
1240 5887 1313 5953 :‘i;
1353 5902 1532 5955 XXXVI,
1567 5889 1652 5944 Η.

1844 4707 1915 4759 tia
1948 4720 2071 4759 eum
2100 4703 2186 4759 vel
2215 4703 2446 4757 invitum
2473 4703 2614 4758 mitti
2668 4703 2720 4756 in
2782 4702 3056 4757 exsiliumi
3115 4701 3241 4756 llaec
3290 4710 3419 4755 sunt

1845 4794 2179 4866 egregiorum
2223 4792 2439 4846 illorum
2462 4791 2830 4854 sacerdotum,
2863 4789 2953 4858 qui
2985 4787 3256 4842 debebant
3295 4787 3418 4855 qui-

1844 4887 1964 4941 dem
2003 4899 2122 4938 csse
2155 4883 2292 4938 tardi
2324 4882 2391 4938 ad
2427 4883 2560 4936 iram
2611 4882 2966 4944 incitandam,
3000 4894 3191 4950 urgere
3234 4887 3417 4931 autem

1843 4979 1908 5034 ad
1979 4975 2426 5046 benignitatem:
2484 4974 2683 5044 quibus
2747 4973 2824 5026 ira
2894 4972 2961 5025 ad
3009 4969 3418 5025 similitudinem

1845 5070 2136 5139 serpentis,
2177 5077 2232 5124 et
2257 5069 2436 5138 lingua
2463 5069 2677 5136 (rursus
2715 5066 2860 5119 enim
2903 5064 3186 5119 nobiseum
3227 5063 3420 5130 loqua-

1841 5172 1929 5216 tur
1961 5161 2184 5216 divinus
2223 5159 2389 5213 David
2436 5160 2502 5227 ³⁷)
2532 5159 2743 5230 gladius
2795 5165 3001 5212 acutus.
3057 5153 3263 5209 Deinde
3293 5166 3417 5208 cum

1835 5254 2088 5324 jussisset
2116 5251 2383 5306 Arcadius
2411 5250 2514 5321 (eis
2542 5251 2689 5304 enim
2731 5250 2990 5304 credebat
3041 5257 3296 5315 tanquam
3326 5260 3416 5299 sa-

1837 5347 2164 5410 cerdotibus,
2206 5343 2455 5399 nesciens
2487 5359 2579 5398 eos
2636 5344 2692 5396 in
2757 5342 2998 5396 interiori
3045 5338 3267 5394 homine
3305 5353 3416 5392 non

1836 5453 1957 5493 esse
2013 5437 2414 5502 sacerdotibus,
2443 5437 2538 5490 sed
2590 5437 2769 5506 potius
2821 5435 3097 5506 sacrilegis
3158 5432 3410 5500 similes),

1837 5527 1965 5598 quid
2017 5529 2116 5582 lit?
2158 5512 2400 5582 Movetur
2452 5527 2673 5596 quidem
2713 5526 3002 5580 universus
3047 5523 3300 5594 populus,
3360 5530 3420 5576 ut

1837 5621 1928 5689 qui
1958 5621 2218 5674 sensisset
2247 5620 2319 5683 id,
2359 5621 2506 5689 quod
2553 5634 2656 5672 non
2692 5629 2807 5673 erat
2841 5618 3170 5682 faciendum,
3225 5625 3280 5669 et
3328 5629 3418 5666 re-

1841 5720 2002 5781 pente
2038 5713 2090 5766 in
2134 5725 2381 5782 magnam
2425 5709 2738 5766 acecnditur
2780 5711 3148 5768 seditionem:
3199 5717 3254 5762 ει
3292 5723 3416 5776 par-
