4178 6484
723 434 859 504 1171

1942 422 2225 485 MENSIS
2256 420 2392 481 JAN
2407 418 2734 485 υΑιιιυδ..

3864 412 4004 473 1119.

724 547 823 601 tim
880 543 1097 613 quidem
1176 540 1506 596 vociferatur
1563 537 1826 593 adversus
1887 538 2308 606 imperatorem,

2435 531 2696 596 ιὺθεντιας
2730 532 2910 602 πάσης
2939 532 3039 602 τῆς
3072 549 3131 587 τε
3165 535 3369 596 πόλεως
3405 534 3495 586 καὶ
3528 532 3622 601 τῆς
3669 526 4013 595 Ἑκκλησίας

720 638 918 708 partim
967 644 1151 689 autem
1187 632 1475 704 Theophili
1537 646 1754 702 quoque
1802 641 1858 684 et
1908 628 2079 683 multo
2136 627 2309 697 magis

721 727 898 798 arguit
959 725 1388 797 improbitatem.
1445 722 1595 778 Multi
1648 722 1794 776 enim
1852 720 2017 775 etiam
2086 735 2153 773 ex
2222 718 2307 782 iis,

721 820 812 891 qui
843 829 1002 875 erant
1037 820 1084 875 ei
1130 817 1353 882 infensi,
1400 816 1508 888 jam
1572 815 1783 879 mutati,
1839 813 2094 869 dicebant
2143 810 2311 864 fuisse

724 921 975 967 sanctum
1026 919 1232 965 temere
1282 918 1622 973 accusatum,
1672 906 2051 974 incorruptum
2118 910 2309 957 testem

726 1004 999 1059 habentes
1026 1017 1221 1058 omnes
1251 1000 1673 1063 conscientiam,
1697 1007 2051 1068 apertamque
2099 1003 2156 1049 et
2193 992 2310 1047 evi-

723 1099 944 1156 dentem
973 1104 1293 1152 reverentes
1334 1095 1619 1149 veritatem
1654 1111 1667 1145 :
1728 1090 1947 1145 tandem
1975 1098 2156 1143 autem
2188 1102 2312 1143 cum

734 1192 856 1262 plus
896 1189 1153 1243 valuisset
1209 1187 1551 1257 improbitas,
1610 1186 1720 1239 imo
1774 1198 1902 1237 vero
1958 1198 2081 1237 cum
2134 1182 2316 1251 justus

724 1285 965 1339 Joannes
1000 1271 1422 1346 hoc-voluisset,
1455 1296 1525 1335 ne
1578 1279 1797 1349 aliquod
1827 1280 2066 1332 oriretur
2095 1277 2316 1347 pericu-

726 1373 862 1441 ltnn,
903 1383 965 1429 ut
990 1374 1129 1430 solet
1156 1373 1405 1427 accidere
1435 1372 1491 1426 in
1529 1371 1729 1426 talibus
1757 1369 2136 1431 seditionibus,
2188 1383 2315 1438 pro-

728 1466 901 1521 fundo
924 1481 1154 1535 vespere
1187 1464 1505 1535 expellitur,
1553 1463 1695 1520 sicut
1741 1463 1915 1533 ipsam
1954 1462 2191 1532 linguam
2221 1475 2318 1514 au-

728 1573 875 1613 ream
906 1558 1037 1612 licet
1064 1556 1257 1611 audire
1293 1556 1346 1610 in
1383 1556 1611 1626 epistola
1644 1553 1709 1608 ad
1768 1553 2165 1613 innocentium,
2198 1566 2319 1619 qua:

729 1648 808 1702 sic
834 1647 964 1702 dicit
1000 1666 1013 1699 ι
1046 1646 1184 1714 Quid
1215 1646 1360 1700 enim
1413 1645 1582 1699 multa
1631 1658 1770 1713 opus
1799 1651 1884 1696 est
1925 1641 2156 1697 dicere?
2194 1640 2315 1694 Non

728 1739 942 1795 destitit
995 1739 1179 1795 omnia
1220 1738 1402 1793 facere
1457 1746 1512 1791 et
1566 1735 1768 1798 moliri,
1837 1735 2013 1789 donec
2058 1749 2158 1788 nos
2196 1748 2318 1787 cum

729 1832 899 1889 multa
926 1840 1195 1903 potestate
1225 1840 1279 1885 et
1333 1830 1660 1885 auctoritate
1720 1843 1750 1882 e
1796 1827 2014 1883 civitate
2059 1827 2224 1896 cjccit
2266 1836 2322 1879 et

730 1939 798 1978 ex
850 1922 1103 1987 ecclesia,
1159 1931 1212 1977 et
1269 1920 1540 1992 profundo
1596 1934 1844 1988 vespere,
1901 1928 2134 1973 attracto
2172 1918 2319 1972 omni

732 2018 957 2087 populo,
993 2024 1199 2070 tractus
1247 2029 1276 2069 a
1312 2013 1627 2085 magistratu
1668 2011 1924 2077 civitatis,
1971 2027 2067 2080 per
2089 2010 2323 2064 mediam

732 2108 1031 2172 civitatem,
1094 2116 1150 2161 et
1208 2121 1302 2177 per
1358 2105 1469 2160 vim
1525 2104 1794 2160 deductus
1839 2118 1982 2167 sum,
2020 2102 2073 2156 in
2125 2115 2321 2156 navem

734 2200 1039 2263 immissus,
1074 2209 1130 2254 et
1172 2208 1335 2254 noctu
1388 2198 1659 2268 navigavi,
1707 2197 1965 2268 quoniam
2006 2194 2322 2250 invocabam

739 2296 1005 2365 synodum
1031 2295 1096 2349 ad
1120 2296 1322 2365 justam
1358 2295 1716 2352 auditionem.
1750 2292 1883 2359 Quis
1912 2291 2029 2347 haec
2057 2291 2327 2346 audiverit

740 2387 860 2443 sine
884 2385 1157 2456 lacrymis,
1187 2386 1401 2440 etiamsi
1447 2400 1541 2440 cor
1571 2384 1824 2439 habuerit
1864 2381 2183 2453 lapideum?
2219 2383 2327 2439 Sed

744 2481 825 2535 sic
855 2479 1077 2551 quidem
1128 2480 1408 2550 expulsus,
1457 2477 1681 2548 appellit
1733 2477 1801 2532 ad
1858 2492 1919 2532 os
1972 2476 2148 2541 Ponti,
2182 2476 2328 2547 quod

741 2581 942 2627 vocant
973 2571 1224 2626 Sacrum.
1288 2570 1493 2626 Deinde
1554 2571 1719 2624 etiam
1752 2571 1949 2624 transit
1996 2568 2325 2633 i‘ra-netum,

740 2677 837 2722 aut
864 2668 933 2723 ab
968 2666 1035 2721 iis
1092 2667 1297 2736 potius,
1341 2665 1434 2735 qui
1491 2664 1746 2736 agebant,
1782 2664 2190 2721 transmittitur.
2226 2664 2329 2718 Bo-

746 2778 850 2816 nus
889 2771 1074 2816 autem
1123 2757 1487 2829 TheOphilus,
1538 2766 1824 2829 postquam
1883 2757 2084 2822 evenit,
2146 2767 2205 2812 ut
2266 2773 2332 2812 ex

740 2852 908 2909 animi
968 2851 1243 2907 sententia
1276 2850 1469 2905 fierent
1499 2864 1620 2919 qua:
1654 2849 1892 2911 volebat,
1952 2850 2119 2904 mittit
2168 2849 2333 2903 etiam

740 2947 960 3001 iittcras
989 2943 1057 2997 ad
1107 2940 1488 2995 innocentium
1532 2938 1837 2993 Romanum
1894 2939 2232 3009 episcopum,
2284 2940 2332 2994 ei

743 3035 1064 3107 signiﬁcans
1101 3032 1328 3089 Joannis
1364 3032 1784 3102 depositionem.
1829 3031 1932 3098 Qui
1962 3047 2088 3086 cum
2120 3031 2336 3104 legiSSet

745 3129 979 3192 litteras,
1010 3135 1065 3181 et
1118 3127 1173 3180 in
1221 3125 1301 3180 eis
1334 3124 1560 3180 vidisset
1589 3123 1813 3178 multam
1845 3122 2083 3178 insidere
2111 3138 2338 3193 perver-

2419 621 2643 688 ἐξέδαλε
2665 639 2680 655 ⁸
2718 625 2812 680 καὶ
2845 625 2983 695 πρὸς
3008 627 3249 681 έσπέοαν
3284 625 3506 697 βαθεῖαν
3534 624 3626 677 τοῦ
3650 624 3829 693 δήμου
3867 638 4013 672 παν-

2412 717 2504 780 τὸς
2544 717 2970 787 ὲπισυρομένου,
3020 718 3313 786 ἑλκόμενος
3367 716 3471 771 ὑπὸ
3504 715 3599 768 τοῦ
3657 713 4016 777 Κουριόσσο·;

2414 812 2511 882 τῆς
2540 812 2747 876 πόλεως
2779 815 2836 866 ὲν
2885 813 3025 884 μέσῃ
3057 817 3124 885 τῇ
3157 812 3331 879 πόλει,
3376 813 3471 866 καὶ
3513 811 3650 881 πρὸς
3683 809 3807 878 βίαν
3845 808 4021 876 πρίν

2417 922 2575 975 μενος
2628 905 2976 975 κατηγόμην,
3017 907 3108 959 καὶ
3133 909 3214 969 εἰς
3251 906 3434 959 πλοῖον
3479 902 3842 972 ἐνεϐαλόμην,
3909 899 4018 950 καὶ

2414 998 2501 1052 διὰ
2561 999 2753 1062 νυκτὸς
2792 998 3003 1063 ἔπλεον,
3063 1000 3252 1073 ἐπειδὴ
3306 998 3525 1053 σύνοδον
3579 996 3711 1066 πρὸς
3781 994 4020 1046 δικαίαν

2415 1093 2676 1163 ἀκρόασιν
2704 1093 3110 1165 ὲπεκαλούμην.
3130 1094 3226 1157 τίς
3249 1095 3423 1147 ταῦτα
3459 1091 3745 1161 ἀδακρυτὶ,
3776 1087 3889 1141 κᾶν
3932 1087 4022 1135 λι-

2421 1186 2575 1257 θίνην
2608 1187 2708 1261 ιχῃ
2729 1186 2990 1246 διάνοιαν.
3013 1188 3329 1254 ἀκούσειενς
3356 1187 3502 1240 Ἀλλ’
3522 1185 3667 1239 οὕτω
3692 1183 3793 1252 μὲν
3839 1180 4023 1239 αὑτὴ

2431 1276 2747 1347 Ἐκϐληθεὶς
2774 1276 2850 1347 τῷ
2879 1276 2974 1329 τοῦ
2999 1277 3200 1331 Πόντου
3233 1280 3482 1348 στόματι,
3513 1277 3542 1329 6
3574 1277 3665 1328 καὶ
3706 1272 3879 1343 Ἱερὸν
3912 1288 4025 1322 κα-

2423 1367 2600 1432 λοῦσι,
2635 1368 2940 1439 προσίσχει.
2983 1365 3122 1424 Εἶτα
3146 1371 3237 1423 καὶ
3272 1371 3349 1433 εἰς
3387 1370 3681 1439 Πραίνετον
3710 1363 4023 1425 διαϐαίνεο,

2419 1462 2452 1530 ἢ
2479 1459 2584 1514 ὑπὸ
2642 1460 2752 1514 τῶν
2811 1463 3053 1531 ἀγόντων
3104 1461 3304 1532 μᾶλλον
3352 1459 3806 1531 μεταδιὸαζεται.
3850 1456 3922 1509 '0
3962 1454 4028 1506 δὲ

2423 1553 2656 1624 χρηστὸς
2702 1554 2988 1624 Θεόφιλος,
3047 1555 3174 1607 ἐπεὶ
3227 1554 3448 1623 γέγονεν
3494 1551 3645 1621 αὐτῷ
3685 1549 3913 1603 τελέσαι
3946 1544 4029 1599 τὰ

2424 1648 2566 1701 κατὰ
2590 1647 2837 1718 γνώμην,
2862 1647 3171 1718 γράμματα
3202 1647 3298 1699 καὶ
3335 1644 3471 1714 πρὸς
3499 1643 3849 1695 Ίννοκέντιον
3883 1639 4029 1694 τοῦ·

2423 1755 2515 1792 τον
2537 1740 2628 1793 τὸν
2666 1739 2884 1811 Ῥώμης
2910 1741 3208 1793 ἐπίσκοπον
3230 1738 3462 1809 πέμπει,
3488 1736 3655 1807 δήλην
3691 1733 3845 1803 αύτῷ
3875 1733 4031 1787 καθ-

2429 1833 2582 1896 ιστὰς
2613 1833 2711 1902 τὴν
2751 1832 2998 1888 Ἰωάννου
3026 1833 3378 1902 καθαίρεσιν⁸
3406 1830 3466 1894 δς
3488 1831 3582 1882 καὶ
3606 1830 3717 1891 τοῖς
3738 1829 4027 1896 γραμμα-

2430 1941 2513 1977 σιν
2552 1924 2813 1994 ἐντυχὼν,
2850 1925 2970 1979 οὐδὲ
2998 1926 3350 1996 ἀντιγράφων
3380 1923 3517 1986 ὅλως
3549 1922 3765 1991 ἔκρινεν
3799 1917 4025 1983 ἀξιοῦν,

2428 2015 2630 2084 πολλὴν
2692 2015 2860 2070 αὐτοῦ
2906 2018 3243 2087 προπέτειαν
3271 2015 3366 2068 καὶ
3407 2014 3574 2082 τῦςνον
3613 2010 4027 2078 κατεγνωκὼς,

2426 2109 2509 2163 ὅτι
2533 2126 2590 2163 τε
2620 2108 2782 2180 μόνος
2810 2109 3033 2179 γράφοι,
3066 2109 3162 2162 καὶ
3199 2109 3282 2162 δτι
3320 2107 3453 2178 μηδὲ
3477 2105 3706 2177 δηλώσοι
3740 2104 3937 2172 σαφῶς
3958 2096 4028 2155 οὗ

2430 2202 2590 2273 χάριν
2619 2202 2858 2268 καθεῖλε,
2900 2203 2992 2255 καὶ
3046 2203 3189 2270 μετὰ
3210 2203 3395 2255 τίνων.
3441 2199 3721 2254 Ἐντεῦθεν
3758 2198 3830 2251 τα
3872 2196 4031 2249 κατὰ

2439 2298 2500 2348 'ﬂ
2513 2295 2820 2366 ρακλείδην,
2850 2295 2910 2349 ὃν
2942 2297 2969 2348 6
2995 2297 3167 2365 μέγας
3193 2295 3421 2362 Ἐφέσου
3451 2293 3714 2363 πρόεδρον
3736 2290 4035 2359 καταστή-

2432 2403 2528 2449 σας
2565 2382 2658 2456 ἦν,
2691 2387 3063 2457 ἀναψηλαφῶν
3087 2389 3116 2440 6
3140 2386 3417 2455 Θεόφιλος,
3447 2385 3539 2438 καὶ
3568 2384 3760 2454 μῶμον
3788 2384 3856 2435 έκ
3892 2382 4033 2434 τού-

2432 2495 2526 2531 του
2551 2477 2843 2548 περιάψειν
2886 2478 2963 2547 τῷ
3015 2478 3273 2548 μακαρίῳ
3314 2476 3673 2548 πειρώμενος,
3724 2476 3823 2528 καὶ
3856 2473 4035 2528 αὖτὲν

2432 2571 2617 2642 ἔκρινε
2648 2572 2724 2643 μὴ
2758 2573 3023 2644 παρόντα,
3050 2572 3127 2633 ὼς
3160 2571 3246 2643 εἴη
3291 2573 3442 2633 τινας
3479 2570 3677 2629 ἀδίκως
3706 2569 4033 2637 τυπτὴσας,

2434 2664 2529 2718 καὶ
2552 2664 2640 2718 διὰ
2666 2665 2838 2734 μέσης
2891 2664 2991 2733 τῆς
3033 2665 3240 2733 ἀγορᾶς
3290 2661 3661 2731 περιενεγκὼν
3693 2660 3891 2712 ἁλύσει
3943 2657 4035 2710 δε-

2438 2756 2653 2825 σμίους.
2701 2755 3122 2825 Ἀντιλεγὸντων
3150 2753 3244 2809 οὖν
3288 2757 3396 2808 τῶν
3424 2755 3522 2824 τῆς
3559 2754 3769 2815 πόλεως
3812 2751 3891 2819 μὴ
3913 2750 4035 2802 δεῖν

2438 2850 2578 2903 κατὰ
2606 2852 2859 2904 ἀπόντων
2892 2847 3155 2912 δικάζειν,
3200 2847 3593 2915 Ἀλεξανδρέων
3622 2844 3681 2898 δὲ
3725 2841 4037 2907 ἀξιούντων

2437 2950 2548 3009 τοῖς
2587 2946 2945 3017 Ἡρακλείδου
2989 2944 3317 3014 κατηγόροις
3364 2942 3673 3010 προσέγειν,
3716 2939 3919 3000 στάσις
3968 2940 4036 2988 ὲκ

2440 3039 2633 3093 τούτου
2691 3040 2920 3108 φύεται·
2957 3038 3021 3091 ἐκ
3054 3037 3109 3089 δὲ
3145 3036 3272 3105 τῆς,
3311 3033 3618 3103 συμπλοκαὶ
3667 3031 3877 3100 χειρῶν
3900 3049 3913 3059 ε
3971 3033 4039 3082 ἐκ

2438 3133 2679 3196 τούτων,
2730 3132 3055 3203 τραύματα·
3110 3129 3320 3191 τούτοις
3368 3129 3424 3180 δὲ
3475 3126 3568 3180 καὶ
3606 3126 3849 3186 θάνατος
3897 3125 4033 3190 ἠκο-

745 3222 986 3283 sitateln,
1019 3233 1088 3274 ne
1121 3217 1293 3276 xoluit
1324 3216 1543 3287 quidem
1594 3216 1952 3286 respondere,
1986 3226 2046 3270 ut
2090 3216 2182 3285 qui
2210 3230 2330 3270 cum

2444 3225 2625 3279 λούθει
2645 3241 2661 3258 ·
2690 3217 2765 3277 ὧν
2800 3222 3017 3276 πάντων
3049 3221 3301 3287 Θεόφιλος
3349 3220 3520 3280 αἴτιος
3546 3219 3785 3284 ἔλέγετο,
3813 3219 3911 3268 καὶ
3942 3210 4041 3284 ἦν.

747 3327 956 3384 magna:
981 3310 1305 3368 temeritatis
1349 3309 1665 3364 damnasset
1719 3317 1774 3363 et
1818 3308 2160 3378 arrogantiae,
2196 3309 2339 3377 quod

748 3412 804 3459 et
842 3405 990 3459 solus
1022 3404 1356 3474 scripsisset,
1389 3411 1444 3456 et
1472 3401 1615 3471 quod
1648 3416 1756 3454 non
1792 3410 1976 3470 aperte
2011 3400 2337 3470 scripsisset,

751 3509 989 3564 quanam
1015 3495 1082 3550 de
1122 3509 1285 3548 causa
1323 3501 1376 3548 et
1406 3506 1528 3546 cuni
1579 3490 1778 3560 quibus
1812 3504 1935 3542 cum
1970 3487 2336 3557 depOsuisset.

753 3590 893 3643 liine
920 3603 1141 3643 causam
1172 3584 1498 3644 Heraclidis.
1535 3598 1698 3653 quem
1734 3595 1963 3652 magnus
1990 3580 2078 3633 ille
2104 3578 2339 3633 Joannes

754 3680 954 3750 Ephesi
987 3680 1348 3737 constituerat
1401 3678 1730 3737 antistitem,
1784 3684 2023 3729 tractans
2059 3670 2338 3743 TheOphi-

758 3774 867 3837 lus,
900 3782 956 3828 et
993 3788 1062 3827 ex
1112 3787 1179 3827 eo
1238 3772 1312 3827 illi
1363 3772 1521 3826 beato
1581 3780 1800 3823 tentans
1859 3766 2036 3821 labem
2098 3766 2337 3830 inurere,

756 3871 937 3939 ipsum
962 3868 1126 3923 etiam
1157 3865 1421 3937 judicavit
1442 3880 1551 3919 non
1581 3872 1924 3933 praesentem,
1953 3862 2161 3926 dicens,
2194 3860 2339 3930 quod

759 3958 973 4028 aliquos
1007 3957 1207 4027 injuste
1248 3956 1616 4019 verberasset,
1667 3963 1720 4008 et
1759 3969 1854 4023 per
1885 3953 2124 4007 medium
2161 3951 2340 4007 forum

764 4051 978 4105 vinctos
1011 4058 1198 4105 catena
1250 4045 1723 4103 circumduxisset.
1753 4045 1975 4100 Civibus
2004 4058 2184 4099 autem
2212 4062 2340 4100 con-

762 4152 842 4193 tra
900 4140 1232 4205 dicentibus,
1295 4153 1405 4192 non
1467 4146 1722 4207 oportere
1778 4135 2034 4190 absentes
2086 4136 2339 4205 judicari,

767 4230 1079 4285 volentibus
1110 4245 1239 4283 vero
1286 4226 1667 4282 Alexandrinis
1688 4226 1969 4280 attendere
1999 4236 2343 4282 accusatores

764 4320 1086 4386 Heraclidis,
1152 4337 1216 4375 ex
1267 4336 1332 4375 eo
1364 4330 1481 4375 orta
1524 4329 1611 4375 est
1665 4319 1897 4375 seditio:
1950 4337 2015 4374 ex
2079 4321 2345 4377 seditione

763 4425 946 4469 autem
969 4424 1192 4469 ventum
1221 4424 1304 4468 cst
1328 4413 1395 4468 ad
1424 4428 1618 4467 manus
1642 4437 1651 4467 ;
1675 4427 1741 4469 ex
1771 4428 1835 4467 eo
1858 4428 1985 4467 vero
2008 4413 2072 4467 ad
2096 4415 2343 4480 vulnera,

2448 3318 2634 3373 Ταῦτα
2677 3302 3005 3380 Βυζαντίους
3056 3312 3309 3383 ἠρέθισεν
3356 3313 3576 3379 ἄκρως,
3638 3309 3733 3362 καὶ
3788 3307 4042 3359 διολέσαι

2449 3411 2611 3464 αὑτὸν
2647 3408 2894 3478 ἐζήτουν,
2927 3410 3016 3460 καὶ
3036 3405 3217 3477 βυθοῖς
3253 3403 3504 3457 ἐκδοῦναι
3550 3405 3661 3463 τοῖς
3691 3400 4045 3453 θαλαττίοις.

2458 3504 2516 3555 Ὀ
2551 3503 2605 3556 δὲ
2635 3501 2744 3555 τῶν
2772 3500 3077 3555 διωκόντων
3105 3499 3179 3561 ὡς
3203 3497 3413 3567 ᾔσθετο.
3448 3493 3802 3563 φυγὰςεύθὺς
3831 3492 4041 3560 ῷχετο,

2448 3595 2699 3659 καὶτοὺς
2754 3591 3089 3661 Αἰγυπτίους
3139 3591 3313 3644 εἰσεδυ
3386 3588 3609 3658 μυχούς.
3654 3588 3778 3639 Ὀτι
3819 3586 3881 3637 δὲ
3917 3585 4043 3637 οθζδὲ

2448 3688 2715 3758 πρότερον
2770 3688 2798 3739 ό
2835 3685 3195 3755 ταραχοποιὸς
3255 3684 3437 3737 οὗτοσῖ
3471 3680 3627 3749 θυμῷ
3668 3679 3869 3747 δικαίῳ
3928 3679 4045 3730 τετε

2448 3781 2577 3851 περὶ
2605 3781 2894 3851 Διόσκορον
2955 3779 3281 3850 χολούμενος
3343 3774 3432 3843 ἦν,
3474 3777 3597 3828 οὔτε
3654 3774 3762 3842 μὴν
3812 3772 4045 3824 εἰςεδ-ἰ

2447 3870 2690 3941 λογισμῷ
2763 3873 2882 3933 ταῖς
2930 3871 3245 3941 Ὤριγένους
3303 3867 3578 3936 ἀπήχθετο
3631 3864 3874 3934 βῐδλοιε,
3920 3864 4043 3915 ἀλλ’

2448 3963 2700 4035 ἀφορμὰς
2752 3962 3000 4016 ἐντεῦθεν
3058 3963 3235 4031 ἑαυτῷ
3285 3961 3524 4030 πορίζων
3580 3960 3715 4026 πρὸς
3771 3958 3873 4026 τὴν
3941 3957 4039 4007 τ’ιῦ

2448 4056 2608 4120 ἁγίου
2672 4052 3013 4121 καθαίρεσιν,
3068 4051 3130 4102 τὸ
3177 4050 3314 4118 μετὰ
3345 4048 3515 4100 ταῦτα
3547 4047 3717 4116 δηλοῖ.
3777 4042 3950 4111 Ὁμοῦ
3982 4058 4043 4091 τε

2450 4147 2558 4214 γὰρ
2594 4144 2655 4197 τὸ
2713 4142 3148 4210 σπουδαζόμενον
3212 4137 3360 4208 αὖτῷ
3403 4138 3673 4205 διήνυστο,
3710 4134 3805 4185 καὶ
3848 4149 4042 4200 παρα-

2452 4236 2639 4307 χρῆμα
2671 4236 2782 4297 τοῖς
2822 4234 3075 4304 μοναχοῖς
3126 4231 3224 4300 μὲν
3252 4229 3558 4287 ἐσπένδετο,
3598 4227 3693 4286 τὰς
3729 4224 3955 4295 samo»;
3983 4224 4043 4274 δὲ

2455 4328 2803 4398 παρεδέχετο,
2838 4325 2902 4388 ἃς
2942 4325 3078 4386 τέως
3112 4322 3402 4383 σννοδικῶς
3439 4321 3841 4387 ἀπεκήρυττεν.
3888 4316 4039 4367 Ἀλλ·

2453 4420 2480 4471 6
2509 4419 2664 4487 λόγος
2690 4416 2901 4470 ἐπιέναι
2931 4416 3025 4468 καὶ
3054 4415 3120 4467 τὰ
3158 4414 3323 4466 λοιπὰ
3356 4412 3473 4482 βού)
3488 4429 3627 4464 εται.

765 4521 828 4558 ea
884 4514 1068 4558 autem
1119 4519 1267 4559 mors
1323 4519 1540 4573 quoque
1603 4514 1687 4560 est
1746 4515 2062 4570 consecuta,
2112 4522 2344 4576 quorum
2381 4511 2623 4565 omnium
2694 4507 3031 4577 TheOphilus
3061 4505 3240 4561 dictus
3298 4516 3381 4560 est
3424 4514 3481 4559 et
3532 4503 3633 4557 fuit
3684 4516 3870 4555 causa.
3913 4499 4043 4553 [hoc

765 4610 977 4652 summe
1032 4595 1312 4651 irritarunt
1356 4596 1705 4666 Byzantinos,
1742 4606 1797 4651 et
1845 4613 1969 4652 euut
2026 4600 2343 4667 quaerebant
2383 4603 2636 4672 perdere,
2670 4612 2725 4655 et
2791 4601 2844 4654 in
2916 4598 3243 4669 profundum
3279 4598 3442 4651 maris
3495 4596 3711 4649 mittere
3758 4609 3886 4646 eum
3945 4590 4038 4658 qui

765 4698 889 4742 erat
930 4688 1170 4757 dignus:
1225 4688 1314 4742 ille
1361 4697 1545 4742 autem
1604 4697 1890 4757 postquam
1952 4690 2125 4744 sensit
2164 4702 2577 4761 persequentes,
2656 4697 2778 4763 fuga
2843 4692 3028 4746 statim
3102 4690 3201 4744 sibi
3259 4688 3567 4751 consuluit,
3630 4698 3680 4739 et
3730 4686 4040 4753 penetraiia

766 4775 936 4829 subiit
973 4775 1208 4847 Algypti.
1234 4776 1389 4842 Quod
1420 4787 1603 4831 autem
1626 4792 1803 4846 neque
1824 4777 1974 4847 prius
2006 4779 2351 4846 perturbator
2386 4781 2508 4849 jure
2570 4783 2829 4837 Dioscoro
2870 4780 3227 4839 irascebatur.
3309 4795 3480 4849 neque
3515 4794 3696 4830 verum
3730 4787 3784 4829 et
3813 4792 4043 4829 accura-

766 4882 876 4926 tam
912 4869 1211 4925 defendens
1244 4872 1503 4935 pietatem
1535 4878 1653 4924 erat
1689 4868 1923 4925 infestus
1962 4871 2116 4926 libris
2178 4871 2432 4945 Origenis
2459 4915 2473 4940 ,
2535 4875 2629 4930 sed
2694 4875 2821 4929 hinc
2886 4873 3135 4942 raptabat
3162 4872 3500 4927 occasionem
3529 4870 3838 4938 deponendi
3864 4868 4041 4922 Juan-

768 4966 875 5031 uis,
906 4964 1148 5021 ostendit
1179 4965 1255 5029 id,
1285 4966 1425 5035 quod
1450 4975 1533 5020 est
1560 4974 1749 5035 postea
1791 4975 2167 5022 consecutum.
2215 4967 2350 5023 Nam
2388 4970 2549 5027 simul
2613 4981 2772 5041 atque
2839 4968 3060 5041 perfecit
3095 4970 3237 5038 quod
3293 4968 3561 5028 studeb.:t,
3596 4982 3719 5021 cum
3752 4967 4042 5021 monachis

772 5064 953 5115 statim
981 5061 1157 5115 foedus
1181 5060 1341 5124 iniit;
1376 5058 1542 5112 libros
1584 5067 1766 5113 autem
1790 5056 2010 5113 admisit
2074 5059 2211 5129 (55),
2242 5076 2380 5129 quos
2420 5063 2571 5132 prius
2622 5063 2899 5118 abdicarat
2955 5062 3229 5135 synodice.
3285 5061 3390 5114 Sed
3439 5060 3552 5112 vuit
3590 5058 3753 5115 etiam
3825 5061 4035 5128 reliqua

772 5156 1023 5227 persequi
1054 5156 1252 5210 oratio.

856 5248 1041 5303 XLVI.
1104 5249 1322 5303 interim
1381 5248 1550 5313 enim,
1604 5247 1734 5302 dum
1782 5248 1898 5303 haec
1951 5248 2163 5312 tierent,
2218 5248 2360 5304 Deus

776 5350 1087 5396 terraintotu
1141 5339 1415 5393 terrefecit
1444 5340 1739 5405 civitatem,
1788 5355 2213 5409 communesque
2236 5357 2356 5395 eam

778 5433 1062 5506 agitabant
1090 5431 1593 5502 conquassationes.
1623 5441 1677 5486 et
1702 5447 1893 5503 graves
1927 5441 2163 5487 terrores
2188 5432 2358 5502 impe—

783 5526 986 5581 ratorio
1021 5523 1377 5579 imminebant
1410 5523 1699 5579 cubiculo:
1735 5525 1873 5581 adeo
1908 5534 1966 5578 ut
1999 5525 2229 5594 populus
2274 5533 2361 5578 tu-

855 5730 967 5800 (55)
1020 5729 1375 5799 ΤιιοοιιιιίΙιιιη
1427 5727 1672 5800 Origeuis
1709 5742 1921 5782 errores
1970 5739 2199 5791 tantum,
2247 5744 2354 5781 non

782 5815 971 5855 HlilllCS
1000 5801 1165 5855 libros
1194 5802 1475 5854 damnasse
1502 5840 1514 5862 ,
1547 5814 1608 5854 ex
1645 5801 1896 5855 Ect-lesiaa
1927 5800 2204 5854 catholicre
2231 5814 2356 5851 sen~

786 5872 975 5934 truth,
1014 5887 1130 5941 qua:
1158 5873 1273 5943 ejus
1305 5873 1736 5927 tiennuentmius
1770 5873 1840 5925 ita
1873 5871 2019 5940 legit,
2056 5880 2109 5924 ut
2142 5870 2208 5925 ab
2240 5869 2354 5939 ejus

2532 5253 2683 5318 MCT.
2726 5252 2812 5305 Ἐν
2837 5254 2944 5322 δσῳ
2972 5252 3080 5321 γὰρ
3105 5251 3404 5321 ἐπράττετο
3433 5248 3625 5306 ταῦτα,
3662 5250 3879 5318 νύκτωρ
3940 5249 4035 5318 τὴν

2462 5344 2615 5397 πόλιν
2640 5344 2850 5397 ἔσεισεν
2903 5347 2931 5397 6
2965 5345 3118 5409 Θεὸς,
3156 5344 3248 5397 καὶ
3273 5343 3497 5414 θραῦσις
3525 5344 3617 5394 καὶ
3645 5342 3880 5409 δείματα
3918 5360 4037 5395 τινα

2459 5432 2533 5501 τῷ
2557 5432 2820 5503 βασιλικῷ
2842 5435 3209 5504 συμπέπτωκε
3226 5435 3463 5497 κοιτῶνι,
3493 5432 3565 5494 ὡς
3592 5434 3685 5485 καὶ
3717 5432 3948 5503 θορύϐου
3978 5434 4035 5484 τὸ

2461 5524 2663 5594 πλῆθος
2693 5526 3132 5597 ὐποπλησθῆναι,
3175 5528 3268 5581 καὶ
3304 5526 3445 5598 μέγα
3475 5525 3713 5595 βοῶντας
3745 5525 4039 5577 ἀνακαλεῖ-

2468 5730 2745 5784 erroribus
2778 5744 2896 5783 esse
2933 5729 3229 5785 cavendum
3262 5729 3568 5793 admoneat,
3594 5729 3751 5786 docet
3776 5728 4034 5784 Baroniu:

2467 5812 2575 5857 tum
2638 5801 2673 5849 Υ
2706 5802 2894 5855 Annal.
2924 5816 3009 5855 an.
3040 5800 3161 5856 605.
