4178 6484
186 445 330 512 1173

1240 457 1410 515 \'I'l'.\
1456 460 1517 516 S.
1560 457 1879 519 JOANXIS
1919 464 2473 531 CllRYSUSTUML

3308 482 3443 549 liii

180 564 313 615 σθαι
346 563 439 615 τὸν
479 562 628 634 ἱερέα
682 566 791 619 Καὶ
818 567 845 618 ό
878 566 1131 636 βασιλεὺς
1157 571 1356 624 αὐτίκα
1402 571 1613 644 κέντρῳ
1663 591 1737 627 τιν

1871 578 2042 631 tuultu
2068 580 2401 650 impleretur,
2434 594 2489 639 et
2522 600 2712 658 magna
2740 605 2870 645 voce
2921 593 3182 661 clamans,
3225 616 3443 656 revoca-

178 653 361 725 λύπης
415 655 513 725 τὴν
552 656 778 727 καρδίαν
814 658 1059 727 πληγεὶς,
1094 664 1398 732 μετάμελός
1422 682 1481 718 τε
1526 668 1759 734 γεγόνει,

179 746 274 795 καὶ
320 747 614 816 γράμμασι
664 747 961 818 βασιλικοῖς
1012 752 1111 823 τὴν
1168 754 1413 808 Ἰωάννου
1465 757 1763 827 ἀνάκλησιν

175 836 518 889 ἐπισπεύδει.
580 838 797 906 Πέμπει
851 839 907 892 δὲ
967 841 1242 909 μετὰτῶν
1278 845 1622 914 γραμμάτων
1669 847 1759 897 καὶ

178 926 432 995 Βρίσωνα
482 929 574 981 τὸν
603 929 878 1000 εὐνοῦχον,
926 933 1225 1002 τηνικαῦτα
1252 938 1315 1007 τῇ
1346 935 1573 1006 βασιλίδι
1605 936 1760 990 E650-

176 1012 264 1083 ξξᾳ
297 1016 743 1086 ὑπηρετούμενον
764 1035 777 1049 ο
799 1020 858 1082 ὃς
881 1021 972 1073 τὸν
1000 1022 1154 1090 ἅγιον
1179 1026 1237 1077 ἐν
1272 1026 1556 1096 Πραινέτῳ
1591 1045 1760 1080 κατα-

169 1108 355 1162 λαϐὼν
383 1109 488 1161 ὑπὸ
516 1109 623 1163 τῶν
652 1113 1104 1183 ἐγχειρισθέντων
1127 1119 1557 1189 φρουρούμενον,
1590 1121 1759 1175 ἐπαν-

168 1198 351 1249 ελθεῖν
381 1200 535 1267 ἠξίου
561 1203 652 1253 καὶ
681 1206 748 1273 τῇ
772 1203 925 1257 πόλει
965 1207 1161 1276 στῆσαι
1204 1208 1294 1262 τὸν
1321 1209 1585 1264 κίνδυνον.
1619 1212 1752 1264 Μετ’

167 1289 333 1342 αὑτὸν
367 1291 425 1343 δὲ
454 1292 625 1358 ἄλλοι,
657 1296 749 1347 καὶ
787 1296 903 1365 μετ’
923 1296 1166 1362 ἐκείνους
1188 1298 1384 1371 ἕτεροι,
1419 1303 1512 1355 κα)⁵
1544 1303 1756 1375 πλήρης

164 1380 315 1435 οὕτω
342 1383 453 1436 τῶν
510 1386 881 1455 πεμπομένων
912 1390 941 1442 ό
969 1388 1268 1462 Βόσπορος.
1325 1393 1478 1445 Ἐπεὶ
1506 1390 1600 1448 οὖν
1631 1396 1756 1448 ὐπο-

118 1475 123 1478 ’
163 1474 429 1543 στρέφειν
461 1474 622 1529 αὑτὸν
657 1478 903 1545 ἔγνωσαν
940 1482 972 1550 η
1018 1482 1170 1546 πόλις
1225 1484 1403 1555 (τρίτη
1460 1485 1514 1539 δὲ
1542 1482 1609 1555 ἦν
1656 1487 1759 1547 ἐπὶ

160 1565 367 1639 δεκάτῃ
422 1568 499 1638 τῷ
545 1569 884 1641 Νοεμϐρίῳ),
942 1575 1059 1637 πῶς
1100 1577 1166 1630 άν
1210 1593 1294 1641 τις
1343 1578 1450 1633 τῶν
1502 1578 1750 1644 ἐξιόντων

159 1659 466 1729 ἀριθμήσοι
522 1661 581 1714 τὸ
630 1663 855 1733 πλῆθος,
911 1667 1026 1729 πῶς
1078 1668 1347 1737 ἐκφράσοι
1377 1669 1475 1741 τὴν
1508 1671 1746 1743 ήδονήν;

157 1752 267 1802 τῶν
298 1752 559 1822 ποταμῶν
592 1755 700 1824 γὰρ
734 1756 979 1825 ἀτεχνῶς
1018 1759 1316 1828 ἐμιμοῦντο
1363 1764 1433 1817 τά
1473 1762 1742 1835 ῥεύματα.

160 1843 273 1895 Καὶ
300 1845 481 1914 μεστὴ
516 1845 662 1918 μὲνὴ
688 1847 928 1901 θάλαττα
945 1852 1278 1921 πορθμείων,
1304 1854 1475 1925 μεστὴ
1495 1856 1549 1908 δὲ
1577 1858 1744 1927 ἤχων,

173 1934 356 2005 μεστὴ
402 1935 456 1987 δὲ
505 1937 767 2008 ᾀσμάτων
795 1940 891 1992 καὶ
922 1941 1215 2012 ὑμνῳδίας.
1254 1945 1492 1999 Τοιαῦτα
1526 1946 1750 2001 δύναται
1784 1930 1824 1986 Β

162 2026 333 2091 πόθος
361 2027 560 2098 ψυχαῖς
586 2032 831 2096 ἐντακεὶς
862 2033 1053 2105 ἀνδρὸς
1069 2035 1273 2105 πολλήν
1296 2053 1351 2089 τε
1379 2038 1579 2113 ἀρετὴν
1601 2039 1750 2108 ἔχον-

158 2132 273 2179 τος,
312 2118 653 2187 καὶώφελεῖν
708 2122 934 2175 πλεῖστα
968 2125 1291 2195 δυναμένου,
1337 2119 1430 2181 καὶ
1464 2129 1747 2198 πατρικῶς

160 2208 507 2277 στέργοντος.
546 2210 715 2265 Τοῦτο
769 2217 1069 2286 τεκμήριον
1126 2217 1353 2289 ἀκριϐὲς
1403 2219 1646 2289 ὑπῆρξεν
1678 2217 1745 2293 ἦς

157 2300 435 2354 ἀπέλαυον
467 2303 658 2373 ἡδονῆς
688 2306 737 2357 οἱ
767 2307 864 2375 τῆς
913 2308 1118 2379 χρυσῆς
1146 2310 1353 2380 ταύτης
1393 2310 1636 2383 γλώττης
1661 2313 1742 2364 ἐν·

156 2392 480 2460 τρυφῶντες
506 2397 617 2459 τοῖς
647 2397 904 2467 ῥεύμασι.
942 2400 1016 2453 Τὸ
1054 2400 1158 2471 γάρ
1203 2400 1376 2465 οὕτως
1397 2403 1558 2456 αὑτὸν
1584 2406 1741 2457 ἀπει-

154 2483 404 2552 ληφότας
447 2486 698 2556 ἡσθῆναι,
724 2490 911 2556 σαφῶς
935 2491 1126 2561 ἐδήλου
1146 2493 1243 2563 τὴν
1275 2494 1529 2563 στέρησιν
1566 2494 1741 2565 λύπης

152 2578 343 2631 αἰτίαν
381 2580 564 2643 αὐτοῖς
593 2583 951 2653 καταστῆναι.
979 2586 1137 2654 Λύπη
1170 2585 1223 2639 δὲ
1248 2586 1415 2657 πολλὴ
1448 2590 1586 2657 μετά
1618 2589 1740 2642 στέ-

153 2684 336 2736 ρησιν,
367 2670 488 2739 ῖσην
540 2667 679 2725 εῖναι
729 2676 1189 2747 προῡπάρχουσαν
1217 2678 1411 2749 ἡδονὴν
1448 2683 1735 2753 μαρτυρεῖ.

164 2764 323 2818 Ἐπεὶ
350 2768 529 2820 τοίνυν
564 2768 802 2822 ἐπανιὼν
830 2770 1059 2839 ἔγγιστά
1103 2788 1204 2824 που
1234 2773 1330 2843 τῆς
1365 2774 1572 2837 πόλεως
1595 2776 1737 2843 γίνε-

150 2875 269 2920 ται,
318 2859 382 2912 οὑ
418 2860 684 2932 πρότερον
729 2863 989 2917 εἰσελθεῖν
1031 2864 1205 2933 ἠξίου,
1255 2867 1385 2935 πρὶν
1422 2868 1486 2920 ἂν
1528 2867 1734 2937 μείζονι

150 2952 424 3021 κριτηρίῳ
448 2952 516 3004 τὰ
550 2954 670 3005 κατ’
696 2954 901 3009 ἐκεῖνον
928 2958 1229 3028 ἐπιτραπῇ.
1251 2958 1415 3012 Ἀλλά
1440 2960 1500 3011 τὸ
1531 2961 1735 3033 πλῆθος

153 3044 415 3112 ᾕσχαλλε,
462 3046 555 3097 καὶ
596 3046 800 3114 τόλμης
829 3048 1054 3117 ἥπτετο,
1087 3049 1180 3101 καὶ
1223 3051 1348 3115 τοὺς
1396 3054 1733 3121 κρατοῦντας

148 3136 496 3208 ἐλοιδορεῖτο,
546 3140 649 3202 ἕως
703 3141 943 3205 ἅπαντες
997 3144 1077 3205 είς
1118 3145 1311 3197 ταυτὸν
1365 3146 1729 3215 συνελθόντες,

149 3232 245 3283 καὶ
270 3231 340 3283 τά
370 3232 467 3301 μὲν
496 3232 676 3302 δεήσει
705 3235 1062 3305 χρησάμενοι,
1092 3237 1158 3289 τά
1181 3236 1237 3289 δὲ
1270 3238 1363 3290 καὶ
1387 3239 1733 3310 προοδιασά-
1761 3266 1805 3327 c
1839 3265 1988 3316 nem,

151 3341 330 3393 μενοι,
380 3324 627 3377 πείθουσι
662 3326 816 3395 μόλις
850 3327 1105 3397 ἐπιϐῆναι
1131 3328 1231 3398 τῆς
1262 3329 1488 3392 πόλεως.
1531 3331 1618 3395 Ὠς
1674 3332 1731 3386 δὲ

146 3419 243 3470 καὶ
284 3418 360 3487 τῷ
400 3417 575 3487 θρόνῳ
634 3418 880 3481 καθίζειν
932 3418 1176 3488 ἔμελλον,
1254 3421 1491 3491 ίσχυρῶς
1554 3423 1730 3475 ἀντεί-

144 3528 296 3580 χετο,
345 3511 509 3563 πάλιν
556 3511 689 3573 δεῖν,
747 3510 955 3578 λέγων,
1002 3512 1069 3565 τὰ
1120 3512 1463 3582 ψηφισθέντα
1501 3517 1729 3585 δοκιμα-

147 3600 345 3670 σθῆναι
401 3600 668 3669 πρότερον
712 3600 1158 3671 καθολικωτέρας
1215 3604 1445 3672 τυχόντα
1510 3606 1728 3677 ἐπικρίο

144 3706 306 3751 σεως.
348 3690 488 3741 Ἀλλ’
551 3692 578 3743 ὁ
624 3691 714 3743 τοῦ
768 3691 896 3744 λαοῦ
954 3693 1219 3762 κρείττων
1272 3696 1485 3762 γίνεται
1568 3698 1731 3762 πόθος

144 3781 447 3852 (ἐγλίχοντο
492 3782 597 3852 γὰρ
648 3782 746 3852 τῆς
784 3784 1049 3853 μελιχρὶς
1093 3785 1401 3837 ἐπακοῦσαι
1454 3788 1725 3859 γλώττης,

138 3869 206 3944 ἦς
260 3874 509 3941 συνήθως
568 3874 890 3944 ἀπέλαυον),
950 3876 1045 3929 καὶ
1089 3878 1168 3941 είς
1216 3877 1305 3931 τὸν
1336 3885 1729 3952 πατριαρχικὺν

138 3966 316 4027 οὕτως
347 3966 614 4032 ἀνάγουσι
648 3966 857 4037 θρόνον.
904 3968 958 4020 Ὀ
990 3967 1045 4020 δὲ
1070 3967 1282 4032 πάντας
1312 3987 1371 4022 τε
1402 3970 1570 4039 ἡδέως
1595 3968 1724 4038 εἶδε,

140 4058 230 4108 καὶ
262 4056 453 4126 ῶσπερ
484 4058 625 4120 ἔθος,
653 4058 749 4129 τὴν
780 4060 1007 4129 εἰρήνην
1036 4061 1219 4124 αὐτοῖς
1251 4061 1545 4131 ἐπηύξατο.
1573 4062 1728 4117 Οὕτω

139 4150 244 4219 μὲν
273 4153 306 4219 ἡ
352 4149 650 4219 Ἐκκλησία
693 4152 783 4205 τὸν
838 4141 1041 4222 ἑαυτῆς
1077 4153 1310 4223 νυμφίον
1353 4154 1725 4219 ἀπολαὸοὖσα,

136 4240 234 4293 καὶ
275 4240 335 4291 τὸ
383 4230 670 4308 περιελθὸν
703 4241 841 4310 αὐτῇ
895 4242 1034 4303 τέως
1092 4242 1419 4312 σκυθρωπὸν
1475 4245 1717 4316 λύσασα,

135 4332 293 4399 ἤνθει
327 4330 423 4383 καὶ
481 4330 669 4384 ἑθαλλε
714 4335 838 4395 ταῖς
888 4335 1141 4403 ποτίμοις
1188 4336 1354 4389 αὑτοῦ
1402 4337 1511 4391 τῶν
1556 4339 1727 4408 λόγων

134 4423 476 4493 ἀρδευομένη
510 4424 735 4491 πηγαῖς.
774 4423 940 4487 Ἀλλ’,
977 4419 1021 4478 ὦ
1055 4425 1240 4494 φθόνε,
1272 4427 1440 4481 κακὸν
1476 4431 1723 4500 ᾶμαχονί

134 4514 225 4566 Σο,
254 4515 366 4583 γὰρ
397 4513 533 4575 ὅλως
554 4515 652 4566 οὑκ
684 4508 751 4583 ἦν
788 4516 1035 4584 ἡρεμεῖν,
1064 4517 1186 4570 οὐδέ
1231 4535 1352 4572 τινα
1381 4519 1539 4589 κόρον
1569 4521 1724 4592 ἔσχες

1867 679 1949 723 ret
1976 673 2334 729 sacerdotem.
2372 677 2514 743 Quin
2565 680 2728 735 etiam
2760 684 2876 753 ipse
2907 701 3121 757 quoque
3152 691 3442 760 imperatur

1866 763 2174 819 vehementi
2234 768 2454 830 stimulo
2512 771 2743 827 tristitia:
2805 778 2857 829 in
2920 782 3082 835 corde
3141 788 3436 851 sauciatus,

1864 866 2113 910 movetur
2136 861 2477 929 pmnitentia,
2520 875 2573 920 et
2615 866 2806 922 litteris
2855 871 3214 940 imperatoriis
3245 896 3438 948 «piam-

1863 945 2100 1012 primum
2127 966 2380 1023 magnum
2422 956 2569 1010 illum
2604 971 2840 1016 revocat.
2870 962 3058 1019 Brison
3091 981 3270 1025 autem
3295 985 3434 1033 erat.

1862 1039 1951 1094 cui
1993 1040 2131 1097 datae
2173 1044 2394 1100 fuerunt
2444 1047 2656 1111 litt-rae.
2723 1070 2867 1111 unus
2897 1072 2960 1111 ex
2998 1064 3286 1129 eunuchis,
3342 1070 3432 1136 qui

1862 1133 2246 1192 ministrabant
2301 1138 2576 1196 Eudoxiaz.
2637 1143 2738 1209 Qui
2798 1163 2921 1203 cum
2969 1157 3308 1222 pervenisset
3367 1162 3431 1215 ad

1861 1235 2145 1295 sanctum,
2197 1233 2286 1301 qui
2344 1234 2989 1297 Prmnetiasservabatur
3048 1248 3101 1301 in
3163 1252 3431 1320 custodia,

1859 1319 2065 1388 rogavit
2096 1328 2153 1373 ut
2175 1322 2385 1378 veniret
2406 1334 2460 1379 et
2493 1327 2767 1385 civitatem
2796 1332 3047 1390 liberaret
3088 1354 3113 1392 a
3167 1319 3427 1408 periculo.

1855 1405 1961 1463 Sed
1992 1425 2104 1464 non
2144 1413 2210 1466 ad
2242 1413 2520 1473 Brisonem
2550 1436 2721 1491 usque
2759 1428 3005 1483 conSIitit
3051 1405 3181 1500 ejus
3226 1434 3433 1491 reditus

1853 1501 2092 1555 studium
2151 1514 2205 1558 et
2259 1509 2623 1565 acceleratio:
2676 1514 2771 1569 sed
2803 1527 2923 1586 post
2972 1518 3146 1588 ipsum
3210 1524 3321 1590 alii,
3376 1536 3431 1580 et

1853 1601 1977 1659 post
2000 1593 2119 1649 illos
2150 1596 2261 1651 alii.
2304 1597 2505 1669 Sicque
2537 1602 2638 1658 luit
2667 1603 2977 1676 Bosphorus
3000 1612 3194 1680 plenus
3217 1630 3427 1682 eorum,

1853 1686 1943 1753 qui
1973 1688 2346 1746 mittebantur.
2376 1694 2514 1749 Cum
2546 1696 2731 1768 itaque
2762 1716 2887 1755 eum
2921 1704 3099 1759 redire
3122 1710 3434 1776 agnovisset

1853 1775 2044 1834 civitas
2105 1782 2246 1848 (erat
2295 1793 2480 1839 autem
2526 1789 2772 1846 decimus
2818 1795 3013 1849 tertius
3058 1796 3431 1874 Novembris),

1853 1871 2315 1938 quemadmodum
2351 1882 2686 1936 enumerarit
2711 1885 2980 1956 quispiam
3020 1892 3432 1951 multitudinem

1852 1976 2062 2027 eorum,
2087 1966 2177 2033 qui
2206 1966 2467 2023 exibant?
2493 1970 2775 2036 Quomodo
2792 1979 3075 2048 explicarit
3100 1987 3340 2042 studium
3372 1991 3430 2045 in

1851 2053 2223 2121 egrediendo?
2293 2058 2580 2125 Quomodo
2651 2072 2980 2137 expresserit
3051 2076 3428 2146 voluptatem?

1849 2144 2013 2200 Plane
2040 2146 2187 2201 enim
2216 2148 2568 2208 imitabantur
2607 2156 2808 2213 ﬂuenta
2841 2161 3150 2233 ﬂuviorum,
3182 2185 3304 2225 cum
3334 2174 3425 2227 alii

1847 2236 1968 2291 aliis
1994 2239 2307 2307 agminatim
2344 2246 2720 2305 succederent.
2750 2253 2813 2307 Et
2855 2265 2969 2309 erat
3001 2259 3217 2327 quidem
3277 2278 3428 2320 mare

1847 2330 2066 2399 plenum
2100 2336 2355 2406 navigiis,
2407 2341 2627 2410 plenum
2658 2356 2840 2402 autem
2874 2352 3053 2407 sonitu
3090 2358 3425 2430 canticisque

1846 2432 1898 2477 et
1919 2423 2154 2495 hymnis,
2187 2430 2277 2500 qui
2318 2432 2430 2487 Deo
2455 2449 2579 2490 cum
2611 2454 2802 2508 magna
2828 2443 3105 2513 voluptate
3146 2423 3424 2506 caueban-

1846 2520 1951 2567 tur.
1984 2514 2098 2571 Hoc
2124 2527 2305 2587 potest
2330 2520 2574 2578 insidens
2601 2528 2797 2584 animae
2824 2532 2921 2586 viri
2944 2536 3297 2605 desiderium,
3327 2541 3418 2611 qui

1842 2606 2045 2663 virtute
2083 2611 2301 2678 quidem
2347 2625 2429 2669 est
2469 2629 2714 2687 ornatus,
2751 2634 2835 2678 est
2864 2636 3045 2681 autem
3075 2633 3300 2688 sortitus
3327 2606 3420 2705 po-

1841 2698 1953 2765 puli
2004 2701 2553 2773 administrationem,
2588 2720 2643 2765 et
2687 2727 2809 2767 enim
2838 2728 2982 2774 amnt
3008 2730 3252 2789 patente.
3306 2698 3422 2781 lloe

1840 2800 1923 2845 est
1951 2792 2176 2848 evidens
2197 2810 2579 2867 argumentum
2613 2804 2928 2874 voluptatis,
2976 2827 3080 2880 qua
3109 2824 3236 2869 tunc
3266 2817 3419 2872 frue-

1839 2881 2056 2949 bantur,
2112 2888 2203 2957 qui
2236 2889 2496 2958 jucundis
2536 2910 2594 2950 se
2637 2898 2928 2968 explebant
2973 2902 3191 2961 ﬂuentis
3238 2924 3423 2968 aurea:

1838 2972 1999 3042 hujus
2025 2977 2237 3047 linguae.
2263 2979 2415 3045 Quod
2438 2985 2605 3052 enim,
2638 2991 2727 3058 qui
2759 3005 2883 3045 eum
2915 3003 3423 3065 exceperunt,adeo

1838 3076 1965 3120 sunt
1989 3068 2114 3134 lati,
2160 3071 2213 3126 id
2244 3076 2569 3132 ostendebat
2601 3083 2962 3150 privationem
2999 3089 3167 3146 fuisse
3197 3107 3417 3151 causam

1837 3161 2015 3230 magni
2049 3162 2277 3220 doloris.
2310 3166 2534 3239 Magnus
2572 3183 2752 3229 autem
2786 3178 2958 3243 dolor,
2996 3195 3118 3252 post
3163 3189 3394 3255 privatio

2047 3262 2278 3310 testatur
2324 3260 2549 3316 omnino
2574 3262 2741 3319 fuisse
2796 3283 2978 3337 parem
3042 3284 3201 3331 antea
3266 3280 3419 3333 volu—

1834 3618 1898 3670 ad
1932 3619 2241 3676 audendum
2281 3622 2394 3693 jam
2438 3640 2496 3681 se
2548 3630 2793 3697 parabat.
2849 3641 2904 3687 et
2954 3648 3069 3700 eos,
3107 3640 3197 3707 qui
3231 3656 3413 3698 rerum

1833 3712 2204 3780 potiebantur,
2251 3718 2624 3775 insectabatur
2650 3725 2975 3793 maledictis,
3012 3731 3187 3787 donec
3225 3750 3417 3792 omnes

1834 3803 1886 3856 in
1944 3804 2083 3859 idem
2127 3810 2538 3878 convenientes,
2598 3824 2649 3869 et
2686 3819 2882 3886 partim
2934 3824 3150 3891 quidem
3199 3838 3417 3884 utentes

1832 3894 2106 3961 precibus,
2168 3898 2361 3967 partim
2422 3910 2603 3957 autem
2654 3905 2761 3959 vim
2814 3908 3104 3967 aﬂ‘erentes
3155 3915 3415 3983 (audacia:

1831 3983 1973 4037 enim
2006 3985 2207 4056 aliquid
2242 3990 2404 4046 habet
2433 3992 2786 4066 desiderium)
2822 3998 2908 4053 vix
2941 4002 3157 4057 tandem
3185 4022 3413 4074 persua-

1830 4074 1963 4129 dent
1995 4078 2295 4133 ascendere
2339 4082 2637 4137 civitatem.
2667 4085 2803 4140 Cum
2839 4103 2969 4144 vero
2993 4105 3178 4149 essent
3200 4111 3324 4151 eum
3359 4099 3413 4152 in

1832 4168 1958 4223 sede
2003 4171 2341 4238 collocaturi,
2394 4173 2510 4243 ipse
2560 4192 2750 4232 rursus
2778 4180 2979 4237 resistit
3009 4186 3410 4254 vehementius,

1831 4259 2021 4315 dicens
2054 4271 2309 4331 oportere
2333 4280 2418 4329 ea,
2455 4282 2574 4335 qua:
2607 4269 2757 4337 prius
2800 4282 2929 4326 sunt
2984 4275 3221 4343 decreta,
3279 4300 3410 4337 exa-

1829 4352 2048 4416 minari,
2074 4364 2131 4408 et
2154 4356 2379 4411 omnino
2410 4360 2579 4429 magis
2601 4364 2855 4432 generale
2877 4369 3092 4437 assequi
3120 4372 3406 4439 judicium.

1828 4442 1934 4499 Sed
1985 4446 2115 4501 vicit
2160 4449 2344 4517 populi
2374 4449 2661 4519 judicium,
2690 4455 2835 4523 quod
2860 4467 2979 4513 erat
3012 4459 3205 4517 fortius
3230 4469 3409 4520 Omni-

1829 4537 1930 4592 bus
1964 4556 1976 4591 :
2012 4548 2066 4594 et
2100 4540 2178 4595 sic
2208 4556 2331 4597 cum
2367 4558 2556 4599 rursus
2578 4546 2633 4598 in
2654 4550 2837 4602 sedem
2873 4552 3139 4609 reducunt
3178 4560 3408 4627 patriar-

133 4606 243 4657 τῶν
278 4605 401 4657 κατ’
426 4604 593 4657 αὑτοῦ
626 4606 965 4676 προσϐολῶν,
996 4607 1121 4673 ἕως,
1147 4609 1304 4682 ἄγριε
1327 4611 1418 4663 καὶ
1447 4613 1727 4678 άτίθασσε,

176 4699 209 4716 μ
271 4715 276 4716 ,
417 4699 430 4714 .
480 4698 495 4716 ι
586 4700 598 4716 .
701 4700 711 4716 ι
739 4698 785 4716 ι-
808 4697 830 4716 ρ
1038 4700 1050 4716 .
1286 4703 1296 4716 .
1396 4703 1419 4716 ,ι
1458 4705 1478 4716 .
1657 4708 1681 4716 -

1841 4628 2066 4683 cbalem.
2100 4628 2192 4685 Ille
2215 4642 2395 4687 autem
2444 4644 2496 4689 et
2545 4649 2736 4693 omnes
2773 4640 3025 4698 lubenter
3065 4604 3294 4716 aspersit,
3328 4663 3402 4716 et,

132 4699 319 4751 τέλεον
372 4698 535 4751 αὑτὸν
575 4697 914 4769 ἀπορρῆξαι,
965 4700 1060 4752 καὶ
1123 4703 1341 4773 μακρὰν
1395 4703 1566 4757 θεῖναι
1622 4708 1719 4776 τῆς

133 4793 375 4862 ποίμνης
426 4792 674 4862 ἴσχυσας,
734 4793 815 4857 αῖ,
854 4793 934 4857 σῖ,
968 4794 1059 4847 τὸν
1096 4789 1261 4848 καλὸν
1314 4798 1568 4867 ποιμένα,
1624 4799 1719 4851 καὶ

130 4888 437 4958 ὀφθαλμοῖς
503 4888 807 4957 ἀγρόπνοις
870 4890 1039 4972 αυτῆς
1097 4893 1515 4963 προϊστάμενον.
1572 4894 1717 4965 Πλὴν

130 4983 268 5035 ἀλλὰ
298 4984 423 5035 τίνα
447 4984 650 5053 τρόπον
677 4982 854 5036 πάντα
885 4983 1106 5054 συνέϐη,
1125 4986 1219 5038 καὶ¹
1242 4986 1407 5039 πόθεν
1432 4988 1463 5057 η
1489 4988 1714 5059 ἀφορμὴ

130 5075 204 5144 τῷ
236 5075 421 5145 φθόνῳ
450 5074 544 5127 τοῦ
577 5074 795 5129 τοσοῦδε
836 5074 1045 5141 κακοῦ;

1825 4728 1883 4773 ut
1930 4735 2048 4776 mos
2100 4733 2202 4787 est,
2228 4739 2418 4793 pacem
2446 4726 2525 4781 eis
2557 4736 2642 4783 est
2672 4744 2947 4799 precatus.
2979 4737 3043 4790 Et
3072 4740 3148 4793 sic
3184 4743 3404 4810 quidem

1823 4814 2061 4869 Ecclesia
2081 4832 2203 4871 cum
2225 4833 2383 4872 suum
2404 4834 2665 4889 sponsum
2698 4829 3019 4897 accepisset,
3056 4843 3110 4887 et
3137 4852 3256 4904 qua:
3288 4855 3405 4893 eam

1822 4905 2280 4974 circumsistebat,
2326 4920 2456 4966 tunc
2482 4913 2734 4971 solvisset
2768 4920 3066 4992 tristitiam,
3098 4926 3322 4984 ﬂorebat
3353 4943 3404 4986 et

1822 4997 2161 5068 germinabat
2189 5001 2404 5072 irrigata
2430 5006 2766 5063 suavissimis
2796 5014 3084 5070 verborum
3120 5021 3237 5089 ejus
3280 5022 3403 5076 furi-

1823 5088 1987 5145 tibus.
2015 5091 2146 5161 Sed,
2176 5109 2209 5148 ο
2229 5095 2453 5157 invidia.
2475 5100 2674 5153 malum
2697 5101 2979 5169 invictum,
3003 5112 3225 5175 malum,
3260 5119 3403 5182 quod

128 5185 347 5238 semper
398 5168 554 5223 bonis
605 5168 914 5224 insidiatur.
969 5168 1088 5224 Tibi
1130 5171 1275 5226 enim
1328 5175 1554 5233 omnino
1602 5193 1711 5234 non
1751 5179 1947 5238 licebat
2011 5185 2315 5255 quiescere,
2376 5206 2553 5261 neque
2586 5194 2688 5247 ulla
2729 5204 2781 5251 te
2804 5201 2949 5269 cepit
2981 5203 3203 5260 satietas
3226 5212 3407 5264 conti-

128 5278 364 5323 nuorum
407 5266 728 5331 insultuum,
763 5265 958 5331 donec,
988 5280 1023 5319 o
1050 5282 1193 5321 θωνα
1219 5276 1274 5322 et
1338 5273 1588 5341 agrestis,
1625 5289 1747 5329 eum
1788 5278 1999 5333 valuisti
2060 5282 2282 5337 omnino
2310 5284 2634 5355 abrumpere
2661 5299 2717 5343 et
2754 5295 2939 5361 procul
2972 5311 2999 5350 a
3036 5312 3194 5369 grege
3230 5320 3408 5358 remo-

129 5379 275 5430 vere,
303 5362 412 5417 heu
438 5363 452 5416 !
488 5360 628 5415 heu!
658 5361 861 5415 bonum
891 5370 1188 5431 pastorem,
1215 5372 1272 5418 et
1303 5365 1395 5434 qui
1424 5366 1774 5437 vigilantibus
1836 5374 2008 5429 oculis
2062 5376 2110 5430 ei
2156 5386 2405 5447 praeerat.
2435 5378 2540 5435 Sed
2580 5398 2815 5452 quonam
2865 5391 3025 5445 modo
3054 5392 3167 5450 haec
3204 5414 3407 5454 evene-

129 5466 275 5517 runt,
306 5467 361 5509 et
392 5453 662 5508 undenam
691 5469 879 5509 rursus
901 5456 1117 5510 invidiaz
1144 5456 1277 5511 tanti
1305 5458 1432 5514 mali
1457 5461 1712 5517 occasio?

193 5550 331 5606 MZ'.
374 5551 553 5621 Στήλη
592 5568 676 5615 τις
704 5552 923 5623 ἀργυρᾶ
968 5556 1067 5623 τῆς
1110 5552 1384 5623 βασιλίδος
1414 5559 1581 5626 ἐγγύς
1607 5578 1711 5614 που

125 5646 219 5699 τοῦ
272 5646 447 5717 ἱεροῦ,
476 5640 521 5715 ᾧ
565 5648 735 5717 Σοφία
789 5648 1097 5718 ἐπώνυμον,
1132 5650 1227 5703 ἐπὶ⁵
1278 5651 1455 5715 κίονος
1494 5648 1581 5723 ἦν.
1624 5654 1711 5707 Ἐν

132 5739 306 5812 ταύτῃ
345 5740 593 5811 συνήθως
630 5741 897 5812 δημώδεις
922 5742 1240 5813 ἡθροίζοντο
1264 5743 1492 5798 παιδιαί.
1530 5746 1710 5816 Ὅπερ

127 5833 154 5884 ὁ
186 5831 360 5903 μέγας
401 5831 559 5912 ὓβριν
600 5830 739 5888 εἶναι
793 5833 885 5888 τοῦ
934 5832 1061 5887 ναοῦ
1106 5833 1489 5907 λογισάμενος,
1520 5839 1607 5892 διὰ
1652 5840 1711 5892 τὸ

1894 5560 2102 5617 XLVII.
2170 5565 2360 5621 Statua
2422 5569 2667 5637 quaedam
2724 5585 2981 5645 argentea
3043 5582 3404 5654 imperatricis

1822 5670 1987 5725 prope
2048 5658 2332 5727 templum,
2395 5663 2480 5715 cui
2537 5680 2835 5736 cognomen
2869 5681 2953 5727 est
3009 5673 3229 5747 Sophia,
3285 5695 3401 5737 erat

1820 5761 1984 5818 super
2024 5749 2356 5812 columnam.
2397 5754 2453 5807 ln
2485 5771 2545 5809 ea
2586 5757 2653 5812 de
2686 5776 2838 5817 ntere
2890 5764 3089 5822 ﬂebant
3126 5771 3234 5826 ludi
3276 5777 3399 5843 qui-

1822 5842 1942 5896 dam
1992 5842 2213 5911 publici.
2262 5844 2415 5912 Quod
2468 5850 2687 5919 quidem
2724 5870 2846 5911 cum
2874 5874 3102 5932 magnus
3134 5866 3219 5921 ille
3252 5842 3402 5923 recte
