4178 6484
161 454 302 522 1171

1231 450 1404 509 VITA
1445 449 1502 509 S.
1545 448 1867 510 JOANNIS
1902 449 2462 510 CHRYSOSTOMI.

3301 447 3440 514 1178

157 590 331 640 μητος
365 569 736 633 ὲξελαυνεται,
758 567 854 621 καὶ
875 566 996 619 οὐδὲ
1029 566 1206 636 ἐαυτῷ
1236 565 1578 635 ἐπεισῆλθεν,
1599 565 1734 619 ἀλλὰ

1850 565 2031 634 pulsus
2053 566 2400 626 Athanasius.
2422 564 2618 620 deinde
2643 565 2986 620 occasionem
3013 573 3229 625 nactus.
3264 577 3360 634 per
3382 583 3438 619 se

153 667 230 732 τῷ
271 664 351 733 τῷ
399 663 614 733 κράτει,
653 663 840 731 φησὶν,
870 659 1041 724 εἴξας,
1075 653 1121 712 ὧ
1169 659 1413 729 βασιλεῦ,
1454 659 1655 726 μᾶλλον
1684 658 1741 711 δὲ

156 753 426 824 βιασθείς.
445 755 610 817 Τέλος
644 752 940 822 ὑπογραψά
959 771 1147 817 .ωσαν,
1176 754 1225 804 οἱ
1254 751 1353 820 τῆς
1372 751 1620 803 Ἰωάννου
1651 751 1746 804 καὶ

152 849 293 900 (θεοῦ
333 850 528 919 μοίρας
571 844 746 910 εἷπον,
799 843 943 900 οὗτοι
995 845 1143 914 (τοὺς
1189 845 1318 912 περὶ
1365 845 1454 896 τὸν
1490 843 1746 896 Ἀκάκιον

155 945 248 992 καὶ
284 943 563 1010 ’Λντίοχον
585 939 854 1006 λέγοντες)
881 940 930 990 ci
957 937 1255 1007 ὀρθιδόξων
1273 931 1525 988 ,εἶναιτδν
1547 936 1745 987 κανόνα

155 1034 553 1103 διατεινόμενα
593 1035 687 1101 τῆς
720 1031 891 1100 αὐτῆς
927 1025 1066 1082 εἷναι
1095 1028 1327 1090 πίστεως
1357 1029 1468 1090 τοῖς
1499 1027 1741 1079 ἐκτεθει-

153 1130 301 1191 κόσι,
327 1129 420 1180 καὶ
453 1126 816 1183 διαλύουσι.τδ
847 1121 1165 1193 ἀμφίϐολον.
1203 1119 1501 1190 Ἐπῄνεσεν
1533 1123 1559 1172 6
1588 1120 1742 1186 βασι-

157 1221 283 1281 λεὺς
340 1221 398 1271 τὸ
444 1218 758 1288 εἰρημένον,
795 1216 869 1277 ὼς
922 1214 1104 1274 καλῶς
1156 1213 1313 1281 ἔχον,
1371 1214 1462 1264 καὶ
1509 1212 1751 1278 γίνεσθαι

159 1310 336 1372 οὕτως
394 1311 731 1379 ἐπέτρεπεν·
787 1308 833 1357 ol
887 1305 940 1356 δὲ
991 1305 1290 1372 ὑπέσχοντο
1332 1303 1430 1370 μὲν
1482 1305 1753 1371 ποιήσειν,

153 1403 462 1470 ἀπέσχοντο
503 1401 560 1452 δὲ
608 1401 669 1451 τὸ
703 1398 777 1468 μὴ
829 1395 1072 1464 ἀσφαλὲς
1126 1393 1219 1447 τοῦ
1275 1393 1599 1463 πράγματος
1652 1395 1756 1446 ὑπ-

154 1493 550 1554 ο-ττεύσαντες.

1851 659 2059 712 rediit:
2116 669 2172 712 et
2220 661 2362 728 quod
2410 659 2650 713 Joannes
2698 675 2766 712 ne
2816 659 2967 728 prius
3021 660 3239 726 quidem
3279 658 3438 712 fuerit

1848 750 2151 819 depositus,
2187 759 2240 802 et
2281 765 2454 818 neque
2486 766 2578 817 per
2611 765 2669 802 se
2701 765 2887 803 rursus
2926 759 3072 802 esset
3109 750 3386 818 ingressus
3422 768 3435 803 :

1851 844 1943 896 sed
1979 852 2071 897 tuo
2101 843 2304 897 cedens
2348 843 2597 912 imperio.
2633 844 2875 902 aiebam.
2907 859 2940 896 o
2973 845 3289 911 imperator,
3330 845 3438 896 imo

1855 952 1982 990 vero
2011 953 2106 1005 per
2143 939 2246 990 vim
2282 947 2523 991 c0actus.
2573 937 2856 991 Postremo
2901 937 3269 991 inseribantur
3302 939 3434 1006 (to),

1852 1029 2126 1092 dicebant,
2180 1030 2213 1082 ii
2256 1030 2345 1098 qui
2387 1039 2514 1084 sunt
2543 1030 2767 1083 Joannis
2796 1040 2847 1085 et
2881 1029 2969 1083 Dei
3003 1032 3192 1099 partis.
3228 1041 3279 1084 et
3323 1031 3434 1090 isti.

1855 1122 2107 1176 Acacium
2144 1122 2387 1177 dicentes
2433 1132 2486 1176 et
2527 1123 2875 1186 Antiochum,
2926 1123 3018 1192 qui
3069 1124 3433 1177 orthodoxum

1855 1214 2128 1268 allirmant
2157 1231 2281 1270 esse
2311 1231 2579 1270 eanonem
2615 1233 2627 1280 ;
2662 1226 2717 1270 et
2746 1215 3015 1270 fateantur
3046 1233 3103 1270 se
3134 1233 3255 1270 esse
3287 1218 3433 1285 ejus-

1854 1298 1976 1361 dem
2011 1307 2154 1373 fidei,
2193 1309 2348 1376 cujus
2401 1310 2458 1372 ii,
2495 1311 2584 1378 qui
2619 1310 2906 1364 ediderunt
2961 1328 2972 1362 :
3005 1319 3058 1363 et
3096 1312 3172 1363 sic
3208 1311 3437 1362 solvitur

1859 1399 1934 1462 id,
1967 1401 2033 1455 de
2066 1417 2172 1471 quo
2215 1403 2516 1457 dubitatur.
2549 1403 2809 1458 Laudavit
2842 1405 2983 1472 quod
3024 1404 3225 1458 dictum
3260 1406 3433 1458 fuerat

1861 1494 2177 1563 imperator,
2230 1507 2288 1550 ut
2336 1498 2482 1566 quod
2532 1508 2676 1551 recte
2719 1515 2776 1551 se
2809 1499 3050 1557 haberet,
3084 1508 3137 1550 et
3171 1499 3246 1551 sie
3275 1499 3435 1566 jussit

155 1606 250 1643 eos
306 1593 506 1643 facere.
575 1591 648 1643 Illi
710 1601 891 1644 autem
937 1604 997 1642 se
1051 1587 1290 1640 facturos
1342 1587 1557 1655 quidem
1609 1597 1738 1641 sunt
1777 1590 2019 1658 polliciti,
2055 1609 2165 1662 prae
2224 1609 2283 1648 se
2315 1594 2572 1652 ferentes.
2636 1609 2695 1648 se
2730 1595 3002 1649 conﬁdere
3059 1597 3436 1650 :desziterunt

156 1695 309 1744 \ero,
348 1691 405 1733 ut
446 1681 536 1749 qui
562 1682 670 1734 sint
699 1680 957 1750 suspicati
997 1694 1109 1732 rem
1147 1679 1371 1734 minime
1398 1694 1519 1734 εοεαε
1547 1690 1739 1733 tutam.

225 1797 370 1851 MII'.
419 1799 504 1851 Ἐν
527 1799 735 1862 τούτοις
764 1800 872 1850 τῶν
929 1798 1268 1867 πραγμάτων
1297 1797 1484 1859 ὄντων,
1521 1798 1612 1849 καὶ
1642 1796 1736 1850 τοῦ

1915 1797 2144 1852 XLVIII.
2188 1798 2324 1853 Cum
2355 1814 2441 1852 res
2467 1799 2536 1853 ita
2571 1815 2627 1854 se
2664 1801 2949 1866 haberent,
2988 1812 3040 1856 et
3077 1804 3165 1858 ille
3197 1807 3417 1874 quidem

157 1894 258 1961 μὲν
291 1893 367 1954 ὡς
394 1893 591 1961 ἄριστα
623 1893 721 1960 τὴν
766 1892 1096 1960 Ἐκκλησίαν
1129 1889 1404 1951 διέποντος
1448 1891 1565 1953 ἔτος
1600 1893 1748 1943 ἔντε-

155 1987 245 2048 λὲς
293 1987 436 2055 μετὰ
469 1986 564 2055 τὴν
592 1987 911 2055 ἀνάκλησιν,
950 1985 1059 2038 τῶν
1092 1986 1146 2039 δὲ
1175 1987 1238 2038 τὰ
1272 1985 1485 2038 ἑαυτῶν
1529 1985 1749 2038 ποιούν-

156 2100 293 2142 των,
361 2080 456 2130 καὶ
486 2079 538 2130 τί
601 2080 674 2148 μὴ
725 2078 1038 2140 κινούντων,
1088 2078 1230 2131 ὥστε
1286 2079 1378 2130 τὸν
1454 2079 1610 2145 ἅγιον
1650 2077 1744 2130 τοῦ

157 2173 352 2240 θρόνου
396 2175 753 2238 καταγαγεῖν,
808 2172 1036 2242 ἐπείπερ
1066 2173 1098 2241 ἠ
1124 2171 1214 2223 τοῦ
1255 2170 1447 2240 Πάσχα
1471 2169 1743 2241 παρέϐαλ-

155 2263 247 2313 λεν
282 2265 469 2333 ἑορτὴ,
492 2264 598 2315 τῶν
617 2263 824 2331 συχνῶν
855 2264 1175 2332 ὀχλήσεωνό
1198 2260 1737 2332 βασιλεὺς-ἡττηθεὶς,

155 2359 311 2426 δηλοί
370 2358 449 2427 τῷ
513 2357 824 2426 πατριάρχῃ
854 2359 950 2424 τῇς
1018 2356 1343 2424 Ἐκκλησίας
1395 2354 1745 2421 ὑπεξελθεῖν,

157 2451 265 2501 ὑπὸ
301 2449 540 2500 συνόδων
570 2447 668 2517 ἤδη
695 2448 838 2498 δυεῖν
865 2448 1370 2516 καταψηφισθέντα.
1406 2447 1548 2517 Πρὸς
1580 2447 1749 2500 ταῦτα

159 2540 506 2612 τοιγαροῦνό
559 2542 754 2610 μέγας,
788 2541 988 2592 Εἴπατε
1040 2541 1115 2609 τῷ
1149 2541 1376 2606 βασιλεῖ,
1436 2542 1560 2608 ἔφη.
1610 2539 1747 2606 Ἐγὼ

165 2635 313 2702 παρᾶ
354 2631 445 2683 τοῦ
485 2633 618 2683 θεοῦ
643 2635 731 2684 καὶ
753 2631 1008 2701 Σωτῆρος
1041 2634 1138 2702 τὴν
1175 2631 1498 2700 Ἐκκλησίαν
1531 2633 1748 2702 ἐπιτρα-

164 2733 307 2790 πείς,
357 2728 710 2797 ὑποχωρῆσαι
748 2728 951 2796 ταύτης
1001 2727 1143 2779 ἑκὼν
1198 2729 1534 2784 δέδοικα.,Ει
1577 2727 1633 2781 δέ
1667 2745 1747 2780 σοι

162 2819 320 2871 τοῦτο
355 2821 491 2872 κατὰ
523 2817 771 2889 γνώμην,
806 2811 851 2872 ὧ
873 2818 1114 2888 βασιλεῦ,
1149 2818 1282 2872 ἀλλὰ
1323 2819 1413 2890 βία
1439 2837 1504 2891 με
1544 2819 1746 2890 ταύτης

164 2913 386 2976 ἓξωσον,
435 2913 497 2962 ἶν’
545 2912 653 2980 ἔχω
701 2912 798 2982 τῆς
824 2913 983 2964 οἱονεὶ
1030 2911 1376 2979 λειποταξίας
1427 2913 1744 2981 ἀπολογίαν,

164 3008 261 3076 τήν
286 3023 344 3057 τε
377 3007 474 3074 σὴν
535 3007 804 3069 ἐξουσίαν,
870 3009 963 3062 καὶ
1016 3008 1114 3074 τὴν
1167 3007 1299 3076 ἐμοῦ
1329 3009 1476 3076 παρὰ
1514 3007 1741 3076 γνώμην

165 3097 336 3165 αὐτῆς
371 3097 710 3164 κατάλειῲιν.
747 3097 1069 3166 Πέμψαντες
1097 3099 1295 3160 τοίνυν,
1348 3099 1442 3166 τῆς
1493 3099 1592 3168 μὲν
1633 3102 1739 3151 λει-

1857 1908 2000 1946 anno
2038 1894 2247 1962 integro
2275 1894 2478 1962 optime
2515 1895 2925 1949 administraret
2969 1897 3270 1951 Ecclesiam
3314 1909 3436 1968 post

1857 1989 2257 2043 revocationcm
2287 2008 2298 2042 :
2330 1990 2414 2042 isti
2454 2001 2658 2052 autem.
2697 2007 2816 2060 qua:
2856 1992 2956 2046 sibi
2997 2004 3151 2046 erant
3194 1998 3429 2063 propria,

1854 2084 2093 2137 faverent
2135 2101 2147 2136 :
2191 2099 2254 2136 ea
2305 2098 2434 2136 vero
2475 2094 2627 2137 erant
2678 2097 2822 2139 artes
2863 2096 2917 2140 et
2970 2089 3280 2157 imposmrae
3325 2110 3336 2143 :
3382 2102 3432 2144 et

1852 2177 1979 2245 quid
2016 2192 2125 2229 non
2155 2189 2456 2241 moverent,
2484 2189 2541 2230 ut
2570 2179 2827 2233 Sanctum
2855 2199 2883 2233 e
2915 2181 3042 2234 sede
3073 2182 3430 2249 deponerent,

1852 2268 2066 2323 etiamsi
2101 2284 2210 2321 non
2261 2269 2536 2337 potuerint
2572 2270 2690 2337 ejus
2742 2272 2964 2339 spiritus
2989 2273 3262 2342 dejicere?
3295 2275 3428 2328 Cum

1854 2361 2067 2414 adeSset
2129 2361 2299 2416 festus
2354 2363 2468 2415 dies
2523 2362 2762 2424 Pasclnn.
2801 2381 2828 2418 a
2891 2369 3075 2420 multis
3142 2370 3428 2432 molestiis,

1852 2467 1984 2517 quas
2037 2449 2084 2503 ei
2131 2452 2499 2505 exhibuerunt
2542 2453 2649 2515 isti,
2681 2454 2856 2507 \ietus
2909 2457 3224 2525 imperator,
3263 2459 3431 2529 signi-

1854 2540 1973 2593 ficat
2012 2540 2350 2610 patriarchae,
2380 2550 2435 2593 ut
2465 2542 2690 2595 excedat
2740 2560 2801 2596 ex
2834 2547 3085 2610 ecclesia,
3114 2557 3170 2600 ul
3198 2550 3286 2618 qui
3321 2553 3427 2617 jam

1852 2646 1877 2682 a
1911 2631 2119 2683 duabus
2149 2631 2368 2702 synodis
2420 2634 2490 2684 sit
2525 2632 2944 2688 condemnatus.
2973 2636 3172 2691 Adlnrc
3203 2656 3428 2709 magnus

1852 2723 1939 2775 ille
1981 2721 2218 2777 Joannes
2255 2739 2268 2775 :
2322 2723 2455 2793 Ego,
2493 2724 2690 2793 inquit,
2740 2726 2827 2779 cui
2885 2723 3027 2782 Deus
3058 2739 3110 2783 et
3173 2733 3430 2786 Senator

1851 2813 2150 2869 Ecelesiam
2200 2816 2421 2870 tradidit
2474 2819 2798 2888 regendam,
2836 2820 2903 2874 ab
2942 2836 3004 2874 ea
3056 2837 3171 2876 mea
3235 2838 3428 2893 sponte

1855 2923 2046 2963 vereor
2088 2908 2366 2963 recedere.
2395 2909 2487 2962 Sin
2533 2920 2712 2964 autem
2748 2914 2845 2966 hoc
2892 2914 2959 2966 ita
2991 2915 3086 2967 tibi
3123 2918 3353 2983 videtur,
3397 2939 3428 2973 o

1854 3004 2165 3070 imperator,
2206 3012 2259 3055 at
2293 3018 2378 3055 me
2412 3019 2474 3056 ex
2526 3019 2586 3056 ea
2631 3005 2677 3056 \l
2719 3006 2944 3072 expelle.
2983 3018 3038 3058 ut
3088 3025 3172 3059 me
3225 3012 3424 3077 possim

1849 3099 2071 3150 omnino
2103 3097 2414 3157 defendere,
2470 3098 2610 3166 quod
2648 3100 2836 3150 ordine
2876 3101 2953 3151 ιρι
2989 3101 3033 3151 τί
3068 3107 3423 3158 deseruerint.

161 3189 426 3258 τουργίας
467 3189 626 3241 αὐτὸν
659 3188 959 3258 ἀπέχεσθαι
983 3188 1453 3259 παραγγέλλουσι,
1496 3167 1586 3260 τῷ
1619 3194 1739 3244 tm-

1850 3193 1926 3246 Ad
1963 3209 2086 3245 eum
2124 3192 2304 3260 itaque
2336 3193 2613 3244 mittentes
2668 3193 2957 3260 prohibent
3005 3197 3221 3262 quidem
3259 3201 3423 3252 sacri-

166 3283 410 3349 σκοπείῳ
463 3281 517 3332 δὲ
560 3283 621 3333 τὸ
679 3284 851 3352 παρὸν
913 3281 1270 3362 ἐνδιατρίϐειν
1324 3284 1739 3354 παραχωρνιῦσι,

164 3373 468 3436 δείσαντες,
515 3366 694 3441 οἶμαι,
754 3372 828 3441 μή
875 3389 928 3423 τι
986 3373 1147 3426 πάλιν
1189 3373 1282 3426 καὶ
1337 3374 1468 3436 Θεὸς
1535 3375 1743 3429 ἄνωθεν

163 3464 459 3533 ἐπιδικάσῃ
488 3467 552 3534 τῇ
580 3464 772 3538 τόλμῃ,
827 3465 920 3516 καὶ
968 3466 1031 3517 ἶν’
1082 3465 1251 3533 ἐγγὺς
1299 3465 1460 3518 αὐτὸν
1527 3466 1742 3535 ἔχοντες

163 3557 567 3624 διορθώσοιντο.
619 3557 802 3621 Οὕτως
847 3554 940 3611 οὖν
994 3559 1209 3623 ιδιάζων
1250 3558 1452 3628 μεταξὺ
1497 3559 1680 3628 διῆγεν
1718 3562 1744 3612 6

169 3651 345 3717 μέγας
403 3648 690 3713 διαλέξεών
713 3666 772 3700 τε
806 3651 898 3702 καὶ
944 3649 1054 3701 τῶν
1116 3649 1294 3703 καλῶν
1349 3651 1444 3719 τῆς
1498 3650 1741 3718 γλώττης

168 3743 460 3809 ῥευμάτων
515 3741 855 3810 εἰργόμενος.
904 3741 1055 3793 Ἐπεὶ
1080 3742 1136 3794 δὲ
1175 3745 1266 3794 καὶ
1299 3745 1330 3812 ἡ
1359 3742 1452 3794 τοῦ
1503 3743 1740 3811 μεγάλου

166 3835 448 3886 Σαδῦάτου
492 3836 671 3904 ἡμέρα
708 3831 792 3904 ἦν,
822 3837 847 3886 ὁ
881 3835 1134 3903 βασιλεὺς
1172 3837 1296 3899 τοὺς
1331 3840 1454 3905 περὶ
1492 3837 1742 3889 Ἀκάκιόν

165 3945 220 3978 τε
259 3930 354 3978 καὶ
387 3928 660 3996 Ἀντίοχον
721 3927 1230 3997 μεταστειλάμενος,
1260 3931 1311 3980 τί
1352 3930 1459 3981 δέοι
1486 3932 1742 3999 πράττειν

166 4019 379 4084 ἠρώτα.
441 4019 701 4070 Σκοπεῖτε
761 4019 887 4088 γὰρ,
945 4019 1072 4088 ἔφη,
1117 4023 1209 4072 καὶ
1235 4022 1487 4083 εἰκαλώς
1542 4022 1742 4090 ἔχειτὰ

167 4109 301 4177 παρ’
338 4111 491 4177 ὑμῶν
539 4111 924 4179 εἰσηγούμενα.
962 4113 1022 4162 Οἱ
1068 4111 1145 4176 δὲ,
1191 4112 1313 4164 Ἐπὶ
1356 4113 1452 4180 τὴν
1504 4115 1742 4184 κεφαλὴν

167 4203 346 4272 ἡμῶν,
401 4198 572 4266 εἷπον,
625 4206 656 4269 ἡ
705 4204 948 4256 Ἰωάννου
978 4206 1314 4274 καθαίρεσις,
1343 4207 1557 4257 ἐοικότα
1585 4209 1743 4277 τυχὸν

165 4300 303 4360 τοῖς,
338 4296 412 4346 Τὸ
446 4291 582 4364 αἷμα
627 4295 788 4348 αζτοῦ
825 4295 907 4364 ἐφ’
939 4297 1106 4367 ἡμᾶς,
1135 4295 1369 4359 εἰποῦσι,
1399 4299 1492 4349 καὶ
1522 4299 1578 4349 οὐ
1610 4299 1741 4351 πολὺ

167 4391 357 4458 πόρ;ἰω
390 4391 484 4457 τῆς
537 4390 759 4458 γνώμης
804 4390 985 4441 αὐτῶν
1026 4388 1411 4457 φθεγξάμενοι.
1440 4389 1742 4452 Καὶοΰτως

165 4485 386 4551 ἐρήμην
453 4481 922 4549 καταψηφίζονται
979 4483 1070 4534 τοῦ
1137 4483 1368 4544 δικαίου,
1420 4484 1553 4552 μήτε
1579 4483 1819 4580 λόγουῡ

169 4575 511 4643 μεταδόντες,
565 4576 649 4640 ἐφ’
692 4569 770 4635 οἷς
819 4574 1201 4643 κατηγόρουν,
1264 4575 1387 4644 μήτ’
1440 4574 1734 4640 ἀπολογίαν

165 4666 457 4734 ἡντιναοῦν
489 4667 614 4736 παρ’
648 4668 855 4718 ἐκείνου
883 4666 1184 4735 δεξάμενοι.
1220 4666 1385 4718 Ταῦτ’
1407 4663 1499 4718 οὖν
1539 4667 1737 4736 μαθόνο

165 4778 257 4821 τες
317 4761 366 4810 οῖ
429 4759 526 4826 τῆς
583 4757 827 4811 Ἰωάννου
899 4759 1138 4826 μερίδος,
1176 4761 1359 4828 οἱμὲν
1428 4761 1738 4824 ἐπίσκοποι,

166 4853 315 4922 λύπῃ
339 4853 434 4902 καὶ
459 4850 684 4917 δάκρυσι
711 4851 891 4913 δόντες
935 4854 1182 4914 ἑαυτοὺς,
1244 4855 1359 4914 ταῖς
1393 4855 1741 4918 καταγωγαῖς

166 4942 464 5014 ἡσύχαζον
520 4944 683 5011 ἱερεῖς
715 4943 882 4996 δὲκαὶ
915 4944 1031 4995 ὅσοι
1067 4944 1161 4997 τοῦ
1189 4945 1391 5014 κλήρου
1423 4946 1478 4998 ἐν
1501 4962 1610 4998 τισι
1638 4945 1744 4998 τῶν

167 5035 478 5104 εικτηρίων
514 5035 677 5086 οἴκων
719 5036 845 5103 περὶ
881 5037 970 5087 τὸν
999 5035 1183 5096 τόπον,
1244 5035 1301 5098 ὃς
1368 5037 1746 5088 Κωνσταντια-

169 5132 256 5182 ναί
290 5129 528 5194 λέγεται,
576 5127 951 5197 συναγόμενοι,
1003 5129 1140 5197 μετὰ
1193 5129 1387 5180 πολλοῦ
1421 5128 1511 5181 τοῦ
1561 5129 1747 5180 συνδτ-

166 5222 515 5290 δραμηκότος
559 5221 794 5290 πλήθους
848 5221 954 5272 τῶν
1020 5221 1179 5292 ἱερῶν
1243 5221 1429 5290 ὓμνων
1490 5221 1584 5274 καὶ
1644 5221 1743 5290 τῆς

169 5314 436 5382 συνήθους
486 5316 692 5381 εἴχοντο
729 5314 1054 5381 δοξολογίας,
1097 5313 1475 5383 βαπτίσματός
1509 5331 1566 5364 τε
1598 5314 1742 5365 θείου

167 5409 294 5467 τοὺς
349 5407 670 5474 προσιόντας
692 5405 897 5472 ἠξίουν.
938 5405 1224 5466 Δείσαντες
1256 5403 1347 5457 οὖν
1377 5408 1423 5457 οἱ
1463 5406 1555 5457 τοῦ
1582 5423 1744 5474 πονη-

172 5500 265 5568 ροῦ
326 5498 624 5567 συνεδρίου,
660 5497 734 5568 μὴ
757 5497 832 5568 τῷ
871 5497 997 5567 ἱερῴ
1035 5497 1379 5567 προσϐαλὼν,
1432 5499 1505 5560 ὡς
1530 5498 1675 5562 ἔθος,
1717 5499 1743 5550 6

240 5642 284 5670 ³⁸
321 5639 512 5692 Slatth.
537 5653 705 5700 χχι-ιι,
730 5637 822 5692 '25.

240 5775 354 5838 140)
389 5773 658 5840 Elpidium
690 5772 966 5825 Laodicea:
1005 5770 1170 5841 Syria:
1198 5770 1511 5838 episcopum
1545 5767 1730 5841 fuisse.

173 5856 439 5899 memorat
477 5859 538 5897 ex
571 5843 804 5895 Palladio
842 5840 1156 5910 Baron.’qui
1188 5842 1347 5906 hujus
1383 5854 1559 5893 causa:
1589 5840 1734 5894 deci-

171 5930 381 5971 sionem
426 5914 736 5981 perlacllem
775 5915 1079 5982 imperatori
1111 5912 1470 5982 proposuerit.

1849 3283 2051 3336 Iicare:
2088 3281 2391 3335 concedunt
2431 3291 2629 3342 autent,
2668 3293 2722 3334 ut
2776 3283 2828 3333 in
2869 3296 3150 3352 pra-senta
3205 3290 3425 3355 quidem

1846 3386 2095 3429 versetur
2143 3376 2195 3427 in
2246 3372 2595 3443 episcopatu;
2669 3376 2940 3440 timentes,
2992 3388 3048 3431 ut
3097 3382 3308 3448 opinor,
3355 3401 3424 3438 nc

1849 3467 1990 3521 Deus
2046 3483 2233 3520 rursus
2268 3467 2502 3536 desuper
2549 3469 2687 3522 ferat
2741 3473 3062 3526 sententiam
3115 3476 3168 3528 in
3230 3493 3420 3531 eorum

1848 3560 2152 3624 audaciam,
2182 3570 2234 3613 et
2278 3569 2336 3613 ut
2367 3577 2533 3630 prope
2563 3577 2684 3614 eum
2718 3561 2999 3628 habentes,
3037 3565 3127 3619 Dei
3158 3568 3291 3622 iram
3327 3587 3422 3640 per

1849 3655 2024 3722 ipsum
2057 3653 2375 3721 reprimant.
2403 3653 2492 3706 Sic
2525 3669 2652 3723 ergo
2685 3670 2926 3708 seorsum
2953 3658 3166 3712 interim
3202 3663 3310 3730 egit
3339 3665 3420 3716 \‘ir

1847 3746 1936 3798 ille
1972 3760 2220 3813 magnus,
2248 3761 2470 3798 cessans
2506 3763 2530 3798 a
2579 3749 2922 3802 sermonibus
2954 3761 3006 3803 et
3041 3753 3279 3819 pulchris
3318 3756 3420 3807 liti-

1848 3853 1962 3899 gua:
2025 3837 2260 3889 fluentis.
2312 3837 2448 3890 Cum
2497 3848 2679 3892 autem
2727 3849 2869 3892 esset
2901 3843 3015 3896 dies
3062 3848 3238 3915 magni
3290 3846 3425 3900 Sab~

1848 3928 1956 3980 bati
1994 3927 2126 3994 (41),
2165 3929 2458 3993 impetator
2493 3930 2614 3982 fecit
2652 3932 2792 3998 quod
2834 3949 2940 3985 non
2986 3943 3128 3988 recte
3164 3953 3219 3988 se
3259 3937 3421 3991 habe—

1848 4019 1959 4080 bat,
1996 4035 2094 4072 nec
2145 4020 2307 4072 animi
2357 4033 2472 4073 erat
2514 4023 2863 4090 imperatorii.
2900 4029 3186 4080 Accersitis
3226 4031 3423 4085 Aeacio

1848 4121 1901 4163 et
1930 4109 2218 4175 Antiocho,
2255 4112 2461 4180 rogarit
2487 4114 2743 4180 quidnam
2769 4125 3038 4180 oporteret
3075 4120 3275 4172 facere.
3316 4121 3417 4174 Sed

1849 4217 2084 4275 oportet,
2112 4207 2306 4274 inquit,
2337 4208 2703 4269 considerare,
2737 4224 2802 4261 an
2839 4210 2945 4262 Deo
2976 4223 3122 4278 grata
3149 4218 3273 4274 sint,
3306 4234 3421 4282 qua-

1848 4314 1875 4350 a
1904 4299 2056 4352 vobis
2107 4301 2260 4353 fiunt.
2307 4300 2380 4352 Illi
2426 4311 2607 4354 autem
2642 4303 2790 4369 (quid
2839 4305 2983 4356 enim
3021 4316 3136 4358 erat
3171 4308 3249 4359 eis
3283 4308 3425 4363 Deus

1847 4406 1990 4442 cura!
2010 4392 2070 4459 ?),
2106 4391 2157 4442 In
2193 4401 2460 4448 nostrum,
2498 4392 2772 4459 inquiunt,
2803 4394 2988 4446 redeat
3019 4396 3422 4463 caputJoannis

1848 4483 2114 4550 depOsitio
2148 4501 2158 4535 ι
2187 4483 2380 4534 similia
2420 4483 2502 4545 iis,
2535 4489 2625 4552 qui
2657 4485 2911 4538 dixerunt
2941 4506 2951 4537 :
2997 4504 3014 4535 ι
3044 4490 3275 4556 Sanguis
3303 4493 3421 4558 ejus

1851 4592 2014 4643 Super
2046 4591 2143 4629 nos
2169 4573 2276 4640 ³⁸,ι
2316 4585 2368 4627 et
2414 4591 2520 4627 non
2563 4577 2746 4644 procul
2792 4578 2858 4630 ab
2911 4594 3096 4631 eorum
3131 4583 3420 4646 sententia,

1850 4669 2069 4722 elocuti.
2109 4668 2198 4720 Sic
2233 4669 2508 4720 absentem
2557 4671 2920 4722 condemnant
2969 4673 3140 4724 \‘ll‘lllll
3194 4675 3420 4742 justum,

1852 4777 1973 4813 cum
2022 4774 2119 4812 nec
2152 4761 2217 4812 de
2265 4761 2349 4824 iis,
2384 4776 2616 4828 quorum
2662 4763 3040 4822 accusabatur.
3077 4763 3289 4816 dicendi
3326 4784 3422 4834 po-

1852 4862 2100 4906 testatcm
2133 4852 2181 4905 ei
2216 4852 2612 4920 permisissent,
2641 4855 2783 4928 quod
2817 4863 2900 4906 est
2927 4866 3217 4907 commune
3249 4859 3424 4909 υιιιηὶυ

1849 4943 1972 5003 bus.
2003 4941 2094 5011 qui
2138 4940 2384 5010 judicent
2425 4943 2541 4993 sine
2594 4944 2696 4995 ulla
2745 4944 2908 4995 animi
2957 4947 3366 5012 perturbatione
3406 4966 3419 4996 τ

1849 5047 2028 5099 neque
2058 5032 2126 5086 Ib
2159 5033 2251 5086 ilio
2291 5031 2451 5084 ullam
2483 5033 2824 5100 accepissent
2858 5034 3254 5092 defensionem.
3287 5040 3419 5092 (Iunt

1852 5126 1964 5178 lucc
1979 5136 2156 5177 autem
2184 5124 2540 5184 audivissent,
2565 5126 2654 5193 qui
2681 5136 2878 5178 eranta
2904 5128 3148 5195 partibus
3170 5128 3417 5188 Joannis.

1844 5220 2079 5288 etiis<opi
2136 5219 2353 5287 quidem
2416 5236 2472 5271 se
2504 5219 2666 5270 animi
2723 5220 3023 5288 regritudiui
3072 5221 3336 5275 dedentes
3370 5234 3421 5275 et

1845 5314 2113 5382 Iacrytnis,
2150 5315 2201 5364 in
2253 5314 2461 5382 angulis
2506 5312 2745 5364 latebant
2792 5323 2845 5365 et
2888 5315 3144 5367 silentiun
3192 5317 3421 5385 agebant

1845 5405 1897 5458 in
1971 5403 2336 5456 habitaculis:
2380 5405 2688 5457 sacerdotes
2748 5415 2928 5458 autem
2985 5417 3038 5460 et
3110 5409 3422 5476 quicunth

1846 5506 2002 5552 erant
2035 5512 2101 5549 ex
2147 5497 2324 5561 clero,
2357 5497 2823 5565 congregabantur
2863 5499 2928 5552 ad
2969 5499 3227 5566 quasdam
3277 5501 3419 5554 mdes

1916 5777 2025 5843 (Η)
2059 5775 2212 5836 Nota,
2242 5791 2364 5827 cum
2396 5786 2538 5830 esset
2565 5775 2678 5831 dies
2703 5777 2880 5848 magni
2916 5775 3155 5840 Sabbaii,
3184 5780 3286 5831 hoc
3313 5787 3416 5841 est,

1843 5848 2135 5900 Sabbatum
2168 5856 2436 5901 sanctum.
