4178 6484
783 435 921 502 H79

1997 436 2279 498 MENSIS
2310 438 2763 501 JANUAI’tlUS.

3897 456 4023 519 1180

779 554 1042 619 oratorias
1118 552 1363 620 (vocatur
1395 561 1577 605 autem
1625 550 1777 604 locus
1818 548 2242 619 Constantiana-)
2301 568 2326 607 c

2459 554 2732 622 βασιλεὺς,
2775 555 2871 607 καὶ
2921 555 3013 608 τοῦ
3044 557 3174 612 λαοῦ
3208 562 3446 617 κενωοέν
3475 564 3605 618 αὐτὸ
3664 567 4025 637 θεασάμενος,

778 663 901 702 cum
953 658 1147 712 magna
1194 643 1561 696 concurrisset
1612 641 1924 704 multitudo,
1972 642 2036 695 iis
2088 644 2343 698 omnibus

775 753 917 794 curre
951 745 1107 789 erant
1157 736 1295 789 sacri
1350 734 1533 804 h_vmni
1577 741 1632 787 et
1674 743 1934 788 consueta
1972 734 2290 804 glorifit-atio
2327 755 2339 789 :

773 838 1037 898 praeterea
1071 842 1199 880 vero
1233 841 1327 879 eos
1363 840 1599 894 quoque,
1629 826 1720 894 qui
1774 826 2123 891 accedebant,
2157 826 2343 882 divino

770 922 1132 988 dignahantur
1179 920 1467 987 baptismo.
1525 917 1803 972 Timentes
1832 932 1981 986 ergo,
2039 921 2129 987 qui
2186 930 2342 975 erant

769 1015 1001 1084 improbi
1035 1014 1274 1073 concilii,
1306 1030 1374 1065 ne
1404 1013 1446 1065 si
1488 1016 1537 1066 in
1566 1014 1849 1082 templum,
1883 1024 1943 1067 ttt
1986 1015 2217 1077 solebat,
2246 1030 2341 1069 ve-

769 1108 941 1161 nisset
1003 1108 1315 1176 imperator,
1350 1116 1405 1159 et
1463 1107 1688 1160 vidisset
1745 1107 1795 1160 id
1836 1122 2065 1161 vacuum
2118 1107 2338 1176 populo,

772 1200 897 1253 hinc
932 1197 1146 1266 quidem
1191 1198 1423 1251 sentiret
1474 1198 1653 1266 populi
1702 1198 1753 1250 in
1790 1214 2042 1269 magnum
2073 1198 2339 1253 Joannem

767 1287 1228 1353 benevolentiam,
1286 1303 1477 1342 eorum
1534 1296 1736 1353 autem,
1783 1299 1842 1343 ut
1894 1300 2009 1344 erat
2048 1300 2340 1345 consenta-

766 1396 951 1445 neum,
991 1376 1380 1434 condemnaret
1414 1380 1671 1434 invidiam
1706 1400 1717 1435 :
1762 1382 1999 1436 clliciunt
2032 1391 2090 1436 ut
2119 1384 2336 1452 quidem

766 1471 966 1526 Lucius
996 1473 1102 1525 dux
1134 1473 1361 1526 militum
1385 1475 1597 1525 numeri
1632 1476 1807 1543 gravis
1837 1484 2145 1539 armaturae,
2175 1491 2335 1545 quem

765 1564 929 1616 etiam
975 1562 1113 1615 fama
1174 1571 1293 1616 erat
1324 1577 1445 1616 esse
1490 1563 1743 1632 gentilem
1801 1565 2093 1635 religione,
2137 1567 2336 1621 vadens

764 1664 1085 1710 convocaret
1133 1655 1389 1724 pepulum
1446 1656 1509 1709 ad
1541 1657 1865 1720 ecclesiam,
1923 1659 2336 1713 mansuetudine

765 1747 998 1814 primum
1021 1754 1179 1799 utens
1204 1755 1257 1799 ιι
1286 1745 1657 1815 persuasione,
1683 1746 1799 1815 lege
1831 1747 2065 1801 ut'aiunt
2095 1748 2333 1813 Boeotia;

762 1854 845 1891 SIII
919 1838 1122 1899 minus,
1186 1838 1289 1891 vim
1355 1838 1519 1891 etiam
1587 1838 1833 1901 inferret,
1899 1840 2139 1893 lanceam
2206 1839 2335 1892 mis-

2450 643 2703 713 αἴσθησιν
2733 646 2832 716 μὲν
2862 648 3112 702 ἐντεῦθεν
3153 652 3305 705 λάεοι
3335 658 3433 723 τῆς
3473 656 3566 710 τοῦ
3599 659 3727 712 λαοῦ
3764 661 3912 730 πρὸς
3945 664 4028 714 τὶν

2450 739 2625 807 μέγαν
2647 739 2883 802 εὐνοίας,
2917 741 3095 795 αὑτῶν
3130 743 3185 795 δὲ
3211 744 3510 813 βασκανίαν
3542 750 3699 812 εὐθὺς
3742 755 4028 821 καταγνῷ,

2445 829 2928 898 παρασκευάζουσι
2982 833 3213 886 Λούκιόν
3279 852 3402 890 τινα
3455 838 3549 891 τοῦ
3625 842 3870 910 ἀριθμοῦ
3924 845 4030 895 τῶν

2443 918 2757 990 ὁπλοφόρων
2779 921 3099 991 ἡγούμενον,
3127 924 3185 978 ὃν
3206 929 3299 980 καὶ
3337 929 3571 999 Ἕλληνα
3599 933 3697 1001 τὴν
3722 935 4030 1003 θρησκείαν

2442 1014 2468 1065 ὁ
2491 1013 2599 1065 τῶν
2635 1015 2844 1067 πολλῶν
2877 1013 2989 1085 εἶχε
3036 1018 3212 1085 λόγος,
3243 1023 3571 1086 ἀπελϋόντα,
3610 1025 3670 1076 τὸ
3710 1027 3925 1094 πλῆθος
3954 1032 4030 1089 εἰς

2439 1105 2537 1176 τὴν
2569 1107 2865 1177 ἐκκλησίαν
2886 1111 3388 1179 μετακαλέσασθαι,
3416 1117 3687 1188 ἐπιεικείᾳ
3710 1119 3770 1170 τὸ
3804 1121 4029 1189 πρῶτον

2442 1200 2534 1250 καί
2564 1200 2741 1253 πειθοῖ
2782 1200 3083 1272 χρώμενον,
3123 1208 3170 1257 εί
3216 1206 3260 1258 δ’
3299 1206 3409 1271 οὖν,
3445 1209 3579 1261 ἀλλὰ
3610 1213 3706 1264 καὶ
3748 1211 3877 1279 βίαν
3930 1215 4031 1264 ἐπ-

2440 1293 2685 1356 αγαγεῖν.
2728 1291 2785 1344 ’0
2812 1293 2855 1344 δ’
2886 1294 3047 1359 εὐθὺς
3109 1297 3243 1365 πρὸς
3299 1296 3409 1369 [ῖσ.
3449 1299 3569 1370 σὺν]
3624 1304 4025 1372 τετρακοσίοις,

2437 1375 2517 1452 οἷς
2566 1385 2694 1453 περὶ
2750 1374 2915 1438 αὑτὸν
2943 1380 3111 1456 εἶχεν,
3144 1389 3384 1459 ἑσπέρας
3435 1393 3800 1455 ἐπεισπεσὼν,
3834 1396 4026 1447 ἐκεῖνα

2436 1476 2751 1544 εἰργάσατο,
2788 1477 2824 1531 ἃ
2868 1478 3051 1532 ποθεῖν
3098 1481 3196 1549 μὲν
3251 1484 3373 1543 τοὺς
3418 1483 3750 1553 δεδρακότας
3822 1488 4025 1554 μόνους

2435 1560 2502 1635 ἦν
2529 1566 2675 1631 ἄξιον
2691 1586 2705 1599 ·
2725 1571 2901 1623 εἰπεῖν
2923 1570 2979 1624 δέ
2999 1572 3092 1623 καὶ
3117 1573 3455 1643 διασαφῆσαι
3484 1580 3840 1646 παραχωρεῖν
3871 1582 4025 1647 ἡμᾶς

2438 1660 2713 1729 προσῆκον
2743 1663 2807 1730 τῇ
2852 1662 3114 1734 καλλίστῃ
3175 1665 3457 1731 γλωσσῶν,
3516 1670 3610 1721 καὶ
3651 1669 3780 1738 παρ’
3845 1672 4025 1738 αὑτῆς

2438 1750 2656 1802 ἀκούειν
2702 1752 3079 1824 διηγουμένης.
3171 1758 3339 1821 Αὐτὸς
3396 1761 3500 1830 γὰρ
3555 1760 3742 1833 ὥσπερ
3805 1764 4023 1833 ὑπέστη

2442 1849 2724 1915 γενναίως,
2767 1849 2908 1903 οὕτω
2931 1852 2993 1921 δὴ
3025 1853 3118 1905 καὶ
3148 1856 3506 1922 γενναιότατα
3531 1858 3855 1928 διηγήσατο.
3907 1861 4024 1914 Καὶ

761 1944 890 1983 cens
931 1944 1055 1984 cum
1093 1930 1348 1983 caduceo.
1382 1930 1475 1982 ille
1505 1940 1683 1982 autem
1719 1945 1842 1982 cum
1876 1931 2058 1982 statim
2091 1946 2213 1983 cum
2246 1932 2326 1994 iis,

2440 1911 2547 2008 γὰρ
2605 1911 2938 1997 ἐπιστέλλων
2972 1911 3340 2017 ’.Ιννοκεντίῳ,
3417 1950 3511 2001 καὶ
3548 1911 3644 2003 1:!”
3670 1911 4022 2021 τολμηθέντα

760 2038 898 2093 quos
976 2023 1246 2085 habebat,
1302 2020 1711 2090 quadringentis
1760 2036 1985 2089 vespere
2044 2022 2330 2085 irruisset,

761 2116 850 2169 iila
900 2114 1046 2174 fecit,
1083 2129 1203 2181 quae
1258 2128 1353 2181 par
1404 2120 1520 2164 erat
1559 2125 1655 2163 eos
1707 2111 1853 2163 solos
1912 2111 2044 2178 pati,
2105 2111 2199 2178 qui
2254 2110 2332 2164 fe-

760 2214 990 2259 cerant:
1039 2203 1217 2256 dicere
1246 2212 1430 2253 auicm
1477 2207 1533 2253 et
1580 2199 1849 2268 explicare
1896 2215 2002 2252 non
2040 2214 2137 2253 nos
2169 2213 2329 2268 Opor-

761 2305 871 2358 tet,
929 2296 1023 2349 sed
1069 2293 1121 2348 id
1189 2292 1491 2346 concedere
1541 2290 1618 2343 illi
1677 2290 1873 2359 lingua:
1920 2290 2161 2343 omnium
2215 2292 2326 2360 pul-

757 2386 1081 2447 cherrimce,
1135 2390 1189 2437 et
1233 2397 1350 2435 eam
1387 2380 1577 2434 audire
1632 2390 1969 2434 narrantem.
2008 2381 2128 2449 Ipse
2186 2382 2331 2435 enim

757 2480 897 2532 sicut
930 2475 1145 2529 fortiter
1170 2472 1449 2535 sustinuit,
1482 2472 1553 2524 ita
1578 2472 1738 2524 etiam
1771 2487 1898 2526 vero
1928 2473 2167 2527 narravit
2190 2476 2331 2541 quod

756 2569 971 2622 accidit.
996 2567 1256 2619 Scrihens
1289 2566 1433 2617 enim
1463 2564 1529 2616 ad
1562 2563 1958 2627 Innocentium,
1980 2572 2034 2616 et
2063 2579 2184 2632 qua:
2215 2565 2330 2618 ausi

756 2658 991 2720 fuerant,
1041 2656 1287 2710 oratione
1337 2668 1705 2723 persequens,
1758 2669 1879 2706 eum
1938 2663 2118 2707 autem
2174 2663 2329 2708 antea

755 2752 993 2806 diximus
1040 2747 1344 2802 Romanum
1394 2746 1559 2799 fuisse
1595 2748 1932 2815 episcopum,
1963 2747 2042 2799 sic
2082 2762 2194 2800 rem
2224 2756 2332 2800 tra-

754 2846 915 2898 ctavit
943 2862 954 2897 :
990 2842 1274 2907 Quomodo
1301 2857 1419 2909 qua:
1454 2840 1539 2892 hic
1571 2838 1710 2891 facta
1743 2848 1872 2891 sunt
1898 2839 2173 2908 deinceps,
2204 2854 2331 2893 nar-

754 2939 1010 3001 raverint,
1053 2950 1173 3003 qua:
1214 2948 1431 2986 omnem
1479 2939 1739 2999 superant
1786 2931 2140 3001 tragoediam?
2166 2930 2327 2997 Quae-

754 3044 877 3081 nam
908 3043 969 3081 ea
997 3026 1280 3095 explicarit
1311 3024 1521 3079 oratio?
1548 3028 1806 3088 Qua-nam
1842 3039 2003 3078 aures
2035 3038 2095 3077 ca
2129 3028 2331 3092 absque

754 3124 980 3176 ltorzot'c
1030 3118 1388 3189 acceperint?
1438 3118 1571 3171 Nam
1629 3133 1751 3170 cuin
1806 3132 1906 3170 nos
1960 3118 2149 3170 eadem
2192 3118 2333 3171 sicut

751 3217 904 3287 prius
935 3226 1387 3283 proponeremus,
1424 3220 1646 3279 repente
1680 3211 1971 3264 multitudo
2011 3211 2245 3264 militum
2275 3213 2327 3264 in

754 3312 868 3379 ipso
904 3322 1100 3377 magno
1133 3304 1388 3367 Sabbato,
1422 3306 1509 3358 die
1558 3305 1667 3373 jam
1702 3305 1995 3358 inclinante
2036 3305 2101 3357 ad
2132 3320 2327 3374 vespe-

751 3399 890 3469 rani,
940 3401 993 3454 in
1025 3399 1284 3454 ecclesias
1326 3400 1561 3461 irruens,
1616 3397 1923 3451 universum
1963 3397 2189 3462 clerum,
2234 3398 2327 3467 qui

750 3506 863 3549 erat
910 3494 1211 3555 nobiscum,
1262 3492 1486 3559 expulit,
1538 3491 1811 3559 armisque
1842 3492 2235 3555 circumdedit;
2274 3501 2329 3545 et

750 3587 1029 3652 mulieres,
1064 3600 1185 3654 quae
1220 3600 1278 3638 se
1309 3583 1375 3635 ad
1423 3581 1747 3651 baptismum
1777 3593 2062 3647 exuerant,
2095 3598 2161 3638 ex
2194 3584 2318 3638 tedi-

751 3680 853 3732 bus
887 3677 1142 3730 oratoriis
1172 3675 1355 3727 ’ninlae
1414 3688 1478 3726 eo
1517 3683 1761 3741 tempore
1821 3685 2133 3735 evaserunt,
2177 3685 2323 3729 metu

749 3770 927 3841 gravis
980 3769 1143 3833 hujus
1188 3764 1535 3835 irruptionis,
1576 3780 1645 3817 ne
1694 3779 1818 3817 eum
1868 3766 2108 3834 quidem,
2161 3783 2321 3841 quem

750 3870 905 3914 uec-ct
933 3861 1212 3919 mulieres,
1239 3858 1461 3926 pudoris
1485 3866 1735 3909 ornatum
1764 3856 1991 3909 induere
2016 3858 2319 3925 permissae:

748 3956 931 4004 multa:
959 3964 1085 4003 vero
1115 3948 1276 4001 ctiam
1296 3947 1535 4015 acceptis
1562 3947 1877 3999 vulneribus
1899 3948 2061 4016 expul
2095 3963 2140 4001 at
2172 3959 2319 4011 sunt,

746 4056 800 4097 ιι
835 4046 1047 4097 lavacra
1089 4041 1354 4111 sanguine
1393 4048 1520 4092 sunt
1565 4038 1803 4108 impleta,
1842 4046 1893 4092 cl
1925 4054 2076 4093 sacra
2120 4040 2321 4093 fluenta

740 4132 1009 4207 sanguine
1059 4141 1351 4189 evaserunt
1385 4146 1676 4201 purpurea.
1708 4131 1773 4184 Et
1815 4146 1917 4185 nec
1962 4131 2052 4184 hic
2101 4132 2321 4201 quidem

749 4234 947 4283 malum
996 4228 1283 4280 constitit:
1332 4226 1427 4277 sed
1466 4224 1690 4293 ingrcssi
1744 4224 1964 4289 milites,
2001 4226 2091 4278 ubi
2134 4234 2320 4279 sancta

746 4334 903 4378 erant
962 4321 1221 4391 reposita,
1271 4334 1525 4387 quorum,
1577 4317 1715 4370 sicut
1766 4316 2139 4385 cognovimus,
2181 4333 2321 4370 non-

747 4419 878 4470 nulli
916 4430 1026 4467 non
1062 4421 1219 4466 erant
1258 4410 1533 4480 mysteriis
1569 4408 1761 4461 initiati
1796 4425 1915 4477 qua:
1949 4408 2096 4462 intus
2141 4419 2316 4473 erant,

749 4514 931 4564 omnia
964 4508 1234 4569 viderunt,
1268 4514 1323 4559 et
1354 4503 1731 4557 sanctissimus
1764 4502 1961 4555 Christi
1987 4502 2227 4571 sanguis,
2263 4510 2321 4555 ut

750 4606 805 4658 in
834 4613 982 4657 tanto
1018 4601 1271 4662 tumultu,
1313 4599 1368 4651 in
1420 4597 1801 4667 praedictorum
1857 4595 2088 4649 militum
2141 4606 2319 4650 vestes

744 4696 847 4751 fuit
867 4695 1074 4749 etiusus
1105 4692 1239 4763 (42),
1273 4701 1327 4745 ct
1374 4700 1626 4758 tanquam
1654 4689 1728 4752 _in
1761 4688 2044 4743 barbarica
2091 4690 2321 4757 captivi-

748 4800 855 4844 tate
900 4786 1016 4842 ausi
1056 4798 1184 4841 sunt
1226 4786 1314 4837 illa
1347 4799 1549 4847 onnna,
1599 4794 1650 4836 et
1707 4784 1942 4852 populus
1978 4784 2188 4849 ejectus
2218 4782 2322 4837 fuit

748 4900 798 4935 ιιι
834 4882 1205 4940 Solitudinem,
1240 4889 1295 4931 ct
1351 4878 1642 4931 universus
1693 4876 1876 4944 populi
1917 4885 2090 4929 cwtus
2143 4891 2322 4930 versa-

746 4978 905 5029 batur
930 4984 1080 5027 extra
1109 4972 1385 5026 civitatem
1416 4988 1426 5021 :
1453 4979 1507 5022 et
1532 4970 1581 5020 iu
1610 4968 1697 5021 tali
1731 4968 1870 5021 fe~to
1902 4968 2144 5023 ecclesiae
2165 4978 2323 5023 erant

744 5042 937 5121 inanes
969 5064 1192 5135 p0pulo,
1228 5074 1284 5115 et
1317 5063 1437 5130 plus
1471 5061 2021 5131 quam‘quudruginta
2058 5062 2317 5131 episcopi,

742 5163 830 5229 qui
868 5160 1151 5212 nobiscum
1182 5154 1680 5217 communieabaut,
1713 5169 1836 5207 cum
1862 5154 2057 5222 pepulo
2087 5162 2142 5208 et
2172 5154 2319 5208 clero

745 5263 950 5304 temere
981 5249 1189 5316 expulsi
1222 5254 1367 5303 sunt.
1395 5247 1737 5316 gemitusque
1770 5254 1821 5299 ct
1844 5246 2092 5314 planctus
2118 5256 2234 5299 erat
2265 5247 2316 5299 in

743 5340 1150 5400 solitudinibus,
1182 5347 1234 5391 et
1265 5338 1523 5407 quaelibet
1565 5352 1690 5405 pars
1742 5335 1979 5391 civitatis
2010 5346 2128 5390 erat
2159 5338 2317 5405 plena

745 5435 830 5488 his
875 5431 1298 5487 calamitatibus.
1334 5428 1464 5481 Nam
1502 5436 1719 5497 propter
1764 5426 2030 5496 insignem
2062 5425 2319 5496 iniquita-

744 5543 875 5591 tem,
903 5541 1010 5578 non
1039 5528 1215 5578 solum
1238 5522 1327 5591 qui
1354 5522 1718 5591 patiebantur,
1746 5522 1839 5573 sed
1871 5520 2034 5573 etiam
2064 5522 2151 5589 qui
2184 5520 2319 5575 nihil

811 5756 923 5826 (42)
966 5759 1098 5809 Nota
1140 5753 1227 5806 hic
1270 5763 1458 5826 contra
1500 5751 1661 5826 h‘ujus
1700 5759 1961 5826 temporis
2010 5749 2317 5826 haereticos,
2362 5749 2366 5753 ’

740 5821 830 5893 qui
898 5821 1095 5895 negant
1145 5821 1544 5878 asservatnlam'
1576 5822 1998 5899 sacratissimum
2028 5821 2318 5899 [Euchari-

741 5910 920 5965 stum,
963 5894 1122 5967 quam
1158 5910 1262 5949 μου
1298 5904 1505 5947 tantum
1550 5894 1649 5948 sub
1693 5894 1872 5960 ενι-ιιι·
1914 5894 2085 5960 panis,
2126 5894 2218 5947 sed
2262 5904 2315 5947 et

2435 2030 2647 2096 διεξιὼν
2675 2033 2926 2105 (Ῥώμης
2958 2038 3010 2089 δὲ
3037 2038 3201 2091 αὑτὸν
3238 2028 3535 2094 ἐπίσκοπον
3561 2044 3589 2095 ὁ
3621 2042 3777 2111 λόγος
3802 2045 4021 2113 φθάσας

2436 2124 2715 2195 ἐδήλωσε),
2743 2126 2986 2181 διέλαϐεν
3009 2130 3151 2184 οὕτω
3171 2148 3184 2161 ο
3216 2132 3338 2195 Πῶς
3364 2131 3429 2184 ἂν
3454 2137 3521 2187 τὰ
3543 2136 3779 2189 ἐνταῦθα
3819 2138 4020 2207 διηγη-

2437 2214 2643 2284 σαίμην
2672 2218 2878 2282 λοιπὸν,
2906 2223 3086 2273 πᾶσαν
3118 2222 3518 2294 ὑπερϐαίνοντα
3553 2229 3900 2297 τραγῳδίανς
3932 2230 4016 2292 τίς

2436 2310 2574 2361 αὑτὰ
2601 2312 2969 2383 παραστήσειε
2999 2314 3155 2381 λόγος
3182 2333 3195 2379 ;
3223 2317 3353 2370 ποία
3376 2321 3544 2390 χωρὶς
3567 2320 3769 2389 φρίκης
3799 2322 4018 2384 δέξεται

2433 2401 2609 2471 ἁκοής
2647 2403 2835 2469 Ἠμῶν
2854 2405 2960 2476 γὰρ
2995 2406 3187 2473 ταῦτα,
3212 2409 3464 2481 καθάπερ
3498 2414 3805 2482 ἔμπροσθεν
3836 2414 4014 2477 εἷπον,

2434 2497 2855 2562 προτεινόντων,
2899 2498 3095 2568 ἁθρόον
3143 2505 3491 2572 στρατιωτῶν
3522 2507 3725 2575 πλῆθος
3754 2509 3913 2578 αὑτῷ
3941 2511 4019 2580 τῷ

2437 2587 2659 2657 μεγάλῳ
2688 2588 2969 2659 Σαϐϐάτῳ,
3008 2592 3142 2655 πρὸς
3177 2596 3415 2665 ἑσπέραν
3463 2598 3646 2651 λοιπὸν
3666 2601 3766 2668 τῆς
3800 2589 4017 2671 ἡμέρας

2434 2679 2836 2748 ἐπειγομένης,
2894 2686 3015 2744 ταῖς
3062 2684 3379 2753 ἐκκλησίαις
3437 2689 3871 2754 ἐπεισελθόντες,
3925 2696 4016 2746 τὸν

2435 2769 2638 2839 κλῆρον
2668 2772 2883 2826 ἅπαντα
2903 2773 2996 2826 τὸν
3026 2775 3123 2827 σὺν
3146 2778 3276 2846 ἡμῖν
3310 2780 3578 2849 πρὺςβίαν
3603 2783 3885 2849 ἐξέϐαλον,
3920 2788 4017 2837 καὶ

2432 2865 2614 2927 ὅπλοις
2636 2866 2697 2918 τὸ
2737 2866 2883 2935 βῆμα
2938 2870 3388 2939 περιεστοίχιστο.
3440 2874 3551 2926 Καὶ
3601 2879 3861 2941 γυναῖκες
3907 2880 4017 2930 τῶν

2432 2956 2738 3025 εὑκτηρίων
2767 2957 2950 3023 οἴκων,
2984 2961 3121 3029 πρὸς
3143 2961 3202 3011 τὸ
3234 2961 3514 3033 βάπτισμα
3561 2966 4010 3036 ἀποδυσάμεναι,

2433 3047 2551 3098 κατ’
2585 3047 2746 3098 αὑτὸν
2773 3048 2866 3099 τὸν
2883 3050 3072 3117 καιρον
3121 3050 3330 3118 γυμναὶ
3352 3050 3555 3119 ἔφυγον
3581 3053 3689 3107 ἀπὸ
3714 3055 3811 3108 τοῦ
3842 3058 4013 3125 φόϐου

2434 3139 2529 3207 τῆς
2582 3138 2827 3207 χαλεπῆς
2863 3140 3066 3211 ταύτης
3109 3142 3323 3211 ἐφόδου,
3375 3144 3496 3196 οὐδὲ
3550 3146 3647 3217 τὴν
3686 3150 4012 3218 πρέπουσαν

2435 3229 2684 3293 γυναιξὶν
2751 3231 3169 3303 εὐσχημοσύνην
3259 3237 3711 3305 συγχωρούμενα
3786 3240 4014 3306 περιϐέ-

2440 3318 2585 3372 σθαι.
2641 3318 2841 3372 Πολλαὶ
2871 3321 2926 3372 δὲ
2960 3322 3053 3373 καὶ
3108 3321 3397 3390 τραύματα
3439 3324 3732 3394 δεξάμεναι
3784 3330 4015 3393 ἐξεϐάλ-

2436 3407 2610 3473 λοντο,
2661 3412 2754 3461 καὶ
2801 3411 3032 3480 αἵματος
3085 3416 3141 3466 αί
3203 3416 3581 3486 κολυμϐῆοραι
3645 3421 4016 3491 ἐπληροῦνςο,

2435 3498 2529 3551 καὶ
2568 3499 2634 3552 τὰ
2677 3501 2797 3570 ίερὰ
2825 3502 2933 3555 ἀπὸ
2969 3504 3075 3556 τῶν
3102 3506 3347 3573 αἱμάτων
3391 3509 3729 3575 ἐφοινίσσετο
3770 3515 4009 3581 νάματα.

2434 3592 2545 3644 Καὶ
2585 3592 2704 3644 οὑδὲ
2740 3593 2973 3646 ἐνταῦθα
3012 3597 3253 3665 εἱστήκει
3286 3598 3346 3650 τὺ
3390 3599 3583 3662 δεινὸν,
3620 3604 3737 3655 ἀλλ’
3784 3606 3917 3658 ἔνθα
3948 3609 4015 3659 τὰ

2435 3685 2565 3751 ἆγια
2590 3685 2865 3751 ἀπέκειτο,
2897 3687 3227 3750 εἰσελθόντες
3277 3692 3324 3743 οί
3363 3695 3709 3762 στρατιῶται,
3744 3682 3833 3749 ’ὧν
3884 3700 4015 3752 ἔριει.

2434 3775 2615 3839 καθὼς
2660 3776 3000 3847 ἐπέγνωμεν,
3071 3783 3163 3832 καὶ
3212 3783 3445 3852 ἀμύητοι
3492 3782 3650 3855 ἦσαν,
3701 3790 3887 3842 πὲντα
3956 3810 4013 3844 τε

2433 3868 2619 3937 ἐώρων
2686 3872 2754 3922 τὰ
2794 3870 2963 3933 ἔνδον,
2993 3874 3085 3924 καὶ
3116 3874 3173 3925 τὸ
3210 3876 3509 3941 ἁγιώτατον
3540 3875 3681 3949 αἷμα
3737 3883 3833 3935 τοῦ
3874 3886 4015 3953 Χρι-

2433 3958 2560 4010 στοῦ
2582 3958 2657 4019 ὡς
2685 3962 2741 4011 ὲν
2768 3960 3006 4029 τοσούτῳ
3035 3963 3246 4033 (έορύϐῳ
3278 3967 3355 4028 είς
3378 3968 3444 4020 τὰ
3468 3970 3573 4020 τῶν
3590 3978 4016 4043 προειρημένων

2434 4051 2784 4119 στρατιωτῶν
2812 4054 3002 4121 ἱμάτια
3026 4055 3285 4124 ἐξεχεῖτο,
3330 4062 3425 4111 καὶ
3472 4060 3545 4122 ὡς
3572 4065 3626 4113 ὲν
3655 4066 4012 4139 αἰχμαλωσίᾳ

2433 4140 2765 4214 βαρϐαρικῇ,
2822 4145 2999 4198 πάντα
3030 4148 3297 4217 ἐτολμᾶτο
3332 4166 3347 4182 ⁸
3379 4152 3471 4204 καὶ
3492 4156 3517 4204 ό
3541 4153 3709 4223 δῆμος
3740 4160 3877 4226 πρὸς
3915 4165 4015 4229 τὴν

2429 4233 2662 4301 ἐρημίαν
2684 4234 2967 4303 ἠλαύνετο,
3004 4240 3095 4290 καὶ
3134 4240 3320 4301 ἃπαςό
3351 4241 3475 4305 λαὸς
3516 4244 3611 4310 τῆς
3641 4247 3850 4311 πόλεως
3908 4253 4015 4316 ἔξω

2428 4326 2680 4395 διέτριϐε.
2718 4330 2826 4382 Καὶ
2868 4333 3019 4383 κεναί
3050 4335 3108 4385 ἐν
3136 4336 3295 4404 ἑορτῇ
3348 4338 3569 4408 τοιαύτῃ
3602 4339 3709 4392 τῶν
3757 4343 3906 4397 λαῶν
3957 4350 4013 4399 αἱ

2429 4421 2716 4489 ἐκκλησίαι
2778 4424 3037 4491 ἐγίνοντο,
3099 4430 3195 4479 καὶ
3255 4430 3464 4493 πλείους
3513 4433 3542 4501 ῆ
3600 4440 4014 4502 τεσσαράκοντα

2428 4514 2719 4566 ἐπίσκοποι
2763 4515 2814 4567 οῑ
2848 4518 3260 4586 οἰκονομοῦντες
3296 4525 3430 4591 ἡμῖν
3462 4527 3600 4592 μετά
3626 4527 3719 4578 τοῦ
3762 4530 3893 4581 λαοῦ
3920 4537 4012 4583 καὶ

2355 4623 2401 4680 ι)
2428 4604 2521 4658 τοῦ
2561 4607 2765 4677 κλήρου
2802 4609 2924 4681 είκῇ
2953 4612 3045 4662 καὶ
3097 4618 3274 4682 μάτην
3312 4616 3621 4685 ἠλαύνοντο.
3687 4622 3797 4673 Καὶ
3824 4625 4014 4676 όλολν-

2432 4699 2526 4766 γαὶ
2570 4701 2662 4752 καὶ
2706 4704 2943 4770 οἰμωγαὶ
2979 4705 3076 4768 τὰς
3107 4708 3283 4770 οίκίας
3316 4711 3455 4761 κατὰ
3486 4714 3581 4773 τας
3640 4715 3880 4781 ἐρημίας
3922 4723 4017 4771 καὶ

2432 4793 2573 4845 κατὰ
2620 4796 2730 4847 πᾶν
2762 4799 2858 4867 τῆς
2893 4797 3097 4861 πόλεως
3161 4801 3324 4871 μέρος
3363 4802 3470 4855 τῶν
3515 4810 3812 4877 συμφορῶν
3841 4812 4014 4880 ἐπλή-

2434 4900 2560 4954 ρουν
2591 4885 2815 4941 τούτων.
2869 4888 2966 4940 Διὰ
3009 4891 3117 4958 γὰρ
3144 4893 3241 4961 τὴν
3278 4894 3580 4966 ὑπερϐολὴν
3632 4900 3729 4967 τῆς
3770 4918 4014 4971 παρανο-

2435 4974 2584 5042 μίας,
2632 4975 2728 5045 οὑχ
2767 4978 2815 5028 οί
2845 4978 3142 5046 πάσχοντες
3174 4984 3355 5050 μόνον,
3419 4987 3556 5038 ἀλλα
3596 4990 3689 5039 καὶ
3747 4992 3797 5043 εί
3840 4994 4015 5061 μηδὲν

2429 5063 2673 5119 τοιοῦτον
2729 5068 3113 5137 ὑπομένοντες,
3155 5074 3452 5143 συνήλγουν
3484 5080 3634 5145 ἡμῖν,
3666 5082 3790 5148 οᾲχὶ
3820 5083 4016 5149 69.560-

2429 5154 2509 5219 ξοι
2570 5158 2770 5224 μόνον,
2825 5158 2960 5210 ἀλλὰ
3020 5163 3114 5212 καὶ
3168 5164 3428 5231 αἱρετικοὶ
3479 5170 3571 5219 καὶ
3615 5168 3862 5221 Ἰουδαῖοι
3919 5176 4015 5223 καὶ

2435 5248 2720 5319 Ἕλληνες.
2796 5251 2880 5314 Ὡς
2911 5253 3009 5321 τῆς
3074 5256 3281 5318 πόλεως
3316 5259 3457 5310 κατὰ
3502 5262 3702 5329 κράτος
3751 5264 4010 5332 ἁλούσης,

2427 5339 2600 5404 οὕτως
2631 5346 2687 5395 ἐν
2712 5342 2962 5412 θορύϐοις
2983 5347 3077 5400 καὶ
3102 5355 3367 5419 ταραχαῖς
3404 5354 3495 5405 καὶ
3522 5354 3806 5422 ὀλολυγαῖς
3834 5361 4013 5412 απαν-

2430 5452 2493 5487 τα
2515 5430 2603 5505 ἦν.
2656 5437 2765 5489 Καὶ
2788 5437 2959 5491 ταῦτα
2995 5440 3260 5510 ἐτολμᾶτο
3300 5446 3449 5514 παρὰ
3482 5449 3707 5517 γνώμην
3739 5452 3832 5503 τοῦ
3862 5452 4019 5504 εἰσε-

2432 5526 2689 5580 6εστάτου
2751 5528 3036 5598 βασιλέως,
3089 5538 3278 5595 νυκτὸς
3308 5535 3743 5607 καταλαϐούσης,
3797 5541 4021 5593 ἐπισκό-

2431 5754 2541 5837 viui
2560 5759 3433 5837 asservat’amiharcChrysosmmi
3460 5777 3728 5820 memorat
3758 5768 3990 5837 epistola

2433 5827 2575 5881 Idem
2606 5829 2766 5883 etiam
2802 5829 2857 5884 S.
2891 5829 3117 5903 Gregor.
3140 5827 3284 5889 Dial.
3321 5835 3357 5888 Ι.
3403 5850 3481 5897 ιιι,
3514 5850 3561 5890 c.
3598 5837 3687 5899 56,
3727 5827 3945 5894 asiruit.
