4178 6484
779 420 919 488 1153

2001 423 2285 486 MENSIS
2319 424 2780 487 JANUARIUS.

3896 412 4029 487 1131

775 542 1026 612 angelum
1061 538 1339 594 Ecclesia}.
1371 537 1576 595 Deinde
1608 547 1730 608 post
1760 548 1949 603 iactas,
1979 554 2119 609 quas
2145 553 2343 594 conve-

2459 540 2733 610 στέρησιν.
2809 537 3161 609 Ἐπιταχυναι
3224 536 3529 609 ’τοιγαροῦν
3609 538 3894 594 λυσιτελεῖ
3941 544 4026 613 τὴν

773 634 980 693 niebat,
1007 646 1218 701 preces,
1242 631 1311 687 de
1343 632 1447 686 ﬁde
1471 632 1772 687 orthodoxa
1804 633 1972 692 multa
2005 633 2348 699 testiﬁcatur,

773 735 829 780 et
860 726 1128 784 h‘ortatur,
1161 733 1221 777 ut
1251 739 1369 777 eam
1402 732 1701 791 sequantur
1731 724 2165 778 immutabiliter.
2203 724 2352 779 Prte-

777 826 921 870 terea
974 832 1106 869 vero
1166 815 1246 869 eis
1278 830 1495 885 quoque
1546 816 1801 885 prohibet
1851 832 2045 871 omnes
2090 817 2348 871 haereses.

772 908 908 961 Cum
960 909 1076 963 hate
1121 918 1303 962 autem
1352 907 1518 961 verba
1574 908 1800 972 faceret,
1852 909 2061 965 accedit
2103 909 2344 979 quidam,

773 1001 1035 1055 nuntians
1091 999 1199 1053 Deo
1240 999 1477 1054 invisum
1528 1001 1753 1055 Lucium
1805 1016 1928 1055 eum
1963 1017 2064 1056 suo
2107 1003 2347 1057 exercitu

771 1093 1030 1147 accedere
1061 1094 1130 1146 ita
1159 1103 1431 1162 paratum,
1468 1104 1526 1147 ut
1561 1093 1603 1146 si
1636 1110 1739 1160 qua
1772 1094 1863 1149 fiat
1888 1096 1940 1148 in
1971 1095 2113 1149 exitu
2137 1089 2363 1163 dilatio;

772 1198 881 1237 non
908 1184 1064 1237 sileat
1091 1183 1317 1239 omnino
1352 1199 1452 1237 nec
1485 1183 1761 1254 mitigetur
1786 1202 1800 1239 :
1835 1186 1927 1240 sed
1957 1200 2176 1239 manum
2204 1202 2346 1256 quo-

769 1289 878 1343 quo
913 1275 1166 1345 protinus
1217 1276 1430 1338 afferat,
1470 1286 1525 1331 et
1577 1293 1700 1331 cum
1747 1277 2073 1332 contumelia
2109 1279 2345 1348 expellat

2451 633 2749 699 ὲξέλευσιν,
2776 633 2850 702 μή
2901 631 3031 686 ποτέ
3063 648 3155 684 σου
3196 632 3316 685 λίαν
3352 632 3804 701 ἀντιποιούμενος
3828 635 3861 684 ὁ
3885 632 4025 696 λαὸς,

2449 725 2547 780 καὶ
2576 726 2656 788 είς
2691 727 2883 794 χεῖρας
2922 727 3038 788 τοῖς
3102 724 3462 793 στρατιώταις
3497 723 3647 795 ἔλθῃ,
3688 725 3799 787 ,καί
3829 742 3888 779 τι
3927 726 4031 777 τῶν

2450 817 2778 887 παραϐόλων
2830 815 3170 888 ἐργάσασθαι
3224 816 3493 887 προαχθῇ.
3524 816 3743 869 Τούτων
3792 816 3821 867 ὁ
3861 815 4031 885 μέγας

2448 907 2710 972 ἀκούσας,
2739 907 2919 975 δεξιάν
2943 924 3052 961 τισι
3068 906 3177 959 τῶν
3208 909 3523 960 ἐπισκόπων
3545 906 3687 975 (οὐδὲ
3716 907 3827 974 γὰρ
3859 908 4028 960 ἐδίδου

2455 999 2902 1071 πᾶσινὸκαιρδς)
2947 998 3225 1071 ἐμϐαλὼν,
3274 998 3371 1053 καὶ
3417 997 3497 1068 τῷ
3550 999 3820 1067 φιλήματι
3868 998 4031 1067 μίξας

2452 1092 2688 1163 δάκρυον
2718 1093 2805 1146 διὰ
2834 1092 2932 1163 τὴν
2986 1092 3097 1146 τῶν
3127 1091 3375 1161 συνήθων
3400 1089 3624 1162 ζημίαν,
3648 1087 3770 1146 εἶτα
3802 1093 3904 1143 καὶ
3926 1095 4033 1150 τοῖς

2450 1186 2657 1250 λοιποῖς
2709 1185 3128 1254 συνταξάμενος,
3149 1185 3382 1240 ἐνταῦθά
3443 1202 3545 1239 που
3593 1183 3899 1255 παρηγγύα
3947 1184 4035 1256 μί-

2461 1295 2595 1345 νειν,
2626 1279 2770 1341 Ἕως
2792 1277 3065 1341 ἀπελθὼν,
3098 1279 3251 1348 φησὶ,
3287 1276 3481 1348 μικρὸν
3510 1275 3707 1330 ἀνεθῶ.

772 1385 838 1425 ex
872 1362 1135 1426 Ecclesia.
1167 1372 1337 1427 Porro
1381 1382 1562 1427 autem
1602 1383 1973 1429 commovetur
2007 1390 2227 1443 quoque
2271 1373 2530 1445 populus,
2604 1374 2696 1443 qui
2760 1374 2904 1430 ferre
2948 1388 3059 1428 non
3130 1380 3311 1443 potest
3352 1371 3435 1426 sui
3490 1370 3883 1441 privationem.
3930 1365 4033 1419 Ex-

770 1464 919 1534 pedit
956 1480 1088 1533 ergo
1122 1464 1429 1519 accelerare
1463 1465 1691 1528 exitum,
1740 1480 1810 1520 ne
1844 1466 1984 1521 forte
2025 1476 2077 1521 te
2111 1467 2340 1522 nimium
2381 1467 2681 1522 defendens
2714 1466 2968 1536 populus,
3010 1465 3155 1534 quod
3190 1464 3334 1519 absit
3362 1472 3422 1517 ut
3487 1462 3804 1523 videamus,
3832 1473 4033 1513 manus

766 1571 1019 1616 conserat
1065 1578 1190 1616 eum
1239 1562 1499 1616 militibus
1531 1604 1546 1627 ,
1595 1574 1646 1617 et
1699 1564 1991 1619 inducatur
2033 1573 2093 1619 ut
2134 1564 2338 1633 aliquid
2377 1564 2546 1620 faciat
2598 1563 2762 1619 nimis
2823 1577 3067 1633 praeceps
3117 1571 3174 1616 et
3253 1558 3646 1628 periculosum.
3729 1554 3859 1609 Haec
3906 1569 4031 1607 cum

769 1673 999 1728 magnus
1056 1660 1319 1714 audiissct
1363 1659 1642 1722 Joannes,
1698 1659 2084 1731 episcopisque
2141 1661 2348 1729 aliquot
2380 1669 2636 1731 porrecta
2679 1661 2902 1715 dextera
2971 1658 3173 1727 (neque
3216 1657 3386 1722 enim,
3434 1663 3495 1709 ut
3556 1652 3814 1707 omnibus
3853 1650 4035 1719 porri-

766 1760 940 1820 geret.
1004 1752 1337 1808 concedebat
1365 1752 1625 1822 tempus),
1675 1763 1731 1807 et
1770 1753 1958 1807 osculo
2001 1752 2343 1808 miserabiles
2417 1754 2730 1808 miscuisset
2786 1753 3070 1821 laerymas,
3123 1757 3410 1820 pr0pterea
3482 1745 3625 1816 quod
3678 1752 4035 1812 separaretur

767 1857 796 1894 a
830 1843 1224 1909 familiaribus,
1264 1845 1463 1899 deinde
1504 1847 1666 1900 etiam
1704 1845 1958 1914 jussisset
2007 1846 2188 1901 valere
2242 1847 2502 1918 reliquos,
2538 1844 2798 1918 praecepit
2860 1853 2919 1899 ut
2951 1843 3026 1899 ibi
3086 1842 3273 1911 utique
3311 1850 3617 1905 manerent,
3680 1837 3861 1892 donec
3906 1850 4033 1890 cum

765 1938 1046 2009 paululum
1082 1940 1457 2004 abscessisset,
1492 1950 1878 1996 reverteretur.

836 2032 1025 2086 XLIX.
1093 2031 1217 2088 Hmc
1277 2048 1400 2087 eum
1449 2033 1712 2098 dixisset,
1773 2049 1988 2089 sacrum
2037 2033 2340 2104 ingreditur

2511 2034 2645 2090 ΜΘ.
2711 2031 2899 2095 Οῦτως
2940 2030 3131 2094 εἰπὼν,
3183 2028 3278 2082 ἐπὶ
3350 2026 3446 2080 τὸν
3514 2023 3660 2095 ἱερὸν
3720 2020 4033 2090 εἰσέρχεται

767 2125 1170 2194 baptisterium,
1218 2135 1273 2180 et
1314 2136 1557 2180 sanctam
1602 2136 1761 2182 vocat
1812 2126 2218 2198 Olympiadem:
2266 2141 2349 2184 est

2454 2127 2819 2201 βαπτιστῆρα,
2856 2124 2948 2177 καὶ
2991 2120 3331 2193 Ὀλυμπιάδα
3372 2118 3529 2172 καλεῖ
3548 2115 3646 2187 τὴν
3678 2115 3859 2167 ὁσίαν.
3889 2112 4034 2180 Δήλη

768 2229 949 2274 autem
978 2219 1204 2273 omnino
1242 2220 1384 2274 clara
1444 2220 1639 2274 mulier
1671 2221 1753 2275 vel
1796 2220 1912 2274 solo
1946 2221 2190 2274 nomine.
2240 2220 2347 2275 Sed

768 2330 880 2368 non
945 2314 1109 2368 fuerit
1157 2314 1385 2367 fortasse
1423 2313 1665 2368 deterius
1704 2315 2022 2383 permittere
2066 2315 2346 2381 orationi,

771 2418 826 2461 ut
876 2422 933 2462 se
976 2405 1258 2475 paululum
1297 2415 1508 2460 recreet
1538 2407 1658 2475 ejus
1700 2406 1967 2461 honorum
2012 2408 2243 2463 deliciis.
2272 2408 2348 2463 Ea

769 2511 895 2551 eum
924 2506 978 2551 et
1000 2512 1199 2567 genere
1235 2506 1292 2552 et
1320 2497 1525 2551 divitiis
1567 2507 1623 2552 et
1651 2498 1835 2567 specie
1861 2499 2108 2570 corporis
2137 2508 2192 2554 et
2228 2498 2349 2553 aliis

769 2590 1084 2656 hujusmodi
1140 2589 1297 2645 valde
1349 2590 1747 2660 resplendcret,
1793 2606 1918 2644 cum
1969 2591 2086 2645 viro
2130 2591 2349 2661 quidem

767 2682 1013 2751 jungitur
1043 2682 1414 2746 matrimonio,
1447 2682 1541 2736 sed
1573 2697 1683 2736 non
1709 2683 1910 2737 amittit
1938 2683 2348 2754 virginitatem:

771 2776 865 2829 sed
901 2791 1025 2831 cum
1066 2775 1146 2831 sic
1191 2791 1318 2830 eum
1357 2791 1423 2829 eo
1452 2775 1678 2831 vixisset
1707 2776 1851 2831 circa
1882 2776 2071 2847 viginti
2110 2792 2347 2842 menses,

771 2866 861 2922 ille
907 2876 1089 2921 autem
1120 2869 1445 2922 excessisset
1493 2883 1560 2921 ex
1601 2868 1934 2930 hominibus,
1995 2868 2098 2923 etsi
2145 2885 2255 2923 non
2288 2882 2351 2924 ea

772 2971 917 3016 esset
981 2971 1142 3016 aetate
1170 3003 1184 3026 ,
1249 2961 1335 3015 cui
1381 2961 1575 3031 pudori
1618 2972 1805 3017 essent
1837 2962 2089 3017 secunda:
2126 2964 2349 3032 nuptiae,

771 3054 1056 3123 pulchram
1081 3069 1268 3108 revera
1304 3055 1551 3123 amplexa
1583 3055 2021 3124 temperantiam,
2054 3070 2152 3123 per
2183 3065 2351 3110 totam

774 3145 940 3200 vitam
973 3160 1092 3198 eam
1142 3160 1323 3200 amare
1352 3146 1565 3200 voluit:
1610 3155 1667 3201 et
1717 3146 1846 3202 licet
1896 3147 2190 3217 imperator
2230 3163 2350 3203 eam

774 3248 993 3293 vocaret
1043 3238 1109 3292 ad
1153 3239 1563 3293 matrimonium
1618 3255 1840 3294 suorum
1882 3250 2263 3311 cognatorum,
2300 3249 2355 3294 et

773 3343 892 3382 eam
945 3327 1153 3398 magnis
1194 3327 1433 3381 alliceret
1480 3328 1798 3388 honoribus.
1829 3327 1916 3381 illa
1962 3327 2218 3381 omnibus
2268 3340 2353 3380 re-

2450 2220 2507 2274 at
2545 2221 2577 2290 ἡ
2609 2219 2747 2289 γυνὴ
2773 2218 2984 2280 πάντως
3018 2215 3153 2284 πρὸς
3182 2211 3347 2267 αὑτοῦ
3377 2210 3471 2264 τοῦ
3510 2211 3805 2277 ὀνόματος.
3838 2205 4033 2274 Ὅμως

2449 2311 2510 2365 οὐ
2546 2312 2727 2381 χεῖρον
2775 2309 2987 2376 ἐφεῖναι
3041 2303 3236 2374 μικρὸν
3288 2303 3380 2355 καὶ
3412 2300 3681 2369 τῷλόγῳ,
3715 2298 3814 2350 καὶ
3846 2313 4032 2365 παρα-

2448 2402 2727 2472 τρυιρῆσαι
2767 2398 2874 2451 τῶν
2929 2395 3134 2465 ταύτης
3183 2392 3387 2457 καλῶν,
3416 2391 3447 2460 ἢ
3476 2389 3681 2460 ζημίαν
3737 2386 4034 2454 ὑπομεῖναι

2449 2492 2663 2547 τελείαν
2709 2490 2930 2561 ἡδίστης
2968 2486 3123 2541 οὕτω·
3150 2486 3245 2539 καὶ
3295 2480 3653 2554 ψυχωφελοῦς
3699 2478 4031 2549 διηγήσεως.

2450 2586 2598 2655 Αὕτη
2628 2580 2779 2652 γένει
2826 2583 2921 2635 καὶ
2946 2578 3164 2648 πλούτῳ
3197 2577 3289 2629 καὶ
3324 2575 3445 2645 ὥρᾳ
3475 2572 3752 2643 σώματος,
3778 2572 3878 2623 καὶ.
3924 2572 4035 2631 τῶς

2453 2674 2637 2738 ἄλλοις
2669 2675 2782 2735 τοῖς
2834 2671 3037 2739 ὁμοίως
3080 2670 3299 2739 ἔχουσιν
3357 2665 3601 2734 ἀτεχνῶς
3651 2662 4033 2730 διαλάμψασα,

2451 2765 2607 2835 ἀνδρὶ
2663 2763 2989 2817 συνάπτεται
3043 2758 3166 2829 μὲν,
3222 2758 3321 2828 τὴν
3352 2757 3408 2810 δὲ
3439 2755 3743 2825 παρθενίαν
3766 2755 3869 2808 οὐκ
3898 2755 4034 2805 ἁπο-

2453 2854 2731 2908 6άλλεται.
2789 2852 2934 2905 Ἀλλ’
2958 2849 3133 2914 οὕτως
3166 2849 3319 2918 αὖτῷ
3354 2848 3484 2917 περί
3520 2863 3623 2899 που
3656 2845 3835 2915 μῆνας
3863 2845 4032 2897 εἴκοσι

2455 2946 2835 3017 συμϐιώσασα,
2889 2945 3012 2998 ἐπεὶ
3059 2946 3265 3004 ἐκεῖνος
3319 2943 3376 3008 ἐξ
3424 2940 3730 3011 ἀνθρώπων
3786 2940 4027 3005 ἐγένετο,

2455 3039 2633 3092 καίτοι
2691 3037 2791 3106 τὴν
2844 3036 3063 3107 ἠλικίαν
3088 3036 3189 3088 οὒκ
3235 3034 3434 3103 ἔχουσα
3461 3035 3586 3094 τοὺς
3613 3031 3909 3100 δευτέρους
3934 3030 4031 3095 γὰο

2456 3148 2589 3201 μους
2617 3130 3037 3200 αίσχυνομένην,
3081 3127 3219 3197 αὐτὴ
3242 3129 3343 3195 τὴν
3371 3124 3727 3195 σωφροσύνην
3779 3125 4029 3176 ἀσπασα-

2458 3222 2615 3291 μένη,
2674 3222 2927 3291 στέργειν
2972 3220 3142 3289 αὐτὴν
3189 3218 3363 3270 είλετο
3410 3216 3497 3269 δια
3548 3215 3685 3284 βίου,
3731 3217 3826 3267 καὶ
3859 3214 4027 3266 ταῦτα

2453 3311 2549 3365 τοῦ
2576 3311 2841 3381 βασιλέως
2860 3311 3030 3381 αὐτὴν
3068 3311 3149 3373 είς
3196 3309 3477 3376 συγγενεῖς
3507 3307 3758 3367 ἕλκοντος
3789 3306 4022 3371 γάμους,

776 3420 920 3475 lictis
948 3396 1182 3484 deliciis,
1209 3430 1270 3473 ut
1311 3436 1430 3489 qua:
1464 3434 1589 3475 cum
1624 3419 1873 3491 ingenuis
1908 3417 2044 3472 nihil
2082 3418 2351 3473 haberent

2455 3405 2735 3475 νηστείαις
2763 3402 3058 3474 δὲμᾶλλον
3078 3404 3174 3456 καὶ
3199 3399 3556 3471 ἀγρυπνίαις,
3586 3399 3679 3450 καὶ
3720 3399 3838 3461 τοῖς
3860 3397 4033 3458 ἄλλοις

772 3527 1087 3573 commune,
1118 3526 1177 3566 se
1230 3511 1538 3566 oblectabat
1582 3511 1812 3581 jejunio,
1866 3526 1975 3564 non
2014 3510 2187 3564 solum
2221 3508 2348 3573 cibi,

772 3606 867 3659 sed.
903 3605 1068 3659 etiam
1109 3604 1309 3666 somni,
1353 3603 1584 3673 pulchre
1636 3618 1898 3658 exercens
1936 3617 2154 3673 corpus,
2188 3610 2243 3657 et
2296 3601 2354 3657 id

774 3698 1000 3752 studens
1035 3696 1235 3750 habere
1266 3710 1423 3766 opem
1468 3695 1671 3759 ferens,
1710 3710 1818 3749 non
1863 3702 2044 3748 autem
2088 3693 2353 3749 insidians

773 3788 841 3842 ad
872 3788 1166 3845 virtutem:
1202 3787 1619 3857 temperantiam
1660 3802 1723 3841 ac
1757 3785 2074 3856 pudicitiam
2111 3784 2354 3855 comple-

774 3891 931 3934 ctens
976 3895 1148 3949 usque
1203 3880 1269 3933 ad
1314 3878 1724 3948 cogitationem,
1786 3893 1895 3931 non
1943 3877 2120 3931 solum
2178 3892 2354 3946 usque

773 3971 839 4026 ad
904 3979 1237 4026 contactum.
1296 3970 1583 4039 Postquam
1634 3978 1812 4024 autem
1860 3969 2104 4023 omnium
2179 3968 2352 4022 bono-

775 4078 898 4116 rum
950 4061 1053 4118 fuit
1106 4062 1348 4125 domina,
1396 4076 1459 4115 ea
1506 4060 1561 4113 in
1616 4075 1750 4113 usus
1795 4068 2109 4113 sanctorum
2142 4059 2354 4113 studuit

780 4154 1064 4209 effundere
1094 4173 1107 4208 :
1141 4154 1351 4223 fuitque
1378 4154 1687 4209 diaconissa
1716 4153 1885 4207 totius
1912 4153 2192 4218 Ecclesiae,
2223 4168 2353 4222 pro-

776 4256 899 4317 pter
927 4248 1195 4315 insignem
1235 4243 1358 4314 ejus
1390 4246 1645 4314 pietatem
1681 4256 1735 4299 et
1773 4246 2217 4316 hospitalitatem.
2235 4244 2354 4335 Pes

777 4338 923 4391 enim
948 4339 1199 4396 maxime.
1221 4337 1313 4405 qui
1340 4336 1591 4391 virtutem
1610 4338 1958 4400 exercebant,
1981 4335 2218 4404 hospitio
2236 4351 2353 4390 ma-

778 4428 974 4499 gnifice
997 4428 1325 4497 excipiebat,
1345 4439 1401 4482 et
1420 4444 1746 4498 quocunque
1777 4437 1987 4497 poterat
2018 4428 2194 4484 ollicio
2217 4428 2355 4483 hila-

780 4521 914 4575 riter
932 4518 1513 4591 prosequebatur.Qua:
1531 4520 1693 4577 etiam
1710 4519 2075 4591 Theophilum
2096 4531 2353 4592 tanquam

779 4613 871 4666 Dei
890 4613 1121 4667 amicum
1145 4614 1459 4676 observans,
1480 4628 1633 4668 suam
1660 4616 1711 4667 in
1730 4629 1853 4668 eum
1879 4615 2118 4669 ostendit
2141 4614 2354 4685 magni-

781 4705 1078 4766 ficentiam,
1105 4706 1317 4759 etiamsi
1354 4707 1472 4777 ejus
1499 4707 1696 4776 linguae
1725 4707 2119 4776 iu-pudentiam
2144 4716 2201 4761 et
2237 4723 2353 4761 ma-
2384 4731 2433 4790 ι)

779 4796 1125 4850 ledieentiam
1158 4811 1227 4849 ne
1252 4795 1367 4865 ipsa
1392 4796 1611 4866 quidem
1642 4798 1864 4850 omnino
1886 4797 2060 4866 potuit
2090 4796 2353 4867 effugere,

778 4889 903 4943 data
935 4887 982 4941 ei
1015 4888 1324 4947 occasione.
1347 4889 1491 4957 quod
1524 4904 1663 4957 quos
1691 4889 1782 4943 ille
1811 4889 1989 4943 fuerat
2013 4898 2352 4956 persecutus,

778 4978 1126 5032 Ammonium
1164 4977 1373 5032 scilicet
1402 4986 1456 5031 et
1488 4978 1775 5042 Isidorum,
1811 4978 1958 5031 viros
1994 4978 2106 5033 Deo
2135 4979 2381 5045 charos,‘

779 5071 1053 5140 exceperit
1074 5072 1207 5142 (45).
1243 5072 1421 5140 Atque
1459 5070 1703 5125 omnium
1755 5070 1994 5139 quidem,
2035 5070 2178 5125 sicut
2218 5071 2351 5136 dixi,

779 5162 1020 5215 virorum
1053 5160 1271 5216 virtutis
1295 5162 1593 5215 amantium
1621 5175 1871 5232 magnam
1899 5176 2082 5215 curam
2107 5162 2352 5233 gerebat,

779 5264 834 5307 et
868 5252 949 5306 eis
978 5248 1232 5305 omnibus
1267 5252 1439 5305 modis
1465 5251 1825 5320 providebat:
1864 5248 1992 5307 huic
2023 5262 2203 5306 autem
2240 5253 2353 5307 viro

780 5344 938 5398 beato
971 5344 1251 5397 fuitetiam
1288 5342 1589 5407 familiaris,
1625 5343 1896 5412 quomodo
1926 5343 2128 5398 Thecla
2163 5344 2350 5407 Paulo,

782 5438 851 5491 ab
889 5436 1007 5503 ejus
1040 5436 1221 5504 lingua
1258 5444 1364 5489 tota
1400 5435 1508 5488 vita
1546 5435 1884 5505 dependens.
1923 5435 2189 5501 Quoniam
2226 5451 2355 5490 vero

781 5543 903 5583 eum
934 5543 993 5581 ea
1025 5528 1143 5581 alia:
1171 5542 1386 5596 quoque
1419 5535 1576 5581 erant
1620 5528 1958 5594 diaconissze,
1994 5527 2243 5593 Procula,
2300 5539 2356 5582 et

785 5619 1073 5686 Pcntadia,
1103 5630 1156 5673 et
1191 5620 1423 5691 Sylvana
1465 5620 1597 5692 (at),
1634 5635 1753 5690 qum
1782 5620 1982 5673 bonam
2013 5629 2221 5690 partem
2245 5619 2359 5674 ele-

851 5779 962 5845 (45)
992 5781 1067 5834 De
1094 5781 1379 5835 Ammonio
1416 5791 1463 5835 et
1496 5779 1698 5835 Isidoro
1725 5780 2046 5847 Origcnistis
2078 5780 2145 5833 ab
2172 5778 2349 5846 Olym-

785 5850 891 5919 pia,
927 5852 1093 5905 inscic
1116 5863 1297 5906 tamen
1333 5851 1757 5922 susceptis,vidc
1792 5868 1909 5920 qua:
1936 5851 2184 5920 superius
2216 5850 2355 5903 dicta

2454 3497 2779 3567 ἐντρυφῶσα
2819 3496 2931 3549 τῶν
2970 3495 3266 3548 ὶπιπόνων.
3314 3492 3403 3555 Ὠς
3429 3492 3530 3561 ἤδη
3583 3491 3681 3542 καὶ
3712 3491 3816 3556 τῆς
3846 3489 4032 3549 οὐςίας

2454 3591 2635 3659 πάσης
2670 3590 2910 3660 κατέστη
2944 3586 3132 3658 κυρία,
3166 3587 3261 3639 ἐπὶ
3290 3586 3391 3656 τὴν
3415 3585 3715 3657 θεραπείαν
3739 3586 3914 3653 αὐτὴν
3933 3583 4036 3636 τῶν

2452 3683 2625 3751 ἁγίων
2658 3680 2916 3735 ἐκκενοῦν
2950 3679 3112 3747 ἔγνω,
3162 3677 3410 3739 διάκονός
3436 3694 3496 3730 τε
3536 3677 3636 3745 τῆς
3726 3674 4040 3742 [ἐκκλησίας

2454 3772 2655 3843 ἠξίωτο
2707 3771 3045 3840 καταστῆναι
3097 3772 3299 3840 πάσης,
3330 3768 3417 3821 διὰ
3448 3767 3671 3836 πολλὴν.
3704 3767 3776 3836 ἣν
3806 3763 3925 3835 εἶχε
3945 3767 4039 3832 τῆς

2454 3863 2740 3926 εὐλαϐείας
2768 3862 3107 3931 περιουσίαν,
3134 3862 3230 3913 καὶ
3263 3860 3323 3912 τὸ
3345 3859 3444 3927 τῆς
3469 3859 3784 3927 φιλοξενίας
3826 3862 4038 3926 ett-rga.-

2455 3953 2734 4007 νέστατον.
2763 3939 2881 4005 Ἶιν
2899 3951 3009 4023 γὰρ
3036 3950 3130 4004 καὶ
3183 3951 3417 4020 μάλιστα
3442 3951 3566 4011 τοὺς
3592 3951 3798 4020 ἀρετὴν
3829 3951 4044 4020 μετιόν-

2453 4064 2552 4109 τας
2611 4045 2891 4111 ξενίζουσα
2947 4045 3270 4113 φιλοτίμως,
3330 4044 3423 4096 ιιαὶ
3473 4043 3796 4113 θεραπείαν,
3860 4044 3917 4095 εί
3962 4043 4041 4102 τίς

2455 4140 2594 4202 ἔστι,
2621 4137 2996 4207 προσάγουσα,
3023 4137 3055 4204 ἥ
3084 4136 3176 4188 καὶ
3200 4133 3445 4204 Θεοφίλῳ
3476 4134 3738 4196 πολλάκις
3753 4134 3816 4185 τὸ
3842 4134 4043 4200 ἑαυτῆς

2460 4231 2834 4303 μεγαλόψυχον
2857 4228 3190 4292 ἐπεδείξατο·
3219 4228 3323 4280 κᾶν
3356 4228 3455 4296 τῆς
3477 4228 3690 4278 ἐκείνου
3715 4226 3970 4293 γλώττης
3984 4228 4043 4277 τὸ

2458 4324 2814 4395 φιλολοίδορον
2856 4322 2978 4375 οὐδὲ
3044 4320 3185 4389 αὐτὴ
3230 4320 3460 4388 ἔσχατον
3507 4318 3752 4389 ἠδυνήθη
3808 4323 4041 4385 φυγεῖν,

2458 4417 2730 4489 πρόφασιν
2753 4414 2938 4478 δοῦσα,
2964 4415 3024 4467 τὸ
3053 4416 3181 4474 τοὺς
3203 4414 3292 4466 ὑπ’
3324 4413 3490 4466 αὐτοῦ
3522 4411 3886 4480 διωχθέντας,
3919 4413 4045 4472 τοὺς

2457 4511 2585 4580 περὶ
2630 4507 2941 4578 Ἀμμώνιον
2971 4524 3120 4577 φημι
3157 4505 3253 4559 καὶ
3286 4504 3591 4574 “ἰσίδωρον,
3623 4504 3828 4572 ἄνδρας
3855 4503 4040 4572 630g:-

2458 4602 2571 4665 λεῖς
2633 4600 3012 4666 ὑποδέξασθαι.
3066 4597 3292 4651 Πάντων
3352 4597 3450 4667 μὲν
3476 4593 3592 4659 οὖν,
3640 4596 3831 4667 ὥσπερ
3881 4597 4043 4665 ἔφην,

2458 4693 2568 4748 τῶν
2623 4694 2929 4764 φιλαρέτων
2958 4690 3170 4761 ἀνδρῶν
3226 4689 3443 4758 θερμῶς
3473 4689 3718 4757 ἔκήδετο,
3775 4689 3874 4740 καὶ
3911 4706 4047 4757 προ·

2457 4788 2607 4851 νοίας
2665 4787 2864 4849 αὐτοὺς
2902 4786 3082 4854 πάσης
3131 4781 3287 4851 ἠξίου
3317 4799 3332 4814 ’
3365 4781 3444 4851 τῷ
3483 4781 3537 4833 δὲ
3574 4782 3837 4849 μακαρίῳ
3867 4781 4045 4851 τούτῳ

2456 4881 2552 4933 καὶ
2608 4876 2844 4949 συνήθης
2898 4876 3141 4943 ἐγένετο,
3192 4874 3443 4942 καθάπερ
3495 4872 3677 4924 Θέκλα
3702 4871 3785 4937 τῷ
3820 4872 4041 4942 Παύλῳ,

2458 4971 2559 5041 τῆς
2596 4970 2760 5024 αὑτοῦ
2811 4968 3057 5038 γλώττης
3103 4968 3210 5037 ὅλῳ
3255 4965 3355 5035 βίῳ
3415 4966 3616 5032 ἑαυτὴν
3662 4964 4043 5035 ὲξαρτήσασα.

2472 5064 2628 5118 Ἐπεὶ
2650 5062 2708 5114 δὲ
2740 5062 2875 5132 αὐτῇ
2910 5061 3005 5113 καὶ
3029 5060 3215 5129 ἕτεραι
3243 5059 3485 5111 διάκονοι
3517 5056 3782 5123 συνῆσαν,
3824 5056 3865 5107 Π
3878 5056 4043 5126 pia-:17}

2458 5172 2517 5209 τε
2540 5156 2635 5208 καὶ
2660 5154 2924 5207 Πενταδία
2952 5154 3047 5205 καὶ
3075 5151 3329 5220 Σιλόανὴ,
3351 5156 3445 5203 καὶ
3480 5150 3648 5209 αὐτας
3680 5148 3805 5199 τότε
3835 5164 4048 5215 συγκα-

2456 5228 2640 5313 λέσας,
2685 5247 2872 5310 Δεῦτε,
2942 5246 3071 5315 ἔφη,
3129 5243 3452 5311 θυγατέρες,
3511 5242 3783 5311 περίσχετὲ
3814 5258 3909 5308 μοι
3954 5240 4046 5291 τὶν

2458 5341 2615 5394 νοῦνῒ
2636 5340 2787 5410 Τάχα
2850 5337 2960 5408 γὰρ
2988 5337 3080 5390 καὶ
3115 5338 3251 5406 πρδς
3276 5336 3421 5399 τέλος
3462 5335 3565 5404 ἢδη
3622 5334 3797 5385 κλίνει
3823 5335 3895 5385 τὶ
3922 5334 4043 5385 κατ’

2458 5433 2578 5502 ἐμὲ,
2619 5428 2719 5485 θἰαὶ
2766 5431 2950 5483 οὐκέτι
2982 5446 3048 5498 με
3076 5430 3217 5482 κατὰ
3265 5430 3356 5481 τὸν
3403 5427 3497 5481 νῦν
3563 5427 3762 5495 ὄψεςθε
3815 5426 4044 5493 πότμον.

2436 5505 2676 5593 ΙΤαύτην
2705 5523 2761 5574 δὲ
2785 5521 2938 5591 ὑμῶν
2964 5521 3156 5590 δέομαι
3204 5518 3389 5588 δέησιν
3441 5519 3540 5586 τὴν
3568 5520 3829 5587 ὲτχὰττιν,
3877 5517 4045 5585 μηῗὲν

2460 5617 2560 5685 τῆς
2614 5616 2878 5684 συνηθους
2924 5616 3052 5686 περὶ
3076 5615 3170 5667 τὸν
3225 5612 3320 5667 τοῦ
3349 5610 3485 5665 Θεοῦ
3514 5613 3641 5665 ναὸν
3679 5611 4045 5681 προσεδρεΞας

2458 5788 2603 5832 511111.

2541 5869 2551 5915 ι
2573 5852 2586 5901 ί
2609 5849 2646 5901 i;
2684 5848 2765 5902 Al.
2801 5842 3090 5899 Stit’t'imtm.
