4178 6484
160 414 312 482 1185

1228 416 1401 477 ῊΤΛ
1443 417 1505 478 S.
1547 414 1866 476 JOANNIS
1922 416 2473 477 ClliiYStiSTOMI.

3287 418 3432 487 1186

162 536 258 587 καὶ
308 532 550 594 πίστεως
584 530 927 600 καθυφεῖναι.
974 528 1085 583 Καὶ
1110 528 1169 593 ὃς
1198 528 1264 582 ἂν
1293 530 1383 581 ἐπὶ
1436 531 1525 583 τὸν
1558 528 1747 597 θρόνον

1884 540 2038 581 erant
2071 530 2461 583 convenienter
2491 529 2675 583 divino
2698 529 2896 586 Christi
2932 532 3113 594 verbo,
3138 549 3260 588 cum
3288 536 3430 605 ipsas

166 625 356 678 τοῦτον
390 623 596 692 (τὸγὰρ
618 618 759 676 εἶναι
786 623 885 692 τὴν
928 621 1257 691 Ἐκκλησίαν
1282 621 1490 690 ἔρημον
1525 619 1744 673 ἐπισκό-

163 734 267 767 που
291 717 509 776 παντως
542 715 643 766 οὐκ
666 713 869 781 ἔσται),
898 712 955 774 ὃς
984 712 1050 765 ἂν
1082 708 1176 766 οὖν
1203 714 1347 766 κατὰ
1378 710 1477 780 τὴν
1523 709 1743 763 πάντων

166 811 474 862 συναίνεσιν
500 806 587 861 ἐπ’
610 808 771 861 αὑτὸν
802 808 1034 877 ἁναχθῇ,
1064 807 1239 876 τούτῳ
1276 807 1528 876 καθάπερ
1559 806 1622 874 δὴ
1656 807 1746 858 καὶ

164 909 288 972 ἐμοὶ
341 908 441 971 τὴν
495 902 738 973 κεφαλὴν
797 901 953 970 ὑμεῖς
999 900 1345 965 ὑποκλίνατε,
1397 903 1491 953 καί
1519 919 1621 967 μου
1652 900 1747 969 τῆς

168 1001 391 1068 ηέιγέιπης
414 1001 472 1052 ἐν
496 1001 616 1060 ταῖς
647 998 981 1067 προσευχαῖς
1035 995 1341 1066 μέμνησθε.
1390 995 1514 1048 Ἐπὶ
1542 994 1748 1054 τούτοις

166 1096 290 1145 ἐπεὶ
329 1092 564 1161 ἰσχυρῶς
588 1090 835 1175 αὑτῶηὴ
870 1088 1015 1159 λυπη
1053 1087 1326 1150 καθίκετο,
1376 1087 1467 1139 καὶ
1523 1088 1635 1149 τοῖς
1661 1085 1749 1138 δά-

170 1202 334 1254 κρυσι
394 1181 794 1251 συνεχύθησαν,
863 1179 1048 1248 ἔλεγόν
1096 1197 1161 1233 τε
1220 1181 1319 1248 τὴν
1379 1178 1638 1248 στέρησιν
1690 1177 1751 1230 οὑ

170 1278 419 1345 ςορητὴν
470 1275 660 1335 αὑταῖς
722 1269 884 1338 εἶναι,
932 1275 1027 1327 καὶ
1077 1275 1189 1337 τοῖς
1243 1273 1370 1327 ποσὶ
1403 1272 1754 1341 προσέκειντο

172 1372 286 1430 τοῖς
335 1364 501 1420 αὑτοῦ
544 1365 734 1435 γοερὸν
762 1366 1133 1430 όλολύζουσαι,
1190 1367 1397 1427 ἐκεῖνος
1438 1365 1524 1417 ἵνα
1557 1364 1630 1435 μὴ
1677 1361 1755 1432 τῷ

173 1461 321 1529 εχλῳ
358 1459 493 1528 πρὸς
542 1457 799 1527 αἴσθησιν
829 1457 890 1510 τὸ
920 1460 1153 1528 πρᾶγμα
1199 1458 1363 1510 πεσὸν
1399 1456 1626 1526 θόρυϐον
1660 1458 1757 1525 ἐμ-

174 1553 339 1622 ϐάλῃ,
364 1552 507 1603 νεύει
544 1551 652 1603 τῶν
681 1550 1070 1619 πρεσϐυτέρων
1111 1550 1216 1603 τινὶ
1250 1550 1588 1619 μεταστῆσαι
1621 1547 1757 1601 ταύ-

174 1664 297 1709 τας,
337 1645 510 1697 καὶτὸ
541 1646 640 1713 μὲν
672 1644 993 1713 ὑποζύγιον,
1026 1636 1086 1696 οῦ
1128 1645 1221 1697 καὶ
1242 1643 1544 1696 ἐπιϐαίνειν
1578 1642 1759 1695 εἰώθει

176 1739 394 1806 (λαθεῖν
453 1738 563 1807 γὰρ
630 1735 910 1807 ἠϐούλετο)
956 1738 1092 1808 πρὸς
1142 1740 1263 1799 ταῖς
1293 1736 1538 1799 δυτικαῖς
1563 1736 1760 1799 πύλαις

179 1831 377 1900 στῆναι
450 1829 663 1883 κελεύει
704 1846 718 1860 ⁸
798 1830 962 1894 αὐτὸς
1016 1830 1073 1882 δὲ
1133 1830 1220 1884 διὰ
1265 1830 1372 1883 τῶν
1428 1829 1762 1882 ἀνατολικῶν

1853 636 2069 689 quoque
2104 632 2229 674 tunc
2266 638 2493 693 magnus
2526 623 2611 676 ille
2641 636 2997 679 convocasset
3032 646 3043 680 :
3080 627 3278 681 Adeste
3306 629 3430 695 huc,

1855 714 2049 784 inquit,
2113 714 2264 777 filiae,
2314 717 2555 769 animum
2612 718 2739 770 mihi
2797 718 3071 773 adhibete.
3118 721 3224 773 Res
3285 723 3430 774 enim

1856 819 2052 863 nostra:
2084 810 2267 875 utique
2292 809 2398 873 jam
2438 811 2671 863 tendunt
2701 811 2764 861 ad
2821 810 3004 868 finem.
3048 828 3145 865 nec
3203 830 3285 865 me
3315 830 3433 866 am-

1858 905 1998 973 plius
2035 906 2287 957 videbitis
2324 906 2373 958 in
2412 906 2513 959 hoc
2548 907 2769 960 mundo.
2809 908 2956 961 Hanc
2992 919 3172 962 autem
3216 926 3242 960 a
3283 908 3435 962 vobis

1857 1008 2152 1051 extremam
2205 1014 2333 1067 rogo
2387 999 2729 1067 petitionem,
2766 1011 2822 1051 ut
2884 999 2949 1049 de.
2986 1009 3162 1053 vestra
3221 1000 3272 1053 in
3343 999 3434 1052 llei

1860 1097 2120 1164 templum
2153 1097 2473 1150 assiduitate
2508 1106 2561 1149 et
2592 1096 2695 1149 fide
2729 1096 2861 1148 nihil
2899 1095 3210 1153 remittatis,
3239 1106 3290 1147 et
3317 1093 3439 1161 qui-

1863 1203 2079 1257 cunque
2110 1190 2249 1242 hanc
2290 1188 2475 1243 sedem
2508 1189 2816 1242 ascenderit
2844 1188 2981 1257 (fieri
3029 1188 3174 1241 enim
3206 1176 3313 1239 non
3346 1202 3440 1253 po-

1863 1282 2004 1345 terit,
2038 1292 2095 1335 ιιι
2131 1280 2371 1336 Ecclesia
2422 1282 2646 1334 omnino
2697 1290 2879 1335 careat
2923 1281 3223 1349 epist-opu),
3265 1281 3311 1332 ei
3349 1295 3442 1333 vos

1862 1374 2004 1427 sicut
2051 1374 2181 1427 mihi
2242 1374 2419 1442 capita
2471 1374 2770 1435 ineliuetis,
2803 1382 2857 1427 et
2894 1373 2997 1426 mei
3042 1372 3349 1425 dilectionis
3387 1372 3441 1425 in

1865 1468 2119 1536 precibus
2176 1467 2558 1521 memineritis.
2610 1467 2737 1522 Post
2794 1468 2908 1521 hzec
2966 1482 3089 1521 cum
3141 1480 3233 1519 eas
3293 1465 3446 1519 dolor

1867 1558 2220 1612 vehementer
2276 1558 2605 1622 invasisset,
2654 1568 2707 1612 et
2756 1558 3005 1628 protinus
3051 1558 3282 1612 fuissent
3315 1573 3448 1612 con—

1868 1647 2000 1701 fusze
2053 1649 2324 1717 lat-rvinis.
2368 1658 2423 1703 et
2476 1647 2719 1701 dicerent
2766 1650 2885 1715 ejus
2932 1648 3290 1717 privationem
3339 1662 3447 1699 non

1871 1740 2108 1794 futuram
2144 1742 2224 1794 eis
2259 1741 2615 1803 tolerabilem,
2650 1751 2703 1793 et
2735 1742 2853 1810 ejus
2906 1742 3074 1809 pedes
3102 1752 3446 1809 prensarent,

1873 1836 2140 1904 ejulantes
2173 1835 2578 1897 miserabiliter,
2613 1835 2722 1895 ille,
2767 1850 2833 1888 ne
2869 1835 2912 1888 si
2958 1837 3191 1904 populus
3239 1836 3288 1889 id
3324 1851 3451 1890 sen-

180 1925 381 1989 εξεισι,
440 1922 538 1975 καὶ
600 1924 737 1992 μετὰ
786 1923 983 1989 ὀλίγων
1039 1922 1201 1975 τινῶν
1240 1923 1377 1990 πρὸς
1406 1922 1497 1974 τὸν
1523 1922 1768 1988 αἰγιαλὸν

1883 1929 2051 1989 sisset,
2076 1927 2299 1979 afferret
2321 1928 2636 1989 tumultum,
2664 1928 2856 1979 annuit
2886 1930 2974 1979 uni
3002 1943 3064 1981 ex
3093 1929 3447 1997 presbyteris,

180 2018 498 2085 καταχθεὶς,
556 2017 767 2069 ἔπλεεν.
786 2014 926 2068 Ἀλλ’
970 2009 1082 2068 οἷον
1107 2016 1217 2085 ἄρα
1250 2015 1344 2066 καὶ
1368 2015 1593 2083 μνήμης
1618 2012 1769 2077 ἂξιον

181 2112 258 2173 εἰς
286 2112 511 2179 ἔλεγχον
532 2109 633 2178 τῆς
659 2110 767 2161 τῶν
800 2108 1094 2180 μοχθηρῶν
1126 2108 1327 2169 κακίας
1358 2109 1386 2159 ὁ
1410 2108 1566 2174 λόγος
1600 2106 1771 2159 σπεύ-

183 2204 292 2258 δων
334 2203 534 2274 μικροῦ
568 2206 661 2255 καὶ
704 2202 1027 2272 παρέδραμε
1052 2218 1068 2267 ;
1094 2201 1170 2255 Τὸ
1191 2201 1300 2270 γὰρ
1334 2200 1569 2270 πονηρὸν
1598 2203 1771 2254 ἐκεῖνο

186 2296 490 2364 συνέδριον,
550 2294 671 2348 ἐπεὶ
712 2292 818 2347 ἔδει
880 2293 1018 2362 μετὰ
1061 2292 1171 2345 τῶν
1237 2292 1416 2346 ἄλλων
1453 2286 1529 2346 ὧν
1566 2294 1773 2363 ἐπῆγον

183 2387 267 2458 τῷ
290 2388 433 2455 ἁγίῳ
463 2385 672 2451 κακῶν,
701 2387 835 2455 μηδὲ
856 2386 1018 2451 φόνου
1035 2386 1234 2447 αὑτοὺς
1258 2385 1619 2455 ἀποσχέσθαι,
1640 2386 1776 2439 ἀλλὰ

189 2481 286 2531 καὶ
316 2479 409 2530 τὸν
448 2478 535 2529 διὰ
580 2476 767 2544 ξίφους
816 2474 1082 2543 ὠδινῆσαι
1143 2474 1265 2527 κατ’
1303 2474 1469 2526 αὑτοῦ
1515 2473 1772 2538 θάνατον,

187 2572 411 2639 οἰκέτης
440 2571 548 2622 τῶν
605 2585 749 2630 τινος
810 2565 1223 2636 πρεσϐυτέρων,
1266 2564 1534 2628 Ἐλπίδιος
1582 2564 1774 2633 ὄνομα,

191 2663 541 2733 πεντήκοντα
577 2658 932 2729 νομισμάτων
985 2658 1073 2710 ὑπ’
1099 2656 1341 2717 ἐκείνων,
1378 2655 1477 2725 φεῦ
1514 2657 1526 2709 l
1568 2656 1665 2724 τὴν
1692 2655 1777 2707 δε-

190 2759 315 2824 ξιὰν
372 2754 686 2825 μισθωθεὶς,
741 2751 1146 2805 ἐπιϐουλεύσειν
1198 2750 1389 2818 ἔμελλε
1436 2748 1513 2818 τῷ
1560 2748 1776 2817 δικαίῳ,

194 2852 296 2905 καὶ
344 2850 621 2918 φωραθεὶς
664 2846 810 2917 (οὑδὲ
867 2847 977 2914 γὰρ
1031 2844 1242 2911 ἀφῆκεν
1269 2836 1350 2905 οἷς
1381 2838 1489 2896 οἶδε
1540 2842 1720 2909 λόγοις
1746 2843 1779 2910 ὴ

199 2944 423 2999 πάντων
473 2940 907 3010 ἐπιτροπεύουσα
941 2926 1193 3008 Πρόνοια)
1259 2937 1433 2999 ἐνίους
1467 2937 1574 2989 τῶν
1615 2953 1782 2988 κατα-

196 3038 445 3106 σχόντων
500 3030 578 3097 οἷς
634 3029 747 3102 εἶχε
798 3033 1001 3100 ξὶερεσι,
1037 3032 1163 3092 τοὺς
1198 3030 1295 3099 μὲν
1343 3031 1538 3091 ἀνεῖλε,
1574 3030 1695 3091 τοὺς
1725 3029 1779 3080 δὲ

198 3133 296 3183 καὶ
322 3126 574 3197 χαλεπῶς
608 3125 861 3191 ἑπληξεν.
900 3122 1039 3176 Ἀλλ’
1059 3121 1201 3175 οὑτω
1225 3122 1323 3191 μὲν
1352 3124 1379 3173 ό
1412 3122 1583 3188 μέγας
1605 3121 1778 3184 ἔπλει,

1875 2029 1932 2073 ιιι
1972 2035 2062 2073 eas
2092 2020 2385 2073 abduceret
2428 2037 2438 2069 :
2479 2030 2527 2071 et
2567 2020 2872 2089 jutnenttnn
2908 2019 3150 2087 quidem,
3177 2022 3320 2088 quod
3365 2035 3440 2074 so-

1873 2112 2018 2166 lebat
2048 2112 2345 2165 ascendere
2378 2112 2616 2179 (volebat
2652 2112 2795 2164 enim
2842 2112 3053 2177 latere),
3092 2112 3252 2180 jussit
3288 2112 3449 2165 statui

1872 2204 1939 2257 ad
1996 2213 2181 2271 portas
2216 2201 2640 2257 Oet-identales:
2698 2203 2814 2272 ipse
2869 2215 3049 2258 autem
3095 2220 3192 2273 per
3241 2214 3439 2273 put-tau

1874 2294 2207 2349 Orientaletn
2256 2296 2417 2349 simul
2448 2306 2530 2350 est
2575 2311 2850 2366 egressus,
2894 2309 3101 2351 etcum
3154 2297 3340 2365 paucis
3387 2312 3458 2352 au

1875 2389 2003 2442 litus
2032 2389 2299 2443 deductus
2332 2390 2622 2460 navigavit.
2658 2389 2762 2443 Sed
2792 2390 3007 2458 qualem
3040 2405 3178 2452 rem,
3204 2399 3257 2444 et
3291 2406 3460 2459 quau.-

1876 2480 2117 2551 dignam.
2154 2497 2275 2550 qum
2310 2490 2768 2535 commemoretur
2813 2482 2877 2535 ad
2917 2483 3077 2551 plane
3127 2483 3455 2553 arguendam

1879 2573 2247 2643 improborum
2273 2576 2556 2637 malitiam,
2576 2574 2843 2629 festinans
2864 2576 3041 2628 oratio
3062 2576 3455 2644 propemodum

1881 2665 2266 2733 praetermisit?
2302 2666 2613 2735 Improbum
2648 2667 2792 2719 enim
2829 2666 2959 2720 illttd
2991 2666 3303 2725 concilium.
3332 2679 3455 2718 cum

1880 2767 2158 2827 oporteret
2181 2773 2302 2811 cum
2332 2758 2450 2811 aliis
2476 2757 2650 2822 malis,
2680 2774 2799 2826 quae
2848 2766 3036 2812 sancto
3087 2757 3455 2821 intentabant,

1883 2866 1949 2904 ne
1982 2850 2128 2919 ipsos
2154 2850 2371 2918 quidem
2400 2867 2429 2904 a
2461 2851 2606 2904 cmde
2626 2852 2920 2911 abstinere,
2953 2851 3046 2904 sed
3082 2850 3242 2904 etiam
3274 2851 3462 2918 inique

1880 2944 2057 3012 gladio
2088 2944 2287 2996 Caedem
2338 2944 2390 2998 in
2426 2960 2547 2997 eum
2580 2944 2873 3012 parturire,
2906 2943 3139 2997 famulus
3179 2943 3460 3011 cujusdam

1883 3050 1945 3088 ex
1971 3036 2320 3104 presbyteris,
2354 3036 2574 3088 nomine
2604 3034 2867 3103 Elpidius.
2892 3037 3281 3105 quinquaginta
3304 3051 3466 3087 num-

1886 3130 2022 3194 mis,
2061 3131 2192 3197 proh
2254 3130 2440 3194 dolor,
2501 3131 2568 3183 ab
2626 3131 2731 3183 illis
2786 3130 3121 3189 conductus,
3173 3137 3290 3182 erat
3344 3129 3466 3182 viro

201 3224 299 3273 καὶ
354 3222 489 3291 πρὶς
544 3220 643 3286 τὴν
702 3216 1000 3286 ὑπερορίαν
1051 3217 1317 3283 ἀπήγετο.
1402 3214 1593 3282 Ἡδονὴ
1634 3214 1691 3266 δὲ
1722 3214 1781 3265 τὸ

1883 3225 2029 3290 justo
2090 3231 2379 3290 paraturus
2442 3221 2684 3275 insidias.
2735 3222 2834 3285 Qui
2881 3221 3098 3289 quidem
3155 3218 3467 3288 deprehen-

206 3312 413 3381 πλῆθος
461 3313 554 3363 καὶ
599 3309 744 3379 λύπη
777 3307 1170 3378 διεμερίζοντο
1202 3308 1344 3377 λύπη
1372 3307 1490 3375 μὲν,
1533 3308 1658 3369 τοὺς
1690 3306 1781 3358 εὑ-

204 3407 389 3468 σεϐεἰς
428 3423 485 3457 τε
515 3407 611 3457 καὶ
660 3402 974 3472 όρθοδόξους
1014 3403 1107 3454 καὶ
1142 3402 1269 3462 τοὺς
1302 3398 1535 3470 χρυσοῦς
1572 3400 1784 3452 ἐκείνου

205 3502 404 3565 λόγους
462 3495 840 3566 ζημιωθέντας
872 3494 1012 3563 μετὰ
1042 3494 1140 3563 τῆς
1178 3493 1382 3562 σεμνῆς
1408 3491 1605 3560 ὄψεως·
1629 3490 1788 3558 ἡδονὴ

206 3592 269 3646 δὲ
305 3592 596 3651 Ἰουδαίους
639 3590 733 3641 καὶ
769 3588 1059 3656 Ἕλληνας,
1104 3582 1185 3647 οἷς
1226 3584 1319 3637 καὶ
1371 3587 1450 3646 είς
1485 3582 1681 3653 ἑορτὴν
1722 3582 1789 3634 τὸ

211 3688 449 3754 πρᾶγμα
473 3685 731 3752 κατέστη,
766 3682 890 3743 τοὺς
917 3681 1170 3748 ἐλέγχους
1206 3677 1417 3740 πάντας
1445 3675 1543 3745 τῆς
1581 3674 1790 3728 ἐκείνου

210 3777 462 3846 γλώττης
512 3773 893 3842 διαφυγοῦσιν,
942 3772 1076 3825 ὡσεὶ
1138 3769 1265 3840 βέλη
1300 3771 1356 3822 ἐν
1388 3771 1531 3837 χειρὶ
1556 3766 1788 3820 δυνατοῦ

212 3873 333 3933 ταῖς
370 3870 623 3937 καρδίαις
654 3868 988 3935 ἀφιεμένους
1011 3880 1022 3892 ·
1056 3864 1110 3916 οἵ
1145 3864 1239 3915 καὶ
1269 3861 1670 3927 κατεμωκῶντο
1700 3864 1797 3913 καὶ

216 3962 581 4025 κατέπαιζον,
631 3959 728 4013 καὶ
758 3958 923 4011 πολὺν
954 3956 1166 4025 γέλωτα
1194 3955 1296 4022 τῆς
1318 3953 1427 4006 τῶν
1451 3952 1795 4024 κρατούντων

215 4056 480 4123 κατέχεον
540 4050 813 4119 εὐηθείας,
860 4049 935 4111 ὼς
985 4047 1182 4117 μικροῦ
1220 4048 1313 4099 καὶ
1346 4045 1413 4099 δι’
1441 4044 1627 4098 οἴκτου
1654 4043 1800 4097 τίθε-

218 4148 345 4200 σθαι
374 4147 472 4215 τὴν
501 4146 607 4197 τῶν
632 4141 974 4215 Χριστιανῶν
1006 4142 1310 4211 συμφοράν.

1885 3330 1977 3368 sus
2031 3315 2237 3381 (neque
2295 3314 2441 3368 enim
2490 3315 2690 3381 quibus
2744 3314 2895 3365 novit
2951 3311 3290 3371 rationibus,
3342 3308 3469 3363 sivit

1886 3421 2010 3459 eum
2056 3406 2221 3459 latere
2256 3404 2349 3458 Dei
2387 3404 2759 3473 providentia)
2805 3403 3097 3457 nonnullos
3127 3418 3192 3455 ex
3236 3401 3320 3465 iis,
3371 3399 3466 3469 qui

1887 3512 2011 3551 eum
2064 3497 2631 3566 comprehenderant,
2696 3496 2760 3549 iis
2819 3510 2957 3565 quos
2998 3494 3189 3548 habuit
3243 3492 3467 3546 ensibus

1890 3588 2165 3644 interfecit
2210 3609 2224 3643 :
2276 3589 2415 3644 alios
2465 3599 2646 3643 autem
2699 3587 2937 3658 graviter
2987 3586 3311 3640 vulneravit.
3361 3583 3468 3638 Sed

1891 3684 1979 3737 ille
2038 3684 2259 3753 quidem
2328 3698 2555 3753 magnus
2602 3683 2679 3735 sic
2739 3680 3027 3748 navigabat
3065 3688 3118 3732 et
3175 3678 3357 3731 abibat
3414 3677 3469 3730 in

1890 3776 2182 3838 exsilium,
2240 3775 2474 3844 populus
2526 3782 2707 3827 autem
2764 3773 2961 3841 partim
3010 3771 3213 3835 laetitia,
3273 3770 3467 3839 partim

1892 3868 2081 3922 dolore
2131 3865 2510 3921 afﬁciebatur:
2553 3865 2740 3919 dolore
2799 3864 3016 3933 quidem
3071 3862 3173 3931 pii,
3222 3861 3312 3930 qui
3361 3860 3473 3928 pri-

1898 3960 2005 4012 vati
2056 3966 2214 4012 erant
2266 3957 2528 4011 suavibus
2571 3956 2713 4009 illius
2747 3954 3086 4007 orationibus
3134 3967 3257 4006 cum
3304 3965 3470 4004 vene-

1899 4050 2071 4104 rando
2109 4058 2333 4118 aspectu
2367 4068 2378 4102 :
2414 4048 2598 4102 laztitia
2624 4062 2752 4101 vero
2781 4045 2950 4100 Judzei
2978 4055 3032 4098 et
3067 4045 3317 4114 gentiles,
3349 4043 3463 4110 qui-

1902 4142 2002 4196 bus
2032 4143 2149 4197 lnec
2203 4157 2292 4195 res
2313 4141 2442 4195 dies
2470 4149 2589 4194 erat
2637 4139 2833 4203 festus,
2872 4147 2931 4191 ut
2961 4137 3050 4206 qui
3094 4137 3235 4189 illius
3276 4135 3455 4200 lingua

220 4238 687 4310 reprehensiones
738 4237 966 4290 omnino
1000 4234 1363 4303 effugissent:
1414 4230 1884 4301 reprehensiones,
1930 4234 2170 4303 inquam,
2226 4250 2344 4302 qu.e
2384 4241 2636 4300 tanquam
2696 4232 2797 4283 t-sla
2842 4233 2891 4282 in
2930 4244 3091 4281 manu
3132 4228 3386 4297 potentis,
3418 4241 3449 4277 u

218 4349 348 4387 cum
367 4331 555 4387 divino
582 4332 755 4384 dicam
779 4327 1061 4391 Davidc“,
1084 4326 1138 4380 itt
1157 4327 1319 4381 corda
1342 4340 1527 4380 eorum
1554 4324 1983 4380 immittebantur
2009 4348 2021 4378 :
2044 4329 2137 4395 qui
2164 4337 2218 4381 et
2249 4327 2566 4387 irridebant,
2588 4334 2642 4377 et
2664 4322 3096 4385 ludificabantur,
3116 4330 3169 4373 et
3197 4319 3250 4372 in
3274 4317 3478 4387 princi-

221 4444 353 4498 pum
376 4424 661 4481 stultitiam
688 4423 854 4476 risum
878 4421 1229 4476 effundebant
1247 4420 1564 4483 maximum.
1586 4431 1643 4475 ut
1667 4418 2101 4477 Christianorum
2127 4422 2449 4476 calamitatis
2470 4419 2859 4489 propemodum
2882 4418 3042 4469 etiam
3065 4416 3473 4469 misererentur.

296 4521 376 4573 Ν,
444 4517 733 4585 Ἐξαίφνης
778 4516 834 4568 δὲ
865 4515 1073 4581 γίνεταί
1100 4532 1151 4566 τι
1183 4517 1411 4583 πρᾶγμα
1450 4513 1678 4583 φοϐερὸν
1710 4515 1781 4566 κα

1979 4514 2040 4568 L.
2080 4514 2162 4567 Fit
2188 4524 2367 4567 autem
2395 4515 2576 4566 statim
2613 4528 2699 4565 res
2727 4511 2969 4579 quaedam
3003 4510 3276 4567 terribilis.
3309 4512 3351 4561 si
3392 4510 3477 4563 vel

226 4612 391 4681 μέχρι
426 4614 521 4677 τῆς
556 4608 722 4676 ἀκοῆς
754 4609 1069 4677 ἐρχόμενον,
1098 4607 1191 4658 τοῦ
1219 4606 1355 4657 Θεοῦ
1390 4607 1606 4660 πάντως
1631 4605 1806 4669 οὑτως

222 4702 658 4771 οἰκονομοῦντος,
715 4700 902 4769 ὥσπερ
956 4699 1047 4751 τὸν
1097 4699 1320 4765 σεισμὸν
1382 4700 1664 4767 πρότερον,
1728 4700 1804 4761 είς

224 4797 388 4860 δόξαν
450 4794 547 4861 μὲν
598 4791 705 4843 τῶν
762 4790 929 4844 αὑτοῦ
982 4790 1353 4861 θεραπόντων,
1415 4790 1578 4857 φόϐον
1614 4790 1669 4842 δὲ
1715 4792 1808 4842 καὶ

230 4884 595 4954 συναίσθησιν
646 4883 755 4936 τῶν
801 4883 1002 4951 σςόδρα
1064 4882 1353 4951 τολμηρῶν
1410 4883 1500 4933 καὶ
1535 4881 1808 4951 θρασέων,

234 4979 519 5046 μονονουχὶ
595 4977 730 5045 μετὰ
790 4975 883 5027 τοῦ
942 4974 1107 5027 Δαϐὶδ
1170 4976 1474 5043 κηρύττονη
1524 4975 1586 5026 Οἱ
1632 4991 1811 5042 παρα-

232 5070 615 5140 πικραίνοντες
652 5069 725 5138 μὴ
763 5068 1124 5137 ὑψούσθωσαν
1153 5069 1209 5118 ἐν
1230 5069 1463 5132 ἑαυτοῖς.
1492 5069 1671 5136 Αύτῆς
1705 5070 1812 5139 γὰρ

234 5164 472 5233 ἡμέρας,
506 5161 627 5214 καθ’
654 5164 718 5229 ἢν
756 5162 783 5212 ό
807 5161 979 5230 μέγας
1011 5159 1109 5230 τῆς
1146 5159 1472 5229 Ἐκκλησέας
1501 5161 1697 5230 ἀστὴρ,
1726 5155 1815 5213 οἷα

238 5256 373 5325 πρός
412 5273 559 5317 τινας
581 5256 639 5306 δυ
654 5255 788 5325 sps;
812 5255 906 5325 τὴν
948 5254 1249 5323 ὑπερορίαν
1280 5252 1496 5322 ἐχώρει,
1529 5253 1640 5322 πῦρ
1672 5253 1811 5306 θεῖον

237 5348 303 5397 ὲκ
335 5346 499 5413 μέσον
529 5340 622 5397 τοῦ
654 5344 866 5415 θρόνου,
898 5339 941 5411 ᾧ
966 5343 1344 5414 προσεδρεύων
1378 5345 1472 5405 τὰς
1503 5343 1652 5414 ἱερὰς
1678 5344 1813 5412 ἐπί]-

240 5439 374 5503 γαζε
411 5437 650 5506 ὃιδαχὰς,
676 5438 765 5489 ὑπ’
792 5437 1050 5504 οὐδεμιᾶς
1078 5437 1256 5505 χειρὸς
1302 5434 1560 5503 ἀναφθὲν,
1584 5436 1672 5488 διὰ
1702 5435 1812 5487 τῶν

244 5530 407 5597 ίερῶν
437 5530 681 5581 ἁλύσεων
713 5530 972 5598 ἀνετρπεν
1008 5529 1086 5592 εἰς
1119 5528 1271 5597 ὕψος.
1313 5525 1445 5580 Εἶτα
1494 5528 1590 5596 τὴν
1620 5529 1816 5595 στέγην

243 5621 527 5689 διαφαγδν,
589 5622 730 5673 κατὰ
772 5623 879 5672 τῶν
926 5621 1111 5673 νώτων
1144 5621 1252 5672 τῶν
1300 5621 1512 5673 σεπτῶν
1554 5620 1818 5689 δωμάτων

247 5715 462 5784 ἐχώρει.
493 5713 773 5767 Ἐντεῦθεν
829 5713 1027 5783 ἄνεμος
1080 5713 1179 5782 τὴν
1244 5712 1419 5781 φλόγα
1462 5710 1815 5783 παραλαϐὼν,

324 5897 371 5927 ⁸³
404 5895 546 5951 Psal.
587 5912 766 5959 ωτι-ι,
798 5895 850 5950 4.
926 5896 963 5926 “
990 5892 1129 5949 Psal.
1164 5910 1285 5957 sz,
1317 5893 1369 5948 ἲ.

1903 4609 2075 4663 solum
2129 4609 2197 4662 ad
2248 4624 2407 4662 aures
2467 4608 2768 4675 perveniat,
2830 4604 2937 4657 Deo
2978 4604 3090 4657 haec
3139 4602 3476 4670 providente,

1906 4701 2044 4757 sicut
2073 4702 2236 4755 etiam
2264 4699 2417 4769 prius
2450 4708 2608 4753 terra:
2649 4707 2876 4757 motum.
2915 4697 2980 4750 ad
3013 4696 3232 4765 gloriam
3265 4694 3480 4763 quidem

1905 4810 2131 4848 suorum
2182 4792 2532 4853 famulorum,
2574 4803 2777 4845 metum
2828 4800 3009 4842 autem
3049 4798 3102 4841 ct
3135 4787 3481 4841 conscientia:

1908 4895 2169 4939 terrorem
2197 4898 2405 4945 eorum.
2439 4882 2527 4951 qui
2565 4891 2693 4934 sunt
2723 4880 2955 4933 audaces
2987 4888 3041 4931 ct
3066 4877 3358 4938 temerarii,
3390 4877 3482 4943 qui

1908 4976 2070 5029 etiam
2138 4974 2530 5045 prepemodum
2586 4971 2875 5025 emittebat
2925 4985 3110 5024 vocem
3170 4966 3384 5020 Davidis
3416 4966 3483 5027 δι,

1919 5087 1936 5119 ι
1968 5067 2068 5133 Qui
2110 5065 2459 5130 exacerbant,
2508 5080 2578 5118 ne
2619 5064 2949 5117 evtollantur
2996 5061 3047 5113 in
3092 5058 3303 5128 seipsis.
3345 5076 3363 5107 ι
3410 5057 3487 5110 Eo

1911 5160 2055 5213 enim
2089 5159 2198 5219 die,
2221 5173 2329 5226 quo
2357 5172 2548 5227 magna
2588 5156 2675 5208 illa
2708 5155 2859 5207 stella
2910 5151 3186 5208 Ecclesiae.
3219 5149 3384 5202 veluti
3419 5148 3485 5202 ad

1910 5249 2197 5318 quemdam
2243 5263 2496 5302 occasum
2539 5247 2649 5299 ibat
2697 5245 2748 5297 in
2782 5243 3053 5305 exsilium,
3095 5241 3235 5311 ignis
3267 5238 3486 5292 divinus

1914 5356 1979 5392 ex
2029 5339 2116 5393 illa
2172 5340 2323 5401 sede,
2380 5338 2433 5390 in
2483 5353 2588 5405 qua
2620 5336 2866 5391 assidens
2920 5348 3127 5388 sacram
3177 5330 3490 5384 eﬂundebat

1913 5431 2242 5493 doctrinam,
2276 5446 2305 5482 a
2352 5429 2496 5482 nulla
2536 5443 2697 5480 manu
2735 5439 3017 5487 accensus,
3047 5437 3142 5492 per
3186 5434 3369 5473 sacras
3394 5432 3487 5471 ca-

1916 5533 2071 5577 tenas
2094 5525 2265 5593 serpit
2298 5522 2350 5575 in
2376 5520 2567 5574 altum.
2589 5518 2792 5571 Deinde
2816 5532 2937 5569 cum
2970 5523 3171 5567 tectum
3198 5512 3486 5573 exedisset,

1918 5617 2186 5686 processit
2228 5630 2322 5684 per
2363 5628 2630 5668 summam
2683 5608 3024 5677 superficiem
3057 5603 3483 5658 venerandaruut

1918 5709 2136 5764 :edium.
2173 5707 2308 5761 llinc
2337 5722 2461 5762 cum
2494 5706 2792 5760 vehemens
2816 5710 3009 5755 ventus
3037 5697 3308 5752 ﬂammam
3342 5695 3481 5748 inva-
