4178 6484
734 427 868 493 1187

1988 422 2272 483 MENSIS
2301 423 2754 501 JANUARIUS.

3870 421 3998 487 1188

729 538 913 600 sisset.
940 549 1058 590 eam
1090 534 1141 586 in
1172 532 1392 587 domutn
1423 541 1644 586 senatus
1678 540 1890 594 evocat,
1913 546 2033 600 qua:
2053 530 2160 584 sita
2192 539 2301 582 eral

2411 531 2505 583 ἐπὶ
2553 531 2644 583 τὶν
2671 530 2769 600 τῆς
2823 529 3130 600 συγκλήτου
3158 530 3450 600 γερουσίας
3475 524 3624 584 οἶκον
3653 531 3741 583 διὰ
3785 533 4000 600 μακροῦ

726 629 887 699 longo
935 625 1135 679 abhinc
1173 625 1366 692 spatio.
1412 623 1538 678 Erat
1574 634 1754 678 autem
1810 638 1898 676 res
1933 623 2089 676 valde
2128 621 2301 674 admi-

730 721 864 774 rabil
887 737 930 780 s,
954 718 1408 786 quemadmodum
1460 719 1672 772 flamma
1707 728 1964 786 tanquam
1999 718 2299 770 animatum

726 811 1030 883 quidpiam.
1062 811 1145 872 iis,
1182 826 1300 875 quae
1330 819 1485 862 erant
1520 811 1864 874 intermedia,
1909 809 2217 878 pepercerit
2248 815 2302 860 et

726 922 788 960 ea
817 903 1130 958 transilierit
1164 921 1176 955 :
1227 921 1293 958 ne
1331 914 1511 972 posset
1545 902 1741 972 aliquis
1792 902 1866 965 id,
1911 902 2056 969 quod
2098 900 2299 954 factum

726 999 922 1060 fuerat,
965 995 1238 1051 ascribere
1292 997 1574 1059 vicinitati,
1611 1006 1666 1048 et
1699 1005 1805 1049 tam
1858 1011 2115 1064 magnum
2165 1007 2301 1062 opus

724 1098 779 1143 et
806 1101 912 1143 tam
941 1092 1283 1154 diuturnum,
1313 1090 1534 1143 materia
1563 1089 1782 1157 quidem
1814 1087 2296 1157 pretiosissimum,

725 1185 1132 1252 pth-Irritudine
1153 1193 1334 1236 autem
1356 1182 1838 1252 speetosissimum,
1859 1190 2108 1234 exustum
2138 1179 2297 1232 trium

726 1277 980 1330 horarum
1015 1277 1213 1346 spatio,
1235 1277 1509 1330 redactum
1539 1275 1608 1329 sit
1633 1275 1686 1328 in
1724 1274 1970 1328 nihilum.
1991 1273 2078 1327 Sic
2113 1283 2295 1326 autem

725 1369 865 1435 ignis
898 1385 1126 1438 serpens
1163 1380 1216 1423 et
1257 1372 1307 1422 in
1341 1371 1528 1424 orbem
1580 1369 1900 1438 depasrrens,
1951 1367 2048 1420 soli
2109 1383 2300 1423 rursus

726 1465 898 1528 parcit
942 1465 1284 1528 domum-uia»,
1317 1466 1367 1516 in
1403 1481 1506 1534 qua
1559 1469 1920 1518 servabantur
1966 1476 2092 1513 vasa
2123 1476 2294 1514 saera.

724 1553 875 1613 Quod
906 1555 1123 1622 quidem
1186 1572 1293 1608 non
1338 1557 1541 1622 absque
1599 1553 1690 1606 Dei
1744 1553 1970 1605 numine
2019 1566 2120 1604 nec
2167 1567 2296 1607 casu

725 1646 920 1698 fat-lum
952 1656 1034 1699 est
1067 1665 1078 1699 :
1128 1647 1219 1699 sed
1263 1663 1327 1698 ne
1375 1645 1725 1715 symphantis
1757 1643 2025 1713 praeberet
2051 1644 2296 1697 occasio-

722 1758 867 1799 nem.
912 1759 976 1796 ex
1018 1759 1291 1796 szn-rnrnnl
1330 1760 1580 1796 vasorum
1641 1741 1884 1804 interitu,
1927 1749 2118 1794 sancto
2180 1741 2296 1792 viro

722 1837 966 1888 inuremli
1017 1837 1364 1888 calumniam.
1405 1836 1541 1899 Quid
1577 1834 1742 1902 ergo?
1775 1849 1899 1886 cum
1946 1833 2075 1885 hinc
2126 1847 2294 1898 opor-

723 1936 861 1977 teret
915 1927 1193 1995 improbos
1228 1937 1484 1993 tanquam
1535 1940 1876 1994 percussum,
1908 1935 1964 1977 ut
2003 1925 2175 1988 aiunt,
2212 1924 2292 1992 pi-

721 2028 987 2070 senionem
1020 2033 1209 2084 sapere
1241 2035 1253 2069 :
1294 2018 1366 2070 illi
1415 2019 1553 2070 male
1589 2017 1820 2072 faciendi
1855 2017 1983 2071 hinc
2028 2018 2291 2085 majorem

720 2121 1001 2164 sumentes
1035 2112 1384 2173 oet-asionl-n,
1425 2110 1724 2178 pergebant
1756 2123 1816 2160 ea
1856 2111 2131 2177 persequi,
2169 2125 2290 2177 quae

720 2203 970 2256 solebant
997 2221 1012 2259 :
1057 2214 1111 2256 et
1143 2204 1342 2257 multos
1367 2202 1583 2271 quidem
1620 2218 1684 2256 ex
1717 2201 1991 2271 episcopis
2017 2213 2073 2255 et
2110 2217 2292 2254 sacer-

2410 623 2506 676 τοῦ
2540 624 2708 693 μέσου
2738 624 2990 692 κείμενον
3017 624 3351 687 ἐκκαλεῖται,
3384 626 3639 694 καθάπερ
3673 625 3799 678 τινὰ
3823 625 3993 693 Euga-

2408 734 2501 786 χον
2531 717 2639 768 τῶν
2675 716 2877 784 μεταξὺ
2902 717 3264 786 φεισαμένην,
3290 717 3366 779 ῶς
3391 718 3465 786 μὴ
3490 720 3555 786 τῇ
3587 717 3858 786 ὲγγύτητί
3881 735 4000 770 τινα

2407 811 2550 878 ἔχειν
2577 809 2635 862 τὸ
2665 811 2887 878 γεγονὸς
2913 811 3239 880 ἐπιγράφειν
3263 825 3277 838 °
3309 812 3401 863 καὶ
3431 810 3599 878 τριῶν
3630 811 3791 879 ὡρῶν
3827 812 3996 880 ἔργον

2404 902 2645 955 τοιοῦτον
2683 903 2822 972 μέγα
2857 905 2949 956 καὶ
3005 904 3375 974 πολυχρόνιον,
3423 903 3522 974 ὕλῃ
3560 905 3659 971 μὲν
3699 904 3997 956 πολυτελές

2413 1013 2628 1058 στατον,
2684 995 2871 1048 κάλλει
2904 995 2961 1048 δέ
3017 996 3370 1065 ὡραιότατον,
3403 997 3670 1049 ἐκκαυθὲν
3702 998 3782 1056 είς
3819 997 3993 1058 ἅπαν,

2404 1090 2542 1159 πρὸς
2579 1089 2639 1142 τὸ
2679 1089 2753 1160 μὴ
2779 1088 2836 1141 ὃν
2857 1088 3051 1159 ᾤχετο.
3084 1089 3243 1144 Οὕτω
3269 1090 3326 1142 δὲ
3368 1091 3643 1158 παραθέον
3661 1092 3722 1141 τὸ
3752 1089 3867 1153 πῦρ
3895 1091 3992 1140 καὶ

2401 1183 2470 1235 τὰ
2491 1181 2676 1252 κύκλῳ
2711 1182 3118 1251 διανεμόμενον,
3152 1183 3311 1253 μόνου
3351 1181 3444 1234 τοῦ
3471 1183 3715 1234 οίκίσκου
3748 1183 3996 1250 φείδεται

2403 1277 2584 1340 πάλιν,
2617 1277 2673 1328 ὲν
2699 1269 2743 1341 ᾧ
2776 1275 2884 1329 τῶν
2935 1276 3096 1345 ἱερῶν
3129 1277 3338 1329 σκευῶν
3383 1277 3630 1345 ἐτηρεῖτο
3656 1276 3715 1327 τὸ
3749 1275 3987 1342 πλῆθος,

2401 1369 2462 1422 οὐ
2498 1369 2589 1421 τὸν
2623 1371 2826 1439 χρυσὸν
2867 1369 3286 1438 εὐλαϐούμενον,
3318 1370 3438 1422 οὐδὲ
3496 1370 3594 1438 τὴν
3633 1370 3800 1436 ἄλλην
3832 1370 3990 1436 ὓλην,

2401 1464 2475 1525 ὡς
2510 1463 2576 1515 ἂν
2604 1463 2748 1515 εἴποι
2792 1480 2895 1525 τις,
2949 1462 3047 1531 τὴν
3081 1463 3290 1530 τιμίαν,
3347 1463 3461 1516 ἀλλ’
3496 1463 3580 1515 ἵνα
3622 1463 3695 1533 μὴ
3732 1467 3844 1526 τοίς
3893 1481 3991 1515 συ-

2402 1557 2697 1622 κοφάνταις
2743 1555 2930 1622 χώραν
2961 1556 3217 1625 παράσχῃ
3251 1556 3526 1623 διαϐολῆς,
3575 1556 3667 1608 καὶ
3731 1557 3995 1607 ὑπόνοιαν

2403 1645 2742 1712 ὑφαιρέσεως
2762 1647 2826 1714 τῇ
2840 1644 2946 1696 τῶν
2965 1645 3264 1712 κειμηλίων
3284 1645 3528 1715 ἀπωλείᾳ.
3553 1645 3628 1714 τῷ
3644 1645 3787 1713 ἁγίῳ
3818 1661 3964 1713 προσ
3979 1674 3996 1683 -

2399 1739 2653 1806 τρίψωσι.
2699 1733 2934 1802 Ἰ’ί-οὗν;
2967 1737 3082 1788 δέον
3127 1735 3376 1788 ἐντεῦθεν
3404 1737 3530 1798 τοὺς
3568 1737 3860 1804 πονηροὺς,
3915 1736 3994 1798 ὡς

2399 1829 2555 1883 ἀλιέα
2583 1830 2883 1899 πληγέντα,
2909 1830 3062 1896 φασὶ,
3095 1829 3218 1882 νοῦν
3253 1831 3441 1890 οἴσειν,
3468 1831 3516 1880 οί
3551 1830 3606 1881 δὲ
3639 1831 3735 1882 καὶ
3765 1829 3988 1898 πρόφα-

2405 1937 2487 1971 σιν
2517 1920 2676 1972 τοῦτο
2695 1921 3055 1988 ποιησάμενοι
3082 1920 3177 1970 τοῦ
3212 1921 3398 1981 κακῶς
3429 1922 3580 1988 δρᾷν,
3611 1920 3840 1972 πολλοὺς
3861 1918 3978 1969 τῶν

2402 2016 2734 2076 ἐπισκόπων,
2771 2014 2971 2084 μᾶλλον
2991 2015 3082 2065 καὶ
3119 2013 3329 2082 ἱερέων,
3390 2015 3484 2082 καὶ
3535 2012 3642 2064 τῶν
3672 2011 3851 2066 ἄλλων
3878 2012 3991 2063 τῶν

2400 2108 2501 2174 τῆς
2543 2105 2791 2159 Ἰωάννου
2827 2106 3026 2174 μοίρας
3058 2104 3340 2168 ἐκόλαζον,
3366 2105 3470 2156 ὑπὸ
3496 2105 3706 2156 τούτων
3737 2104 3993 2170 λέγοντες

2405 2199 2777 2269 ὑποϐληθῆναι
2812 2199 2870 2252 τὸ
2915 2198 3026 2268 πῦρ
3090 2198 3167 2268 τῷ
3215 2199 3532 2269 πατριάρχῃ
3585 2196 3990 2267 χαριζομένων.

720 2295 961 2355 dntibus.
1013 2297 1212 2350 nmltos
1255 2308 1439 2349 autem
1484 2312 1549 2348 ex
1598 2296 1716 2350 aliis
1746 2310 1984 2365 quoque,
2025 2295 2118 2363 qui
2169 2294 2423 2348 favebant
2495 2293 2742 2363 partibus
2805 2292 3054 2357 Joannis,
3122 2293 3476 2347 vehementer
3528 2292 3852 2360 puniebant,
3891 2289 3982 2343 di-

721 2402 912 2444 centes
977 2391 1146 2445 abiis
1193 2394 1368 2462 ignem
1408 2392 1574 2446 fuisse
1628 2393 1910 2460 injectum,
1960 2392 2088 2446 dum
2132 2390 2334 2444 vellent
2377 2391 2552 2445 facere
2625 2405 2738 2444 rem
2790 2399 2999 2460 gratam
3061 2388 3410 2457 patriarcha).
3468 2387 3573 2441 Sed
3620 2394 3990 2456 persequatur

717 2487 893 2541 oratio
931 2502 1018 2545 ea.
1050 2503 1168 2555 qut-.e
1202 2498 1633 2555 consequuntur,
1666 2497 1720 2541 et
1771 2487 2048 2554 quomodo
2106 2501 2164 2540 sc
2218 2485 2470 2539 habuerit
2499 2485 2776 2547 exsilium,
2806 2484 3120 2555 singulatim
3146 2484 3405 2538 declaret.

785 2577 871 2630 LI.
901 2576 988 2631 Sic
1010 2594 1138 2647 ergo
1157 2595 1383 2646 magnus
1403 2581 1565 2634 homo
1587 2581 1675 2634 Dei
1699 2593 1751 2634 et
1772 2579 2100 2633 fortissimus
2119 2577 2292 2631 athle-

714 2675 766 2722 la
797 2669 1057 2732 veritatis,
1085 2685 1114 2722 a
1143 2671 1300 2724 saevis
1332 2672 1598 2725 militibus
1620 2671 1994 2725 ducebaturin
2018 2670 2292 2741 quoddam

713 2761 989 2815 desertum
1006 2761 1275 2815 Armeniae
1289 2763 1606 2831 oppidulum
1622 2763 1842 2818 nomine
1861 2764 2135 2818 Cucusum
2157 2765 2291 2833 (45),

716 2856 900 2910 multis
947 2865 1077 2908 tune
1122 2865 1176 2909 et
1223 2856 1440 2909 assidue
1481 2855 1682 2910 Isauris
1711 2857 1763 2910 id
1808 2857 2288 2926 depopulantibus,

715 2959 770 3000 et
804 2949 1146 3001 incursiones
1189 2947 1536 3003 facientibus.
1574 2948 1696 3002 Fuit
1737 2959 1916 3003 autem
1954 2950 2057 3004 hoc
2090 2949 2289 3004 fartum

715 3037 988 3098 consulto,
1017 3047 1073 3091 ut
1110 3039 1369 3101 arbitror,
1406 3048 1463 3092 ut
1489 3055 1611 3093 cum
1653 3039 1772 3093 aliis
1806 3041 1984 3103 malis,
2031 3042 2298 3095 inimicis-

2472 2579 2600 2631 NA'.
2623 2578 2782 2632 Οὕτω
2801 2581 2897 2647 μὲν
2927 2577 3018 2630 οὖν
3047 2579 3074 2628 ὁ
3101 2578 3271 2646 μέγας
3303 2576 3394 2630 τοῦ
3417 2576 3552 2629 Θεοῦ
3570 2575 3863 2644 ἄνθρωπος
3894 2573 3992 2628 καὶ

2398 2667 2492 2736 τῆς
2507 2667 2763 2728 ἀληθείας
2786 2669 3095 2736 ἀγωνιστὴς
3114 2669 3342 2736 ἄμαχος,
3364 2668 3468 2719 ὑπὸ
3487 2667 3842 2736 στρατιωτῶν
3863 2667 3994 2735 ἦγε-

2397 2777 2459 2812 το
2489 2761 2566 2821 είς
2596 2757 2800 2829 ἔρημόν
2825 2777 2877 2811 τι
2905 2761 3003 2828 τῆς
3039 2760 3327 2828 Ἀρμενίας
3361 2760 3632 2828 πολίχνιον
3652 2760 3994 2829 (Κουκουσὸς

2397 2853 2616 2922 ὄνομα),
2640 2852 2854 2905 πολλῶν
2869 2853 3000 2904 αὐτὸ
3019 2853 3141 2905 τότε
3167 2853 3261 2906 καὶ
3276 2855 3510 2924 συνεχῶς
3544 2852 3806 2924 Ἰσαύρων
3825 2871 3996 2907 κατα-

2396 2947 2721 3018 τρεχόντων.
2766 2946 3045 3015 Ἐπίτηδες
3072 2942 3225 3016 οἶμαι
3250 2946 3409 2999 τοῦτο
3424 2947 3738 3016 γενόμενον,
3754 2947 3833 3009 ὡς
3854 2948 3994 3015 μετὰ

2405 3040 2515 3092 τῶν
2551 3040 2727 3092 ἄλλων
2753 3039 2940 3092 κακῶν
2990 3042 3084 3090 καὶ
3126 3038 3311 3107 χερσὶν
3349 3038 3510 3091 αὑτὸν
3557 3041 3676 3100 ταῖς
3709 3039 3992 3107 ἐχθίσταις

717 3129 870 3183 simis
898 3143 1115 3198 quoque
1144 3144 1333 3184 eorum
1363 3131 1615 3184 manibus
1647 3132 1973 3185 traderetur.
2005 3132 2137 3197 Qua-
2166 3147 2296 3186 vero

2405 3130 2790 3201 παραδοθῆναι.
2829 3131 2897 3183 Ἀ
2923 3130 2988 3200 δὴ
3017 3131 3159 3183 κατά
3190 3133 3287 3200 τὴν
3319 3130 3436 3182 ὁδὸν
3461 3130 3690 3199 ὑπέστη.
3718 3134 3815 3182 καὶ
3845 3132 3996 3191 ὅσοις

717 3224 805 3278 Ille
835 3224 885 3275 in
915 3223 999 3276 via
1038 3238 1228 3292 passus
1252 3224 1342 3285 sit,
1375 3232 1430 3277 et
1461 3239 1584 3277 cum
1611 3239 1771 3292 quam
1799 3223 1982 3276 multis
2009 3224 2295 3277 decertans

717 3315 896 3380 malis,
939 3329 1039 3368 nec
1071 3315 1149 3367 sic
1179 3314 1396 3382 quidem
1445 3314 1709 3384 ahjecerit
1743 3330 1929 3368 curam
1977 3315 2070 3368 Dei
2111 3315 2296 3369 Eccle—

717 3407 942 3467 siarum,
979 3421 1273 3474 quemnam
1328 3408 1493 3460 alium
1537 3417 1631 3461 aut
1664 3407 1985 3477 jucundius,
2017 3417 2112 3463 aut
2142 3423 2298 3477 aper-

719 3500 844 3562 tius,
861 3509 949 3552 aut
973 3501 1152 3554 verius
1168 3500 1437 3553 dicentem
1458 3500 1766 3561 audiemus,
1783 3517 1945 3570 quam
1965 3501 2118 3554 illum
2137 3500 2159 3552 ?
2175 3499 2299 3553 llaec

715 3592 886 3656 enim,
919 3591 970 3644 in
1009 3608 1111 3645 una
1139 3591 1390 3661 epistola,
1420 3607 1582 3660 quam
1620 3593 1685 3646 ad
1717 3609 1846 3648 suos
1867 3593 2076 3658 scribit,
2104 3600 2299 3647 tractat

717 3683 899 3753 lingua
931 3684 1017 3738 illa
1044 3700 1228 3738 aurea.
1257 3685 1311 3738 Si
1337 3684 1483 3738 enim
1514 3699 1790 3739 carcerem
1816 3685 2090 3749 habitatis,
2123 3693 2178 3738 et
2201 3698 2292 3736 ca-

721 3785 843 3830 tena
877 3775 1039 3829 vincti
1061 3777 1211 3842 estis,
1241 3785 1297 3830 et
1323 3791 1445 3830 cum
1475 3775 1732 3844 squalidis
1760 3785 1814 3828 et
1837 3775 2072 3829 sordidis
2102 3775 2296 3831 inclusi

719 3869 875 3927 estis,
907 3878 1191 3937 prepterca
1224 3869 1368 3937 quod
1412 3885 1520 3922 non
1549 3867 1923 3922 assentiamini
1972 3884 2164 3923 eorum
2194 3869 2301 3923 ini-

718 3959 930 4026 quitati,
970 3960 1235 4013 essultate
1262 3969 1317 4014 et
1371 3960 1649 4024 lmtemini,
1685 3960 2023 4014 coronemini
2065 3969 2121 4016 et
2167 3963 2302 4016 cho-

724 4067 813 4103 ms
863 4051 1086 4114 ducite,
1133 4053 1275 4120 quod
1329 4051 1444 4106 ha‘e
1511 4053 1622 4105 sint
1697 4051 1852 4105 vobis
1931 4052 2148 4107 occasio
2207 4068 2302 4107 eo-

723 4141 1000 4208 piosarnm
1064 4141 1397 4195 mercedum.
1476 4141 1606 4195 Nam
1678 4156 1779 4195 nos
1851 4156 2071 4212 quoque
2152 4145 2304 4199 tabe-

723 4232 846 4285 facti
908 4240 963 4286 et
1009 4233 1315 4302 consumpti
1371 4248 1602 4286 sumus:
1647 4243 1852 4288 mortes
1912 4236 2056 4303 passi
2114 4251 2304 4292 sumus

722 4323 1149 4377 nnumerabiles.
1170 4323 1290 4378 llazc
1306 4334 1484 4376 autem
1505 4333 1733 4392 possunt
1751 4325 1947 4378 melius
1965 4329 2300 4394 renuntiare,

723 4415 815 4483 qui
868 4414 950 4468 vel
1013 4414 1161 4468 brevi
1211 4416 1471 4484 temporis
1517 4425 1795 4469 momento
1841 4415 2126 4472 nobiscum
2175 4431 2303 4474 sunt

724 4507 920 4560 versati
960 4526 972 4560 :
1010 4523 1132 4560 eum
1160 4507 1358 4574 quibus
1403 4521 1472 4559 ne
1513 4506 1660 4574 potui
1699 4507 1916 4575 quidem
1958 4509 2138 4578 loqui,
2175 4526 2299 4565 cum

727 4611 1021 4664 oppressus
1051 4611 1227 4648 essem
1263 4596 1496 4650 assiduis
1530 4596 1788 4651 febribus.
1824 4597 2032 4662 Quibus
2061 4617 2184 4655 cum
2223 4602 2301 4655 la-

729 4689 998 4746 borarem.
1034 4698 1087 4740 et
1124 4697 1287 4740 noctu
1337 4698 1391 4740 et
1422 4687 1657 4740 interdiu
1689 4690 1917 4759 cogebar
1944 4691 2047 4744 iter
2070 4692 2300 4762 ingredi,

728 4795 780 4832 et
817 4788 948 4831 a‘stu
974 4780 1248 4842 obsessus,
1288 4788 1342 4832 et
1384 4779 1558 4849 vigilia
1595 4781 1867 4848 perditus,
1899 4791 1954 4835 et
1993 4783 2301 4850 privatione

730 4870 1182 4931 necessariorum,
1217 4881 1269 4923 et
1309 4879 1547 4939 egestate
1587 4886 1808 4934 eorum,
1842 4872 1933 4940 qui
1969 4874 2076 4926 mei
2115 4889 2300 4928 curam

728 4971 998 5029 gererent.
1022 4960 1089 5013 lis
1119 4962 1283 5020 enim,
1309 4963 1397 5029 qui
1428 4962 1665 5026 metalla,
1697 4962 1927 5028 fodiunt,
1966 4974 2021 5019 et
2052 4982 2299 5023 carceres

731 5052 996 5117 habitant,
1046 5053 1291 5122 graviora
1347 5053 1487 5121 passi
1541 5070 1729 5108 sumus
1771 5065 1826 5110 et
1871 5058 2126 5126 patimur.
2199 5059 2300 5115 Vix

726 5145 946 5197 tandem
995 5156 1176 5198 autem
1234 5145 1454 5213 perveni
1512 5145 1834 5211 Cesaream,
1893 5158 2147 5218 tanquam
2208 5152 2301 5220 qui

726 5237 997 5290 venissem
1062 5252 1091 5290 a
1160 5246 1478 5304 tempestate
1509 5239 1561 5291 in
1595 5249 1831 5308 portum.
1904 5239 2010 5295 Sed
2056 5258 2158 5297 nec
2219 5245 2304 5298 hic

731 5338 918 5399 portus
953 5329 1124 5396 potuit
1154 5343 1399 5382 recreare
1445 5329 1582 5382 mala
1648 5329 1930 5394 fluctuum,
1992 5333 2131 5386 adeo
2202 5349 2304 5388 nos

727 5425 956 5476 omnino
984 5423 1132 5491 prius
1181 5433 1392 5491 tempus
1429 5422 1757 5476 confecerat.
1800 5423 1905 5478 Sed
1959 5435 2142 5480 tamen
2180 5443 2304 5481 cum

730 5517 997 5568 venissent
1044 5514 1342 5568 Czesaream
1373 5555 1386 5575 ,
1438 5530 1544 5567 non
1597 5529 1783 5581 parum
1820 5515 2108 5585 respiravi,
2160 5517 2303 5586 quod

726 5619 924 5669 aquam
996 5603 1105 5658 bibi
1160 5618 1374 5672 puram,
1449 5603 1593 5672 quod
1666 5619 1858 5672 panem
1910 5605 2116 5675 sumpsi
2195 5623 2301 5661 non

729 5697 996 5762 olentem,
1026 5713 1125 5750 nec
1158 5698 1375 5759 durum,
1403 5696 1543 5764 quod
1573 5709 1681 5747 non
1714 5695 1946 5764 amplius
1982 5695 2055 5750 fui
2087 5699 2304 5754 ablutus

2397 3224 2460 3292 δὴ
2493 3225 2584 3275 καὶ
2612 3223 2820 3291 ὴλίκοις
2867 3223 3116 3275 παλαίων
3160 3225 3388 3286 κακοῖς,
3433 3221 3542 3274 οὐδ’
3581 3221 3759 3284 οὕτως
3796 3223 3993 3291 ἡμέλει

2399 3313 2494 3366 τοῦ
2514 3314 2612 3375 τάς
2655 3313 2984 3380 Ἐκκλησίας
3003 3312 3095 3365 τοῦ
3117 3312 3250 3365 Θεοῦ
3279 3312 3458 3375 καλῶς
3493 3312 3660 3382 ἐχειν,
3695 3314 3847 3375 τίνος
3878 3313 3994 3381 ἐτέ-

2401 3425 2494 3478 ρου
2516 3408 2786 3474 λέγοντος,
2807 3407 2840 3478 ἢ
2860 3406 3088 3472 ἐκείνου,
3113 3407 3286 3478 ἥδιον,
3307 3407 3340 3476 ἢ
3364 3406 3717 3475 σαφέστερον,
3745 3408 3778 3476 ἢ
3800 3406 3996 3475 ἀληθέ-

2402 3518 2488 3552 στε
2502 3518 2613 3569 ρον,
2649 3500 2944 3569 ἀκούοιμεν
2961 3500 3058 3564 iv;
3087 3501 3185 3553 καὶ
3212 3499 3381 3552 ταῦτα
3398 3500 3507 3569 γὰρ
3530 3499 3588 3549 ἐν
3612 3500 3711 3568 μιᾷ
3731 3498 3843 3550 τῶν
3870 3502 3994 3550 ἐπι-

2403 3592 2605 3645 στολῶν
2629 3593 2662 3661 ή
2699 3593 2875 3662 χρυσῆ
2901 3591 3116 3659 γλῶττα
3143 3591 3279 3659 πρὸς
3308 3591 3432 3652 τοὺς
3449 3591 3549 3658 τῆς
3580 3589 3750 3642 αὑτοῦ
3774 3589 3995 3660 μερίδος

2403 3685 2588 3754 φησίνο
2617 3685 2679 3738 Εἰ
2708 3685 2924 3756 γὰρκαὶ
2951 3684 3326 3755 δεσμωτήριον
3355 3685 3574 3748 οἰκεῖτε,
3608 3685 3702 3736 καὶ
3726 3684 3992 3736 ἀλύσεσιν

2405 3776 2742 3846 περίκεισθε,
2771 3777 2866 3829 καὶ
2888 3777 3026 3844 μετά
3059 3777 3169 3829 τῶν
3190 3775 3527 3846 αὐχμῶντων
3563 3778 3657 3828 καὶ
3685 3778 3996 3847 ρυπὼντων

2405 3869 2527 3921 ἐστὲ
2555 3868 3075 3938 κατακεκλεισμένοι
3124 3869 3311 3922 ἐνεκεν
3344 3869 3438 3922 τοῦ
3489 3869 3562 3936 μὴ
3595 3867 3894 3920 συνθέσθαι
3924 3871 3990 3937 τῇ

2403 3960 2606 4012 τούτων
2634 3962 2968 4032 παρανομίᾳ,
2995 3961 3110 4014 ἀλλ’
3135 3959 3227 4014 οὖν
3255 3962 3514 4030 σκιρτᾶτε
3562 3961 3660 4012 καὶ
3691 3961 3996 4027 ἁγγαλλιᾶ·

2407 4052 2522 4117 σοε,
2559 4052 2927 4119 στεφανοῦσθε
2957 4053 3052 4106 καὶ
3076 4052 3353 4123 χορεύετε,
3383 4053 3464 4104 ὅτι
3488 4051 3689 4118 πολλῆς
3712 4051 3994 4121 ἐμπορίας

2407 4146 2535 4214 ὑμῖν
2570 4144 2826 4206 ὑπόθεσις
2866 4144 3037 4197 ταῦτα
3060 4161 3074 4174 ·
3128 4145 3251 4196 ἐπεὶ
3285 4144 3381 4195 καὶ
3407 4143 3569 4212 ἡμεῖς
3599 4141 3991 4211 ἀνηλώθημεν,

2404 4234 2851 4304 ἐδαπανήθημεν,
2899 4234 3114 4304 μυρίοις
3167 4233 3516 4302 ἀπεθάνομεν
3561 4230 3857 4293 θανάτοιςο
3896 4232 3993 4283 καὶ

2405 4327 2576 4378 ταῦτα
2627 4327 2806 4379 ἴσασιν
2847 4324 3238 4394 ἀκριϐέστερον
3273 4325 3594 4393 ἀναγγεῖλαι
3629 4328 3678 4378 οι
3725 4328 3825 4378 καὶ
3857 4325 3994 4396 βριε-

2408 4419 2558 4487 χεῖαν
2586 4417 2759 4486 ῥοπὴν
2782 4417 2912 4485 ἡμῖν
2945 4416 3335 4484 συγγενόμενοι
3361 4431 3377 4446 ο
3413 4415 3550 4483 πρὸς
3580 4414 3676 4476 οὓς
3703 4415 3831 4468 οὐδὲ
3873 4417 3991 4467 δια-

2411 4509 2664 4580 λεχθῆναί
2682 4527 2732 4560 τι
2750 4507 3033 4577 ἐδυνήθην,
3054 4508 3277 4561 ὑπὸτῶν
3297 4509 3534 4577 συνεχῶν
3554 4509 3809 4576 πυρετῶν
3827 4525 3997 4560 κατα-

2411 4601 2762 4671 ϐεϐλημένος
2789 4601 2880 4662 οὒς
2914 4600 3051 4668 ἔχων
3077 4601 3169 4653 καὶ
3192 4602 3250 4652 ἐν
3264 4602 3419 4652 νυκτὶ
3447 4600 3542 4653 καὶ
3575 4601 3835 4671 ἐνήμέρα
3862 4601 3997 4652 ὁδοι-

2415 4695 2598 4761 πορεῖν
2630 4691 3042 4758 ἠναγκαζόμην,
3069 4692 3163 4742 καὶ
3182 4689 3996 4758 θάλπειπολιορκούμενος,καὶ

2410 4785 2514 4835 ὑπὸ
2530 4783 2833 4852 ἀγρυπνίας
2847 4782 3421 4852 ὀιαφθειρόμινος,καὶ
3438 4783 3541 4834 ὑπὸ
3557 4782 3659 4849 τῆς
3677 4781 3790 4834 τῶν
3805 4786 3998 4851 ἐπιτη-

2411 4876 2567 4928 δείων
2590 4875 2822 4944 ἐρημίας
2847 4875 3245 4943 ἀπολλύμενος,
3282 4877 3374 4928 καί
3408 4875 3505 4943 τῆς
3542 4875 3650 4926 τῶν
3680 4892 3994 4944 προστησα-

2416 4970 2591 5038 μὲνων
2631 4969 2881 5038 ἀπορίας.
2915 4969 3020 5020 Καὶ
3045 4970 3153 5038 γάρ
3192 4969 3300 5020 τῶν
3330 4968 3400 5020 τά
3426 4969 3666 5039 μέταλλα
3686 4970 3994 5038 ἐργαζομέ-

2412 5078 2542 5126 νων,
2597 5061 2691 5114 καὶ⁵
2720 5061 2788 5114 τὰ
2839 5060 3198 5130 δεσμωτήρια
3246 5061 3572 5122 οἰκούντων,
3625 5062 3992 5130 χαλεπώτερα

2413 5154 2507 5204 καὶ
2537 5153 2888 5220 πεπόνθαμεν
2946 5153 3038 5204 καὶ
3086 5153 3390 5222 πάσχομεν.
3427 5152 3555 5220 ’0ψέ
3613 5153 3671 5204 δέ
3732 5170 3865 5205 ποτε
3898 5156 3992 5206 καὶ

2417 5243 2569 5314 μόλις
2606 5245 2869 5313 ἐπέτυχον
2912 5245 3009 5312 τῆς
3041 5245 3396 5314 Καισαρείας,
3451 5246 3528 5307 ὡς
3557 5245 3665 5298 ἀπὸ
3719 5247 3993 5314 χειμῶνος

2410 5337 2490 5398 είς
2520 5335 2713 5404 λιμένα
2756 5335 2958 5388 ἐλθών
3003 5335 3118 5387 ἀλλ’
3161 5335 3282 5388 οὐδὲ
3317 5337 3346 5388 ό
3375 5335 3540 5404 λιμὴν
3579 5332 3734 5398 οὗτος
3767 5342 3994 5407 ἴσχυσεν

2411 5427 2822 5496 ἀνακτήσασθαι
2874 5429 2943 5480 τά
2995 5429 3101 5480 ἀπὸ
3150 5429 3242 5482 τοῦ
3278 5430 3572 5482 κλυδωνίου
3621 5434 3806 5484 κακά·
3842 5433 3994 5486 οὕτω

2411 5519 2668 5585 καθάπαξ
2725 5522 2871 5590 ἡμᾶς
2924 5522 2952 5573 ό
2976 5535 2983 5541 ·
3010 5521 3319 5590 ἔμπροσθεν
3343 5523 3532 5592 χρόνος
3565 5527 3990 5591 κατειργάσατο.

2426 5611 2566 5663 Ἀλλ’
2602 5613 2750 5681 ὅμως
2803 5610 2972 5664 ἐλθὼν
3023 5613 3100 5674 είς
3131 5613 3230 5682 τὴν
3264 5613 3624 5680 Καισάρειαν,
3671 5613 3730 5664 οὐ
3792 5614 3990 5682 μικρὸν

2414 5703 2672 5771 ἀνέψυξα,
2702 5704 2782 5756 ὅτι
2817 5704 2911 5759 καὶ
2955 5704 3140 5766 ὓδατος
3174 5703 3323 5757 ἔπιον
3346 5702 3611 5774 καθαροῦ,
3633 5705 3718 5756 ὅτι
3759 5707 3850 5757 καὶ
3882 5706 3990 5774 ἄρα

806 5853 1598 5924 1L5)Deporlatur(Incusum,
1645 5870 1730 5904 an.
1788 5853 1919 5916 ᾶῡί,
1970 5866 2022 5906 ιιι
2077 5868 2222 5909 notat
2278 5855 2468 5911 Daron.
