4178 6484
154 423 301 496 1189

1193 431 1363 497 ῊΤΑ
1405 436 1463 499 S.
1503 437 1746 501 JOANN
1756 439 1823 503 IS
1856 444 2415 513 CHRYSOSTOMI.

3293 449 3430 520 1190

152 556 248 592 του
296 539 400 592 οὐκ
450 539 729 606 όδωδότος.
772 543 894 600 οὐδὶ
938 547 1381 619 κατεσκληκότες
1412 552 1735 619 μετέλαϐον,

1855 557 2158 629 iragmcntis
2206 566 2498 628 doliorum,
2541 566 2636 621 sed
2696 565 2876 620 inveni
2926 563 3184 621 balneum
3242 566 3432 633 quale-

151 633 234 685 ὅτι
267 632 455 684 οὐκέτι
504 636 561 685 ὲν
613 637 726 699 τοῖς
758 637 1039 707 κλάσμασι
1090 640 1201 694 τῶν
1236 641 1415 696 πίθων
1444 643 1732 715 ἑλουόμην,

154 724 274 776 ἀλλ’
295 720 455 793 εὖρον
484 726 763 794 βαλανεῖον
796 723 908 782 οἷον
933 731 1154 799 δήποτε,
1189 734 1271 787 ὅτι
1307 736 1629 807 συγκεχὼρη
1646 756 1744 807 μαι

163 818 293 876 τέως
313 821 379 883 τῇ
419 817 572 888 κλίνῃ
610 821 1016 889 προσηλῶσθαι.
1064 825 1220 894 Ἐνῆν
1248 828 1341 879 καὶ
1374 828 1595 883 πλείονα
1620 831 1741 884 τού-

157 928 268 959 των
304 913 501 971 εἰπεῖν,
533 912 645 963 ἀλλ’
671 914 756 966 ἵνα
788 914 862 982 μὴ
896 916 1098 987 σφόδρα
1127 917 1378 988 λυπήσω,
1418 922 1581 992 μέχρι
1620 924 1743 976 τού-

156 1019 266 1051 των
312 1004 503 1071 ἶστημι
562 1006 739 1057 ἐκεῖνο
788 1008 1149 1076 προστιθείς*
1211 1010 1291 1064 ὅτι
1353 1012 1428 1083 μὴ
1494 1014 1741 1087 παύσητε

158 1097 512 1160 ὀνειδίζοντες
540 1102 667 1163 τοὺς
721 1103 1053 1168 ἀγαπῶντας
1100 1106 1268 1175 ἡμᾶς.
1303 1108 1604 1173 Τοσούτους
1637 1113 1743 1182 γὰρ

158 1184 380 1251 ἔχοντες
429 1188 687 1254 ἐραστὰς,
720 1192 814 1243 καὶ
839 1194 1113 1265 τοσαύτην
1142 1196 1370 1268 δύναμιν
1413 1202 1741 1271 περιεεὸλη-

166 1279 385 1346 μένους,
421 1279 545 1331 οὐδὲ
599 1282 779 1334 αὐτῶν
805 1288 1170 1357 τυγχάνομεν,
1195 1282 1271 1342 ὧν
1298 1292 1659 1361 τυγχάνουσιν
1693 1294 1742 1345 οί

162 1379 474 1443 καταδικοι,
534 1381 673 1433 ὥστε
704 1385 783 1445 εἰς
816 1384 1171 1457 ἡμερώτερον
1194 1386 1291 1438 καὶ
1315 1385 1613 1457 ἐγγύτερόν
1640 1401 1741 1438 που

162 1475 637 1543 καταδικασθῆναι
671 1478 858 1528 τόπονο
892 1477 1029 1530 ἀλλὰ
1056 1480 1151 1529 καὶ
1183 1476 1278 1530 τοῦ
1336 1478 1587 1547 σώματος
1613 1478 1743 1547 ἡμῖν

169 1569 659 1636 ἀπαγορεύσαντος
695 1612 708 1631 ,
764 1572 860 1623 καὶ
900 1570 996 1623 τοῦ
1086 1570 1253 1639 φόόου
1300 1572 1407 1623 τῶν
1484 1572 1745 1642 Ἰσαὺρων

168 1663 347 1713 πάντα
414 1660 852 1731 πολιορκοῦντος,
920 1663 1017 1728 τῆς
1056 1663 1258 1731 μικρᾶς
1296 1661 1499 1729 ταῦτης
1530 1664 1623 1714 καὶ
1652 1662 1744 1715 εὖ·

165 1754 356 1815 τελοῦς
412 1756 511 1805 οὐκ
566 1754 905 1822 ἐπετύχομεν
926 1754 1167 1823 χάριτος.
1194 1754 1332 1818 Δόξα
1368 1753 1445 1822 τῷ
1499 1753 1617 1822 Θεῷ
1649 1755 1745 1806 καὶ

165 1848 256 1898 διὰ
286 1846 466 1898 τοῦτο·
501 1850 560 1899 οὐ
608 1848 896 1915 παυόμεθα
926 1846 1038 1916 γὰρ
1094 1847 1254 1899 αὑτὸν
1276 1848 1368 1898 ἐπὶ
1419 1850 1553 1900 πᾶσι
1587 1847 1745 1912 δοξά-

168 1940 374 2002 ζοντες.

168 2035 393 2091 αἰῶνας.
465 2035 604 2085 "la-:5
661 2033 770 2101 γὰρ
807 2033 991 2100 σαφῶς
1031 2033 1106 2095 ὡς
1155 2034 1331 2087 πάντα
1383 2032 1626 2101 θορύϐων
1654 2033 1747 2086 καὶ

171 2128 266 2179 καὶ
294 2126 539 2195 ταραχῆς
568 2128 946 2197 πεπλήρωται,
986 2128 1074 2177 καὶ
1110 2127 1206 2195 οὐχ
1242 2126 1382 2197 ὑπὲρ
1402 2124 1751 2178 Κωνσταντί-

169 2237 263 2271 νου
321 2219 526 2279 πόλεως
561 2219 665 2289 χρὴ
721 2219 881 2285 μόνον
938 2219 1300 2289 παρακαλεῖν,
1337 2219 1452 2270 ἀλλ’
1479 2218 1622 2287 ὑπὲρ
1652 2218 1748 2287 τῆς

166 2312 499 2380 οἰκουμένης
556 2312 799 2380 ἁπάσης.
848 2312 1180 2381 Ἐπειδήπερ
1209 2310 1459 2363 ἐντεῦθεν
1506 2311 1752 2382 ἀρξαμε-

167 2424 257 2457 νον
321 2407 380 2458 τὸ
434 2405 630 2469 κακὸν,
686 2405 937 2475 καθάπερ
1004 2405 1241 2475 εἴρηται,
1269 2403 1366 2467 τὰς
1424 2404 1747 2476 Ἐκκλησίας

167 2496 449 2565 πανταχοῦ
510 2496 613 2563 γῆς
678 2496 1023 2565 λυμαίνεται.
1113 2495 1515 2565 Ἐϐὁομήκοντα
1566 2496 1749 2549 τοίνυν

168 2592 275 2659 ἠςιὲ
288 2607 389 2657 ρας
419 2589 795 2651 ἀναλώσαντες
828 2589 965 2641 κατὰ
997 2588 1095 2659 τὴν
1123 2588 1259 2650 ὁδὸν,
1293 2588 1389 2656 ὀψέ
1424 2604 1547 2640 ποτε
1577 2588 1751 2658 ἀπην-

168 2684 421 2751 τήκαμεν
447 2683 529 2748 είς
556 2683 655 2751 τὴν
686 2681 1013 2741 Κουκουσὸν,
1056 2681 1117 2732 τὸ
1144 2681 1326 2749 πάσης
1356 2680 1456 2747 τῆς
1497 2679 1749 2749 οίκουμέο

169 2794 266 2843 νης
293 2775 632 2845 ἐρημότατον
670 2774 867 2843 χωρίον
888 2790 899 2803 ·
937 2773 1058 2826 ὅθεν
1088 2772 1399 2838 λογίζεσθαι
1430 2776 1495 2842 τῇ
1530 2772 1741 2842 θαυμα-

173 2868 386 2934 σιότητι
446 2868 601 2937 ὑμῶν
643 2867 873 2931 ἔξεστιν,
906 2866 1007 2919 ὅσα
1048 2865 1141 2919 καὶ
1178 2866 1343 2934 ἡλίκα
1400 2867 1747 2933 πεπόνθαμεν

175 2959 346 3021 κακὰ,
410 2961 663 3027 πυρετοῖς
715 2960 1008 3028 ἀφορήτοις
1075 2958 1416 3022 παλαίοντες,
1479 2960 1573 3012 καὶ
1600 2958 1749 3029 φόϐῳ

185 3052 481 3121 Ἰσαυρικῷ
543 3052 1014 3122 πολιορκούμενοι.
1085 3053 1194 3106 Καὶ
1251 3052 1421 3106 ταῦτα
1463 3052 1606 3119 λέγω
1651 3054 1751 3106 οὐκ

173 3143 342 3206 ἀξιῶν
369 3144 657 3213 ἐνοχλῆσαί
682 3159 822 3205 τινα,
852 3142 991 3195 ὥστε
1019 3145 1049 3212 ἡ
1061 3144 1167 3213 μᾶς
1204 3143 1539 3213 μεταστῆσαι
1571 3142 1751 3195 ἐντεῦυ

175 3236 267 3288 θεν
290 3238 373 3306 (τὸ
423 3240 529 3307 γὰρ
560 3236 943 3305 χαλεπώτατον
981 3235 1335 3304 διηνύσαμεν,
1359 3236 1456 3304 τῆς
1498 3234 1618 3288 ὁδοῦ
1650 3234 1748 3305 τὴν

176 3328 599 3397 ταλαιπωρίαν),
648 3328 761 3381 ἀλλ’
818 3328 961 3397 ὑμᾶς
1024 3328 1184 3397 χάριν
1226 3326 1383 3389 αἰτῶ,
1412 3326 1473 3379 τὸ
1516 3325 1751 3394 συνεχῶς

175 3422 311 3490 ἡμῖν
351 3422 603 3488 γράφειν,
636 3422 728 3473 καὶ
762 3421 898 3488 ὑπὲρ
925 3420 1032 3471 τῶν
1069 3419 1402 3489 Ἐκκλησιῶν
1426 3418 1749 3487 φροντίζειν.

180 3514 288 3565 Καὶ
322 3513 487 3564 πάλιν
518 3512 574 3563 δὲ
634 3511 780 3564 οὕτω
841 3512 1025 3582 φησίνο
1076 3512 1227 3564 Ἐπεὶ
1270 3512 1361 3563 καὶ
1389 3512 1534 3580 ἡμᾶς
1573 3508 1754 3579 τρίτον

180 3602 300 3665 ετος
333 3608 386 3653 ὲν
416 3604 598 3673 ἐξορία
659 3602 1033 3671 διατρίϐοντας
1059 3602 1224 3672 λιμῷ,
1256 3602 1451 3672 λοιμῷ,
1473 3601 1753 3670 πολέμοις,

183 3697 529 3763 πολιορκίαις
613 3699 937 3767 συνεχέσιν,
998 3697 1203 3766 ἐρημία
1254 3696 1482 3764 ἀφάτῳ,
1544 3694 1756 3761 θανάτῳ

182 3789 563 3859 καθημερινῷ,
617 3791 914 3859 μαχαίραις
974 3787 1321 3858 Ἰσαυρικαῖς,
1353 3788 1448 3857 οὐχ
1494 3784 1567 3849 ὡς
1602 3786 1758 3854 ἔτυχε

184 3884 493 3952 παρακαλεί
520 3884 611 3934 καὶ
656 3881 1054 3951 παραμυθεῖται
1078 3882 1137 3934 τὸ
1162 3881 1383 3951 διαρκὲς
1408 3881 1501 3933 καὶ
1530 3880 1756 3949 μόνιμον

182 3974 339 4041 ὑμῶν
399 3974 498 4038 τῆς
552 3974 867 4037 διαθέσεως,
927 3974 1027 4042 τῆς
1094 3973 1408 4044 παρρησίας
1432 3972 1493 4024 τὸ
1517 3972 1752 4032 ἀκλινές·

181 4066 305 4119 ὅθεν
323 4070 370 4118 εἰ
395 4068 488 4119 καὶ
520 4066 608 4118 τοῦ
670 4067 898 4135 ἐδάφους
923 4066 1015 4119 καὶ
1047 4065 1155 4119 τῶν
1184 4065 1378 4135 τειχῶν
1424 4064 1525 4133 τῆς
1552 4064 1759 4127 πόλεως

183 4156 586 4225 ὲκὸεόλήμεθα,
618 4157 715 4225 τῆς
746 4157 801 4210 δὲ
856 4157 1061 4227 κυρίως
1081 4155 1285 4219 πόλεως
1318 4156 1380 4209 οὐ
1413 4154 1755 4226 μετῳκίσθηο

187 4264 308 4317 μεν.
333 4250 392 4301 Ei
418 4252 524 4318 γὰρ
545 4249 701 4316 ὑμεῖς
726 4251 757 4318 ἠ
788 4248 959 4311 πόλις,
990 4247 1110 4317 μεθ’
1132 4249 1283 4318 ὑμῶν
1302 4248 1357 4301 δὲ
1381 4250 1541 4318 ἡμεῖς
1558 4248 1645 4302 ἀεὶ
1664 4248 1758 4301 καὶ

184 4343 244 4392 ἑκ·
274 4345 421 4409 ὑμῖν,
444 4341 667 4409 εῧδηλον
688 4342 770 4394 ὅτι
801 4343 893 4394 καὶ
917 4341 1150 4393 ἐνταῦθα
1178 4340 1457 4408 διάγοντες
1474 4342 1571 4411 τὴν
1603 4340 1755 4393 πόλιν

182 4433 443 4501 οἰκοῦμεν
476 4436 709 4503 ἐκείνην.
744 4435 853 4487 Καὶ
890 4434 1000 4502 γὰρ
1034 4431 1425 4501 ὲνδιαιτώμεθα
1458 4432 1612 4501 ὑμῶν
1636 4433 1757 4493 ταῖς

1850 670 2085 723 cunque.
2144 661 2285 726 quod
2348 668 2473 712 tunc
2529 660 2659 713 mihi
2727 674 3047 713 concessum
3121 658 3221 712 fuit
3290 658 3431 713 lecto

1849 748 2007 819 afﬁgi.
2064 750 2310 804 Poteram
2366 752 2445 805 bis
2483 754 2631 821 plura
2664 754 2846 807 dicere
2882 771 2894 804 :
2950 752 3043 805 sed
3090 768 3156 803 ne.
3199 752 3427 805 nimium

1848 843 1948 896 sim
1988 845 2266 905 molestus.
2305 847 2584 916 bucusque
2623 849 2777 910 sisto,
2850 849 2980 901 illud
3020 847 3248 907 addens,
3280 849 3423 915 quod

1848 952 1958 990 non
2005 940 2227 993 cessctis
2256 942 2583 1009 exprobrare
2622 941 2703 1002 iis,
2749 942 2835 1009 qui
2881 957 2977 994 nos
3008 941 3256 1010 diligunt.
3293 940 3423 993 Nam

1849 1044 1970 1083 cum
2004 1040 2109 1084 tam
2145 1034 2342 1088 inultos
2376 1034 2691 1101 habeamus,
2719 1034 2807 1103 qui
2851 1050 2950 1086 nos
2972 1045 3176 1097 amant,
3209 1045 3259 1089 et
3290 1050 3425 1103 quo-

1850 1139 1969 1177 rum
2015 1135 2098 1179 est
2139 1136 2282 1179 tanta
2321 1129 2580 1195 potentia,
2622 1142 2690 1181 ne
2728 1143 2790 1181 ea
2834 1127 3053 1196 quidem
3087 1129 3427 1196 assu-quiiuur

1851 1232 1971 1285 qum
1997 1218 2366 1281 condemnati,
2402 1228 2455 1271 ut
2496 1220 2548 1272 in
2588 1220 2855 1273 mitiorem
2892 1231 2945 1275 ct
2985 1222 3425 1290 propinquiorcm

1851 1307 2084 1377 aliquem
2115 1310 2292 1363 locum
2320 1310 2624 1380 re!egemur
2655 1329 2667 1364 :
2702 1311 2794 1363 sed
2826 1326 2949 1365 cum
2971 1322 3026 1366 et
3046 1330 3241 1381 corpus
3271 1315 3428 1368 nobis

1853 1403 1923 1456 sit
1954 1402 2224 1457 defessum
2253 1446 2266 1467 ,
2297 1413 2351 1458 et
2382 1414 2558 1458 metus
2597 1404 2904 1459 Isaurorum
2943 1406 3125 1459 omnia
3160 1406 3423 1468 obsideat,

1854 1495 1991 1548 banc
2026 1512 2242 1564 parvam
2272 1504 2322 1550 et
2356 1497 2515 1551 vilem
2548 1498 2772 1566 gratiam
2810 1514 2915 1550 non
2948 1514 3136 1552 sumus
3168 1500 3422 1553 assecuti.

1856 1586 1965 1640 Deo
1997 1598 2215 1656 propter
2260 1589 2359 1643 hoc
2399 1605 2614 1659 quoque
2659 1591 2728 1644 sit
2767 1591 2956 1660 gloria.
2998 1592 3115 1645 Non
3147 1608 3426 1646 cessamus

1851 1678 1994 1731 enim
2034 1694 2157 1731 cum
2198 1680 2495 1749 gloriﬁcare
2538 1682 2589 1733 in
2632 1683 2903 1735 omnibus.
2951 1681 3033 1736 Sit
3071 1698 3266 1736 nomen
3308 1684 3429 1751 ejus

1854 1769 2198 1823 benedictum
2255 1771 2310 1824 in
2372 1772 2565 1827 sa‘cula
2620 1776 2962 1827 sa’cqurum.
3021 1775 3220 1843 Aperte
3282 1776 3428 1827 enim

1854 1857 2025 1919 scitis,
2055 1858 2234 1911 omnia
2270 1873 2389 1912 esse
2420 1859 2574 1928 plena
2611 1860 2934 1914 tumultibus
2972 1870 3026 1913 et
3076 1862 3431 1929 perturbatio-

452 1940 549 2009 Εἴη
579 1941 638 1991 τὸ
668 1940 840 2007 ὄνομα
892 1938 1055 1992 αὑτοῦ
1110 1939 1479 2007 εὑλογημένον
1509 1942 1588 2002 εἰς
1620 1946 1742 2001 τους

1855 1950 2028 2002 nibus.
2055 1948 2163 2002 Nec
2185 1961 2396 2019 oportet
2416 1953 2588 2005 solum
2613 1968 2800 2022 rogare
2824 1968 2920 2021 pro
2936 1952 3427 2020 Constantinopoli,

1850 2041 1940 2095 sed
2000 2058 2095 2111 pro
2142 2045 2396 2096 universo
2434 2044 2563 2096 orbe
2615 2053 2878 2097 terrarum
2935 2062 2945 2095 :
2988 2045 3428 2113 quandoquidem

1850 2135 2071 2194 malum,
2116 2136 2257 2203 quod
2296 2135 2421 2189 hinc
2456 2137 2639 2203 coepit,
2675 2137 2815 2189 sicut
2856 2136 3058 2189 dictum
3091 2147 3192 2197 est,
3228 2138 3431 2205 ubique

1852 2236 2117 2280 terrarum
2150 2228 2329 2296 perdit
2362 2227 2652 2282 Ecclesias.
2693 2229 2829 2282 Cum
2862 2230 3204 2299 septuaginta
3243 2229 3425 2298 itaque

1849 2319 1963 2372 dies
2007 2321 2532 2388 tonsumpsissemus
2561 2320 2612 2372 in
2648 2320 2862 2385 itinere,
2900 2320 2984 2372 vix
3022 2320 3238 2373 tandem
3278 2320 3427 2373 veni-

1853 2427 1973 2465 mus
1998 2410 2294 2475 Cucusum,
2331 2414 2493 2467 totius
2532 2414 2681 2467 orbis
2713 2421 2868 2466 terra}
2914 2414 3087 2466 locum
3117 2412 3430 2466 desertissi-

1852 2517 2022 2555 mum.
2076 2499 2437 2565 Quamobrem
2497 2502 2623 2555 licet
2681 2502 2807 2556 binc
2857 2513 3047 2555 vestrre
3088 2501 3427 2569 amplitudini

1853 2592 2181 2654 ratiocinari,
2226 2608 2385 2662 quam
2436 2593 2602 2646 multa
2636 2594 2772 2645 mala
2812 2593 2950 2661 passi
2988 2592 3180 2651 simus,
3213 2602 3266 2645 et
3305 2607 3429 2650 eum

1853 2682 2097 2737 febribus
2142 2683 2412 2737 luctantes
2453 2683 2904 2744 intolerabilibus,
2952 2692 3008 2737 ct
3040 2682 3249 2737 obsessi
3286 2692 3430 2736 metu

1852 2775 2183 2830 Isaurorum.
2217 2775 2411 2829 Etltzcc
2444 2776 2587 2837 dico,
2617 2791 2724 2829 non
2747 2777 2935 2830 volens
2954 2792 3145 2846 rogare
3172 2776 3429 2843 aliquem,

1853 2877 1913 2922 ut
1966 2883 2064 2921 nos
2120 2868 2248 2923 binc
2292 2878 2674 2923 transmoveat.
2729 2866 3060 2922 Perfecimus
3103 2866 3246 2921 enim
3290 2867 3431 2935 quod

1853 2969 1969 3013 erat
1997 2961 2395 3029 gravissimum,
2428 2973 2621 3029 nempe
2660 2959 2757 3012 vim
2796 2959 3117 3013 molestiam.
3153 2959 3257 3014 Sed
3296 2959 3433 3013 hanc

1852 3066 1880 3105 a
1922 3052 2069 3105 vobis
2097 3062 2219 3121 peto
2251 3054 2499 3122 gratiam,
2524 3062 2582 3105 ut
2610 3052 2824 3105 assidue
2851 3052 2915 3105 ad
2950 3068 3047 3106 nos
3078 3053 3345 3117 scribatis,
3379 3062 3432 3106 et

1853 3159 2037 3198 curam
2071 3145 2266 3215 geratis
2296 3145 2681 3199 Ecclesiarum.
2711 3144 2773 3196 Et
2797 3159 2985 3197 rursus
3008 3144 3085 3198 sic
3101 3143 3267 3198 dicit:
3300 3140 3431 3195 Nam

1854 3250 1955 3289 nos
1975 3251 2211 3305 quoque,
2237 3237 2326 3305 qui
2360 3238 2578 3289 tertium
2606 3249 2810 3288 annum
2844 3250 3123 3288 versamur
3150 3235 3201 3287 in
3221 3234 3433 3296 exsilio,

1855 3327 2018 3390 fame,
2052 3336 2223 3397 peste,
2258 3328 2430 3393 bellis,
2465 3326 2825 3395 frequentitur
2868 3327 3263 3388 obsidionibus,
3306 3326 3435 3378 soli-

1857 3420 2063 3482 tudine,
2094 3435 2215 3489 quae.
2250 3420 2427 3473 verbis
2454 3420 2713 3488 explicari
2748 3434 2856 3473 non
2887 3428 3082 3488 potest,
3105 3428 3278 3471 morte
3296 3434 3436 3486 quo-

1858 3512 2080 3575 tidiana,
2137 3511 2325 3580 gladiis
2385 3510 2655 3576 lsauricis,
2706 3526 2812 3565 non
2887 3511 3076 3565 leviter
3122 3512 3436 3565 consolatur

1858 3618 2118 3677 perpetua
2152 3615 2327 3661 vestra
2354 3617 2409 3660 et
2438 3607 2643 3661 stabilis
2674 3607 2911 3670 allectio,
2949 3607 3210 3675 firmaque
3245 3616 3299 3660 et
3332 3608 3435 3659 im-

1861 3708 2005 3752 mota
2050 3698 2265 3752 ﬁducia.
2308 3698 2668 3763 Quamobrem
2700 3700 2910 3754 etiamsi
2954 3714 2981 3752 a
3013 3699 3127 3751 solo
3163 3709 3217 3752 et
3245 3698 3438 3753 mmni-

1857 3791 1958 3845 bus
1980 3790 2215 3851 civitatis
2259 3791 2467 3861 expulsi
2498 3806 2706 3854 sumus,
2749 3791 2818 3845 ab
2874 3807 2934 3844 ea
2970 3800 3171 3852 tamen,
3208 3806 3326 3858 quae
3354 3801 3437 3846 est

1857 3884 2074 3953 proprie
2123 3883 2336 3945 civitas,
2386 3899 2493 3937 non
2526 3883 2898 3953 migravimus.
2930 3882 2984 3937 Si
3014 3884 3155 3937 enim
3188 3899 3280 3935 vos
3304 3885 3435 3937 estis

1857 3978 2067 4041 civitas,
2120 3992 2219 4029 nos
2259 3985 2439 4029 autem
2477 3992 2693 4045 semper
2734 3978 3015 4031 vobiscum
3051 3986 3102 4030 et
3136 3978 3187 4029 In
3231 3977 3381 4030 vobis
3416 3992 3431 4029 :

1855 4070 2061 4124 clarum
2093 4078 2198 4131 est,
2231 4069 2375 4136 quod
2408 4067 2498 4121 hic
2523 4083 2742 4136 quoque
2781 4068 3062 4139 degentes,
3101 4067 3240 4120 illam
3278 4069 3435 4121 babi-

1861 4169 2041 4215 tamus
2082 4160 2380 4214 civitatem.
2418 4160 2477 4213 In
2516 4159 2712 4211 vestris
2737 4158 2884 4212 enim
2929 4158 3175 4226 degimus
3214 4158 3432 4222 animis,

1866 4262 1921 4305 et
1952 4252 2259 4321 ubicunque
2294 4251 2576 4313 fuerimus,
2605 4265 2793 4303 omnes
2816 4264 2934 4308 vos,
2963 4250 3053 4317 qui
3082 4250 3436 4301 vehementes

1864 4344 1995 4397 estis
2020 4343 2189 4396 nostri
2220 4352 2513 4405 amatores,
2547 4342 2599 4393 in
2638 4341 2949 4411 cognitione
2990 4339 3435 4393 circumferentes

1861 4434 2092 4490 abnnus.

183 4527 405 4591 ιᾧυχιιίς,
432 4525 526 4575 καὶ
551 4525 792 4594 ὅπουπερ
818 4522 884 4575 ἂν
922 4518 1092 4591 ὦμεν,
1121 4524 1328 4585 πάντας
1351 4522 1495 4591 ὑμᾶς
1521 4522 1644 4583 τοὺς
1681 4521 1943 4593 σφοδροὺς
1984 4523 2140 4594 ἡμῶν
2178 4524 2416 4595 ἐραστὰς
2450 4523 2539 4575 ἐπὶ
2569 4523 2777 4575 διανοία
2796 4522 3178 4592 περιφέροντες
3209 4521 3432 4589 ἄπιμεν.

256 4661 419 4728 Argei
431 4660 484 4710 δὲ
505 4658 645 4728 καὶὴ
665 4657 796 4725 πρὸς
813 4658 1189 4711 Κωνστάντιον
1207 4654 1355 4725 αὑτῷ
1370 4654 1460 4707 τὸν
1477 4653 1750 4725 πρεσϐύτεη

1942 4656 2058 4711 Alia
2096 4673 2261 4727 porro
2287 4657 2351 4711 ad
2384 4656 2755 4725 presbyterum
2784 4653 3199 4707 Constantinum
3228 4655 3293 4707 ab
3320 4656 3436 4711 ipso

188 4773 278 4824 ρον
301 4755 577 4823 γραφεῖσα
597 4750 875 4819 ἐπιστολὴ,
896 4750 987 4801 τὸν
1012 4751 1150 4819 ὑπὲρ
1173 4747 1280 4800 τῶν
1297 4748 1633 4815 Ἐκκλησιῶν
1662 4746 1761 4815 ζῆ-

184 4848 299 4907 λον,
333 4844 501 4905 οὕτως
524 4844 739 4912 ἔχουσα·
773 4843 850 4910 Τῇ
890 4842 1122 4910 τετάρτῃ
1152 4839 1244 4892 τοῦ
1282 4839 1530 4906 Πανέμου
1568 4838 1757 4907 μηνὸς,

189 4939 401 5007 μέλλων
422 4936 528 4986 ἀπὸ
545 4937 644 5001 τῆς
664 4933 895 4995 Νικαίας
916 4931 1171 5002 ὲξορμᾷν,
1194 4932 1365 4985 ταῦτα
1381 4932 1465 4984 δια
1478 4932 1759 5000 πέμπομαι

187 5035 251 5082 τα
292 5030 597 5099 γράμματα
630 5026 762 5096 πρὸς
781 5026 881 5094 τὴν
905 5026 1003 5093 σὴν
1038 5024 1373 5090 θεοσέϐειαν,
1405 5018 1755 5094 παρακαλῶν,

186 5124 284 5176 ὂπε
296 5140 326 5191 ρ
342 5123 426 5173 αεὶ
445 5118 773 5189 παρακαλῶν
790 5118 888 5170 οὐκ
906 5119 1116 5171 ὲπαυσά
1125 5134 1249 5188 μην,
1268 5116 1369 5170 κᾶν
1382 5114 1759 5186 χαλεπώτερος

188 5218 287 5270 τοῦ
326 5216 421 5268 νῦν
456 5216 779 5284 κατέχοντος
823 5214 1048 5283 γένηται
1084 5215 1113 5267 ό
1146 5210 1373 5282 χειμὼν,
1408 5212 1509 5266 κᾶν
1540 5213 1760 5282 μείζονα

188 5310 258 5361 τὰ
290 5310 529 5377 κῦματα,
565 5307 640 5377 μὴ
672 5304 967 5359 διαλείπειν
990 5305 1059 5359 τὰ
1092 5302 1288 5358 σαυτοῦ
1312 5301 1575 5374 πληροῦν,
1598 5302 1761 5365 τάείς

188 5404 289 5473 τὴν
306 5401 615 5468 οίκονομίαν
644 5394 710 5470 ἧς
739 5399 797 5463 ἐξ
821 5399 994 5469 ἀρχῆς
1022 5399 1165 5468 ἠψω⁶
1194 5399 1334 5466 λέγω
1357 5396 1531 5465 δήτοῦ
1570 5396 1761 5466 Ἐλλη-

192 5494 386 5563 νισμοῦ
416 5494 512 5563 τὴν
548 5492 888 5563 καθαίρεσιν,
950 5490 1059 5543 τῶν
1080 5490 1385 5560 ἐκκλησιῶν
1418 5490 1516 5552 τὰς
1552 5488 1760 5541 οἰκοδο-

196 5589 326 5655 μὰς,
384 5587 491 5637 τῶν
521 5586 707 5655 ψυχῶν
743 5586 840 5655 τὴν
870 5586 1204 5656 ἐπιμέλειαν.
1243 5584 1332 5653 Μὴ
1360 5583 1424 5653 δή
1462 5580 1574 5653 [γρ.
1604 5577 1760 5652 μηδέ]

200 5696 257 5730 σε
301 5678 492 5731 ὖπτιον
551 5680 773 5731 ποιείτω
831 5678 937 5731 τῶν
992 5676 1332 5747 πραγμάτων
1388 5677 1421 5746 ἡ
1480 5673 1757 5727 δυσκολία.

199 5772 336 5822 Οὺόὲ
382 5771 487 5839 γαρ
546 5770 885 5839 κυϐερνήτης
916 5769 971 5821 τὸ
1002 5768 1235 5835 πέλαγος
1263 5766 1407 5837 ὀρῶν
1438 5766 1760 5836 μαινόμενον

201 5866 297 5915 καὶ
323 5861 736 5931 διανιστάμενον
794 5862 1161 5931 ἀποστήσεται
1208 5858 1318 5913 τῶν
1374 5857 1607 5911 οίάκων·
1642 5857 1755 5912 ἀλλ’

1865 4751 2067 4820 scripta
2121 4750 2368 4818 epistola,
2428 4749 2775 4802 manifestum
2831 4748 2950 4814 ejus
3015 4761 3111 4814 pro
3176 4745 3434 4798 Ecclesits

1864 4843 1995 4897 facit
2052 4843 2329 4904 studium;
2364 4857 2483 4909 quae
2535 4842 2612 4895 sic
2656 4856 2713 4895 se
2764 4840 2925 4893 habet
2958 4855 2970 4888 :
3006 4842 3207 4902 Quarto
3234 4839 3436 4889 mensis

1862 4934 2096 4989 Panremi
2142 4934 2317 4988 Nicaza
2372 4934 2672 4993 soluturus,
2737 4932 2835 4985 bas
2890 4931 3070 4985 scribo
3128 4930 3331 4982 litteras
3369 4927 3433 4981 ad

1865 5038 2009 5083 tuam
2048 5030 2334 5096 pietatem,
2376 5026 2668 5079 adhortans
2717 5023 2784 5077 ad
2837 5023 2910 5087 id,
2976 5024 3118 5091 quod
3160 5036 3434 5090 nunquam

1864 5122 2068 5177 cessavi
2103 5130 2154 5173 te
2180 5119 2473 5181 adhortari,
2530 5118 2745 5173 etiamsi
2802 5118 2936 5183 bazc,
2982 5131 3101 5185 qum
3155 5131 3297 5168 nunc
3331 5123 3430 5179 est,

1864 5222 1980 5267 orta
2038 5210 2201 5264 fuerit
2253 5219 2542 5279 tempestas
2602 5208 2835 5279 gravior,
2892 5218 2948 5261 et
3005 5207 3240 5275 majores
3292 5206 3410 5259 exci

1866 5311 2046 5356 tentur
2077 5300 2291 5363 ﬂuctus,
2324 5309 2523 5353 utnon
2588 5314 2770 5353 cesses
2825 5313 2910 5359 ea.
2968 5313 3089 5367 qua:
3154 5307 3244 5351 tua
3279 5304 3434 5361 sunt,

1865 5393 2111 5462 implere,
2153 5392 2218 5445 ad
2265 5407 2326 5444 ea
2374 5390 2841 5453 administranda,
2891 5406 3011 5459 qua:
3062 5390 3131 5444 ab
3182 5390 3338 5444 initio
3374 5404 3436 5443 es

1866 5500 2151 5555 aggressus
2178 5484 2243 5538 ad
2272 5484 2681 5546 destruendam,
2704 5484 2941 5551 inquam,
2977 5483 3216 5553 gentium
3245 5497 3435 5551 super-

1867 5578 2165 5639 stitionem,
2211 5575 2573 5629 Ecclesiarum
2615 5574 3062 5637 aediﬁcationem,
3123 5574 3431 5627 animarum

1868 5685 2054 5724 curam
2108 5668 2420 5739 gerendam.
2478 5667 2555 5721 Ne
2594 5677 2644 5721 te
2694 5667 2951 5737 supinum
3003 5667 3193 5719 reddat
3249 5677 3433 5716 rerum

1866 5762 2197 5817 dillicultas:
2257 5776 2434 5829 neque
2467 5760 2615 5814 enim
2660 5761 2991 5829 gubernator
3041 5757 3232 5811 videns
3288 5771 3435 5808 mare

1866 5854 2095 5912 saeviens
2124 5862 2179 5910 et
2207 5851 2489 5923 agitatum,
2529 5851 2749 5907 recedet
2776 5867 2805 5906 a
2836 5851 3007 5907 clavo.
3045 5846 3155 5905 Sed
3188 5862 3291 5902 nec
3323 5861 3440 5900 me-
