4178 6484
724 406 865 475 1191

1973 415 2252 478 MENSFS
2288 416 2744 479 JANUARIUS.

3859 413 3992 478 1192

729 521 886 574 dicus
907 526 1164 587 ingratum
1190 515 1379 570 videns
1399 518 1590 572 morbo
1615 518 1810 586 teneri,
1842 520 2111 590 relinquet
2140 539 2304 578 cura-

2419 523 2532 576 οὖδὲ
2564 516 2750 593 ίατρδς
2783 521 2874 575 τὸν
2912 522 3190 593 κάμνοντα
3233 521 3448 592 βλέπων
3475 525 3540 592 τῇ
3578 524 3719 592 νόσῳ
3757 525 3998 592 κρατού-

730 612 973 666 tionem:
1010 609 1102 663 Sed
1153 617 1282 661 tunc
1321 609 1695 678 unusquisque
1729 625 1919 664 eorum
1963 621 2077 666 arte
2121 622 2305 667 utetur

731 704 966 757 maxime
994 709 1048 752 et
1079 699 1242 753 animi
1270 700 1571 754 alacritate.
1609 702 1686 755 Ne
1719 711 1769 757 te
1802 704 2058 772 supinum
2083 705 2302 760 faciant.

731 812 851 864 qum
889 794 1230 863 contingunt.
1277 792 1461 861 Neque
1505 793 1652 846 enim
1683 810 1782 864 pro
1835 794 2010 856 malis,
2044 811 2162 864 quze
2215 795 2304 848 alii

731 888 886 940 nohis
915 887 1138 942 faciunt.
1175 885 1468 940 reddemus
1499 886 1791 950 rationem,
1826 887 1920 941 sed
1961 887 2124 940 etiam
2161 904 2304 942 nter-

730 981 915 1033 cedem
949 979 1301 1046 accipiemus.
1334 979 1386 1030 Si
1421 987 1600 1031 autem
1630 978 1752 1048 ipsi,
1786 995 1906 1046 quze
1938 994 2037 1034 nos
2068 990 2303 1048 oportet,

733 1089 838 1125 oon
869 1089 930 1125 ex
988 1073 1143 1126 nobis
1190 1071 1574 1136 attulerimus,
1627 1072 1719 1125 sed
1755 1072 1891 1141 pigri
1943 1081 1996 1127 ct
2047 1073 2305 1128 socordes

719 1166 1018 1226 fuerimus,
1057 1165 1189 1218 nihil
1231 1180 1328 1218 nos
1369 1164 1434 1218 ad
1472 1165 1574 1218 hoc
1602 1162 1859 1218 defendet
1889 1181 2069 1218 rerum
2105 1165 2306 1218 tumul-

730 1270 838 1313 tus.
881 1259 1006 1311 Nam
1035 1258 1239 1311 Paulus
1265 1273 1500 1326 quoque,
1534 1272 1654 1310 eum
1686 1257 1957 1312 habitaret
1978 1258 2030 1310 in
2059 1271 2301 1321 carcere,

728 1363 780 1405 et.
817 1353 960 1418 ligno
993 1361 1136 1405 esset
1169 1351 1434 1418 alligatus.
1467 1365 1588 1419 qua:
1618 1365 1713 1402 sua
1746 1357 1923 1407 erant,
1956 1349 2185 1404 faciebat
2210 1351 2255 1381 “
2289 1367 2301 1379 ο

727 1455 778 1496 et
805 1444 991 1501 Jonas.
1030 1443 1120 1512 qui
1154 1443 1430 1496 ferebatur
1467 1443 1517 1494 in
1552 1441 1687 1495 mari
1724 1451 1912 1494 ventre
1943 1441 2107 1511 piscis
2131 1443 2176 1473 ⁸³
2206 1460 2221 1496 :
2250 1451 2307 1496 et

731 1549 840 1590 tres
873 1537 1045 1604 pueri.
1094 1537 1186 1604 qui
1242 1537 1600 1589 versabantur
1647 1534 1699 1587 in
1735 1533 1960 1588 fornace
1992 1535 2080 1593 ιιι
2129 1552 2308 1605 neque

728 1631 895 1682 ullum
933 1645 1122 1682 eorum
1164 1628 1408 1682 fecerunt
1452 1627 1742 1696 pigriorem
1777 1627 1832 1680 hi
1863 1627 1995 1681 varii
2032 1643 2302 1682 carceres.

728 1723 854 1777 llaec
889 1739 1018 1793 ergo
1068 1725 1333 1790 cogitatis,
1388 1719 1612 1774 domine
1658 1720 1753 1783 mi,
1799 1729 1851 1773 et
1904 1719 2206 1775 Phtenicia:
2251 1730 2308 1775 ct

730 1816 962 1876 Arabiaa,
998 1824 1052 1868 et
1085 1829 1272 1867 earum
1319 1829 1439 1879 qua:
1484 1821 1612 1864 sunt
1660 1811 1714 1864 in
1756 1810 2001 1874 Oriente,
2038 1809 2310 1866 Ecclesia-

731 1925 846 1960 rum
878 1924 944 1960 ne
982 1922 1163 1960 cesses
1199 1921 1384 1959 curam
1429 1918 1639 1974 gerere,
1679 1902 1862 1958 sciens
1903 1903 2018 1958 fore
2050 1914 2109 1958 ut
2134 1905 2308 1971 majo-

729 2015 842 2051 rem
883 1999 1115 2066 accipias
1153 1997 1480 2058 mercedem,
1515 2011 1638 2050 cum
1671 1997 1772 2050 etsi
1812 1995 1922 2051 sint
1975 2005 2084 2050 tam
2141 1999 2309 2052 multa

731 2091 1031 2151 ohstut-ula,
1074 2098 1126 2142 tu
1164 2105 1284 2158 qua:
1319 2100 1407 2141 tua
1444 2097 1591 2151 sunt,
1617 2088 1890 2142 conferas.
1927 2087 2096 2141 Porro
2126 2099 2307 2142 autem

728 2182 834 2235 noli
879 2197 998 2235 esse
1029 2181 1080 2234 in
1117 2181 1405 2234 scribendo
1428 2180 1494 2233 ad
1528 2195 1627 2233 nos
1651 2181 1967 2251 negligens:
2016 2180 2111 2235 sed
2133 2181 2312 2234 scribe

729 2277 794 2329 ad
832 2293 932 2330 nos
973 2276 1436 2346 frequentissime.
1475 2273 1608 2329 Nam
1645 2285 1703 2330 ut
1737 2291 1886 2330 nunc
1933 2277 2308 2346 cognovimus,

732 2384 839 2420 non
893 2368 1125 2436 amplius
1179 2366 1506 2430 Sel'astiam,
1555 2368 1646 2422 sed
1691 2366 1964 2422 Cucusum
2001 2368 2148 2423 abire
2179 2370 2312 2438 iussi

730 2472 918 2511 sumus
951 2475 964 2512 :
1001 2474 1162 2525 quem
1191 2458 1242 2510 in
1277 2457 1452 2512 locum
1483 2458 1586 2512 erit
1615 2459 1707 2513 tibi
1729 2458 1942 2514 facilius
1960 2460 2025 2514 ad
2056 2475 2156 2514 nos
2183 2461 2313 2516 dare

729 2547 954 2602 litteras.
995 2547 1183 2602 Scribe
1216 2564 1344 2618 ergo
1377 2557 1508 2619 quot
1538 2550 1780 2603 ecclesia:
1807 2549 1908 2604 hoc
1937 2566 2084 2606 anno
2114 2551 2315 2608 fuerint

729 2637 1026 2699 aedificatte.
1052 2649 1105 2693 et
1137 2639 1358 2707 quinam
1401 2640 1500 2691 viri
1545 2641 1716 2694 sancti
1754 2641 2035 2711 migrarint
2066 2643 2120 2696 in
2148 2644 2315 2699 Phae-

727 2730 946 2792 lticiam,
979 2741 1032 2784 ct
1071 2749 1135 2783 a'l
1174 2734 1343 2800 major
1368 2731 1540 2785 factus
1577 2731 1740 2786 fuerit
1769 2733 2068 2802 profectus.
2097 2735 2310 2789 Etenim

727 2834 850 2874 eum
881 2838 945 2874 cx
985 2821 1159 2876 Nicaea
1191 2823 1522 2876 invenissem
1555 2823 1842 2892 quemdam
1876 2827 2202 2880 monachum
2227 2827 2311 2880 in-

728 2913 960 2969 elusum.
990 2917 1231 2980 persuasi
1278 2915 1377 2983 ipsi
1413 2924 1470 2967 ut
1500 2917 1710 2969 veniret
1746 2916 1810 2969 ad
1845 2927 1989 2970 tuam
2033 2919 2312 2986 pietatem,

726 3013 782 3060 et
827 3006 1002 3059 abiret
1039 3007 1088 3058 in
1140 3007 1492 3060 l’hmniciam.
1538 3007 1618 3060 An
1649 3023 1776 3077 ergo
1819 3011 2132 3073 accesserit,
2182 3011 2316 3065 velis

728 3100 859 3152 mihi
891 3101 1215 3169 significare.
1247 3102 1318 3154 De
1348 3100 1516 3154 fundo
1547 3099 1775 3154 Salamis
1801 3142 1815 3163 ,
1849 3103 1939 3172 qui
1972 3103 2109 3156 situs
2142 3111 2228 3156 est
2260 3103 2315 3156 in

2418 633 2579 684 μενον
2623 615 2973 686 ἀναχωρήσει
3023 615 3122 686 τῆς
3157 615 3479 686 θεραπείας,
3528 616 3666 670 ἀλλὰ
3713 619 3844 670 τότε
3905 618 4002 686 μα·

2413 707 2571 762 λιστα
2601 709 2830 772 ἕκαστος
2867 708 3073 761 τούτων
3095 711 3161 778 τῇ
3194 708 3357 779 τέχνῃ
3381 712 3665 778 χρήσεται.
3699 711 3771 762 Σὺ
3796 711 3998 777 τοίνυν,

2411 801 2653 854 δέσποτά
2709 819 2810 871 μου
2859 800 3156 872 τιμιώτατε
3215 804 3309 854 καὶ
3367 801 3752 866 εὐλαϐέστατε,
3823 803 3998 873 πολλῇ

2413 892 2507 944 νῦν
2567 894 2770 962 χρῆσαι
2796 896 2859 961 τῇ
2895 893 3192 964 προθυμίᾳ.
3258 892 3347 961 Μὴ
3391 894 3454 962 δὴ
3515 892 3706 946 ὕπτιον
3771 894 4002 946 ποιείτω

2412 999 2471 1034 σε
2511 983 2579 1036 τὰ
2603 983 2990 1053 συμϐαίνοντα.
3016 986 3090 1036 Οὐ
3125 983 3236 1054 γὰρ
3260 984 3402 1052 ὑπὲρ
3427 976 3502 1036 ὧν
3536 984 3783 1036 ποιοῦσιν
3847 987 4003 1053 ἡμᾶς

2410 1075 2588 1145 ἕτεροι
2616 1077 2801 1130 κακῶν
2839 1077 2996 1145 λόγον
3035 1076 3298 1147 δώσομεν,
3329 1076 3466 1129 ἀλλὰ
3494 1079 3586 1130 καὶ
3622 1078 3812 1147 μισθὸν
3831 1077 4004 1146 1112;5-

2416 1168 2576 1236 μεθα.
2611 1170 2672 1221 Εἰ
2706 1169 2760 1222 δὲ
2790 1169 2944 1222 αὐτοὶ
2966 1170 3034 1223 τὰ
3060 1169 3189 1240 παρ’
3215 1169 3422 1221 ἑαυτῶν
3459 1168 3532 1239 μὴ
3561 1170 4001 1239 εἰσενέγκοιμεν,

2411 1259 2548 1312 ἀλλὰ
2606 1261 3021 1332 ῥᾳθυμήσομεν,
3078 1263 3229 1314 οὐδὲν
3251 1263 3330 1324 εἰς
3368 1261 3529 1316 τοῦτο
3562 1263 3721 1332 ἡμῶν
3759 1265 4004 1333 προστή-

2415 1369 2569 1404 σεται
2602 1353 2630 1405 ὀ
2654 1355 2762 1405 τῶν
2827 1355 3175 1426 πραγμάτων
3226 1355 3475 1425 θόρυϐος·
3512 1358 3636 1409 ἐπεὶ
3664 1357 3757 1409 καὶ
3783 1357 4002 1420 Παῦλος

2412 1444 2785 1514 δεσμωτὴριον
2812 1446 3000 1509 οίκῶν,
3043 1448 3138 1500 καὶ
3160 1447 3240 1516 τῷ
3273 1447 3414 1514 ξύλῳ
3448 1448 3899 1519 προσδεδεμένος,
3933 1450 4002 1503 τὰ

2415 1534 2582 1588 αὑτοῦ
2612 1536 2806 1589 ἐποίει.
2835 1539 2944 1590 Καὶ
2973 1539 3158 1601 Ἰωνᾶς
3183 1542 3240 1591 ἐν
3271 1542 3334 1609 τῇ
3363 1539 3562 1609 γαστρὶ
3588 1539 3678 1591 τοῦ
3703 1539 3999 1592 θαλαττίου

2417 1628 2607 1696 θηρίου
2670 1630 2994 1700 φερόμενος,
3045 1631 3140 1682 καὶ
3183 1633 3229 1684 οἱ
3269 1634 3418 1698 τρεῖς
3476 1631 3662 1693 παῖδες
3713 1633 3762 1684 οί
3827 1634 3885 1683 ἐν
3934 1635 4000 1699 τῇ

2415 1718 2632 1788 καμίνῳ
2662 1719 3030 1790 διατρίϐοντες
3051 1736 3066 1750 ο
3091 1721 3185 1772 καὶ
3231 1721 3420 1773 οὐδένα
3453 1720 3655 1772 τούτων
3684 1722 3751 1772 τα
3774 1722 4000 1773 ποικίλα

2414 1808 2770 1880 δεσμωτήρια
2823 1811 2998 1862 ταῦτα
3052 1811 3426 1882 ῥᾳθυμότερον
3483 1812 3775 1880 πεποίηκε.
3813 1811 4004 1864 Ταῦτα

2413 1895 2508 1951 οὖν
2565 1900 2783 1965 ἐννοῶν,
2820 1900 3059 1953 δέσποτα
3115 1917 3239 1970 μου,
3279 1902 3373 1952 καὶ
3410 1901 3662 1969 Φοινίκης
3699 1901 3792 1952 καὶ
3839 1903 3977 1969 Ἀρα

2414 1992 2536 2055 ϐίας
2565 1993 2659 2044 καὶ
2688 1991 2796 2044 τῶν
2820 1991 2958 2045 κατὰ
2982 1994 3081 2062 τὴν
3117 1993 3431 2062 Ἀνατολὴν,
3457 1994 3531 2062 μὴ
3559 1993 3743 2063 παύσῃ
3777 1993 4001 2060 φροντί-

2413 2084 2522 2146 ζων
2559 2083 2920 2154 Ἐκκλησιῶν,
2947 2084 3100 2147 εἰδὼς
3120 2085 3201 2136 ὃτι
3229 2083 3622 2154 πλείοναζλήψῃ
3657 2085 3746 2135 τὸν
3782 2085 4002 2151 μισθὸν,

2413 2176 2521 2243 ὅσῳ
2542 2175 2637 2227 καὶ
2680 2176 2952 2227 τοσούτων
2998 2175 3169 2228 ὄντων
3199 2175 3308 2227 τῶν
3349 2175 3711 2244 κωλυμάτων,
3749 2177 3819 2226 τὰ
3850 2179 4004 2245 παρα

2415 2268 2615 2320 σαυτοῦ
2663 2267 2961 2337 εἰσφέρεις.
2985 2268 3093 2320 Καὶ
3127 2270 3362 2338 γράφειν
3389 2267 3444 2320 δέ
3470 2270 3600 2335 ἡμῖν
3650 2268 3894 2337 συνεχῶς
3926 2268 4006 2338 μὴ

2415 2358 2687 2421 κατόκνει,
2728 2359 2866 2412 ἀλλὰ
2923 2359 3019 2412 καὶ
3065 2360 3398 2412 πυκνότατα.
3439 2357 3534 2420 Ὦς
3589 2360 3697 2428 γὰρ
3754 2360 4005 2426 ἔγνωμεν

2415 2449 2532 2514 νῦν,
2585 2451 2770 2504 οὐκέτι
2797 2453 2878 2515 εἰς
2911 2451 3264 2512 Σεϐάστειαν,
3289 2450 3425 2503 ἀλλὰ
3451 2451 3531 2512 εἰς
3551 2451 3649 2521 τὴν
3683 2451 4002 2502 Κουκουσδν

2417 2541 2820 2612 ἐκελεύσθημεν
2873 2541 3154 2609 ἀπελθεῖν,
3205 2543 3338 2596 ὅπου
3371 2559 3453 2594 σοι
3481 2542 3575 2594 καὶ
3627 2542 4003 2610 εὐκολώτερον

2418 2630 2752 2684 ἐπιστέλλειν
2799 2633 2952 2702 ἡμῖν.
2989 2633 3172 2703 Γράφε
3203 2635 3384 2684 τοίνυν
3431 2635 3586 2702 ἡμῖν,
3621 2633 3788 2696 πόσαι
3818 2649 3880 2685 τε
3915 2636 4010 2684 ix-

2418 2723 2640 2794 κλησίαι
2688 2723 2774 2775 ἐπ’
2824 2723 2941 2785 ἔτος
2972 2723 3426 2795 ᾠκοδομήθησαν,
3469 2726 3564 2777 καὶ
3615 2728 3762 2788 τίνες
3811 2727 4008 2797 ἄνδρες

2420 2817 2567 2884 ἆγιοι
2600 2817 2944 2887 μετέστησαν
2965 2818 3046 2878 είς
3075 2816 3173 2885 τὴν
3196 2817 3477 2886 Φοινίκην,
3503 2818 3596 2869 καὶ
3614 2817 3669 2869 εἰ
3691 2835 3775 2880 τις
3802 2818 3900 2869 πλε
3913 2819 4008 2870 ίων

2420 2909 2613 2977 γέγονε
2681 2909 2955 2979 προκοπή.
2981 2909 3092 2961 Καὶ
3133 2910 3241 2977 γὰρ
3271 2909 3380 2961 ἀπὸ
3407 2909 3640 2970 Νικαίας
3679 2909 3860 2978 εὑρών
3883 2927 4007 2961 τινα

2425 3002 2729 3071 μονάζοντα
2791 2999 3270 3071 ἐγκεκλεισμένον,
3347 3002 3543 3052 ἔπεισα
3606 3001 3774 3053 αὑτὸν
3826 3001 4011 3053 ἐλθεῖν

2423 3095 2559 3163 πρὸς
2598 3094 2698 3163 τὴν
2739 3095 2840 3164 σὴν
2873 3094 3184 3159 εὐλάϐειαν,
3215 3094 3308 3147 καὶ⁵
3335 3093 3591 3146 ἀπελθεῖν
3637 3096 3717 3155 είς
3751 3094 3853 3163 τὴν
3883 3095 4012 3146 Φοι-

727 3193 928 3262 (Iypro,
964 3193 1054 3260 qui
1091 3194 1446 3247 obsidebatur
1486 3194 1553 3246 ah
1597 3194 1788 3248 haeresi
1822 3195 2312 3262 Marcionistarum,

2423 3189 2599 3257 νίκην.
2637 3187 2697 3238 Εἰ
2722 3189 3097 3257 παραγέγονεν
3127 3185 3243 3248 οὖν,
3274 3186 3511 3256 δηλῶσαί
3549 3203 3640 3256 μοι
3700 3186 4015 3239 σπούδαστν

727 3299 1093 3336 (onvcneram
1122 3300 1258 3352 quos
1295 3286 1600 3352 oportebat,
1638 3296 1691 3340 et
1721 3287 2036 3340 universum
2061 3287 2315 3342 effectum

726 3377 1066 3430 reddidcr.:m
1097 3393 1108 3428 :
1142 3377 1235 3430 sed
1269 3376 1341 3430 fui
1372 3378 1524 3445 prius
1546 3378 1825 3445 expulsus.
1851 3378 1906 3431 Si
1936 3395 2063 3449 ergo
2091 3380 2316 3434 sciveris

725 3467 1008 3524 dominum
1100 3483 1280 3522 meum
1353 3467 1666 3533 Quiriacum
1742 3471 2078 3539 episcopum.
2153 3487 2316 3542 agere

730 3558 1226 3629 Constantinopoli,
1264 3560 1329 3615 de
1366 3562 1466 3615 hac
1494 3577 1550 3614 re
1580 3562 1644 3616 ad
1677 3578 1800 3616 eum
1833 3563 2012 3616 scribe
2041 3583 2050 3616 :
2077 3573 2132 3618 et
2169 3575 2320 3634 pote-

729 3650 802 3705 rit
833 3651 1146 3705 universum
1181 3652 1413 3707 efﬁcere.
1446 3655 1665 3718 Omnes,
1705 3663 1759 3707 et
1788 3670 1882 3710 eos
1921 3656 2178 3718 maxime,
2223 3657 2316 3726 qui

732 3742 937 3796 habent
965 3742 1030 3795 ad
1049 3743 1216 3796 Deum
1251 3743 1522 3808 ﬁduciam,
1557 3761 1682 3815 roga
1713 3755 1772 3800 ut
1799 3746 1983 3800 multis
2005 3758 2060 3800 et
2087 3747 2317 3801 intensis

730 3834 1065 3888 centcndant
1139 3837 1416 3904 precibus,
1478 3845 1538 3890 ut
1585 3847 1762 3891 cesset
1821 3837 1926 3891 hoc
1974 3838 2316 3908 naufragium

731 3927 881 3979 orbis
929 3935 1106 3980 terra.
1151 3925 1283 3980 Mala
1326 3929 1470 3981 enim
1515 3928 1871 3984 intolerabilia
1921 3940 1975 3984 et
2021 3931 2202 3984 Asiam
2245 3931 2321 3984 in-

729 4026 1010 4080 vaserunt,
1027 4018 1265 4087 aliasque
1281 4019 1527 4074 civitates
1554 4029 1607 4074 et
1629 4021 1923 4080 ecclesias:
1956 4037 2080 4090 qua:
2099 4022 2318 4092 quidem

731 4123 801 4162 ne
833 4109 1018 4162 videar
1039 4125 1156 4163 esse
1175 4111 1456 4175 molestus,
1479 4113 1701 4166 mittens
1720 4113 1929 4184 singula
1958 4114 2160 4179 dicere,
2185 4114 2318 4168 illud

738 4199 911 4252 solum
947 4201 1144 4264 dicam,
1173 4203 1354 4255 multis
1378 4219 1515 4271 opus
1542 4219 1661 4258 esse
1701 4214 1755 4258 et
1782 4206 2014 4259 intensis
2043 4207 2316 4274 precibus.

734 4289 838 4343 Sed
870 4292 1011 4345 enim
1048 4294 1424 4347 revertendum
1465 4305 1568 4359 est,
1619 4297 1760 4351 unde
1789 4297 2159 4354 discessimus.

2419 3279 2511 3331 τοῦ
2565 3277 2836 3348 Σαλαμικ
2879 3279 2994 3351 [γρ.
3040 3278 3372 3351 Σαλαμῖνος]
3409 3279 3593 3331 ἕνεκεν
3648 3280 3876 3348 χωρίου,
3915 3279 4012 3331 τοῦ

2419 3371 2562 3422 κατὰ
2589 3371 2687 3438 τὴν
2725 3370 2948 3438 Κύπρον
2967 3369 3079 3442 [γρ.
3113 3369 3313 3442 Τύρον]
3338 3372 3616 3440 κειμένου,
3644 3371 3741 3423 τοῦ
3773 3371 3881 3423 ὑπὸ
3909 3371 4014 3439 τῆς

2418 3463 2681 3532 αἱρέσεως
2716 3462 2824 3516 τῶν
2868 3464 3306 3534 Μαρκιωνιστών
3340 3463 3828 3534 πολιορκουμένου,
3862 3465 4013 3533 ήμην

2423 3554 2790 3623 διειλεγμένος
2846 3549 2927 3617 οἷς
2961 3555 3150 3626 ἐχρῆν,
3189 3557 3284 3607 καὶ
3338 3556 3722 3627 κατωρθωκὼς
3761 3559 3824 3609 το
3871 3559 4002 3620 πᾶν,

2426 3645 2540 3698 ἀλλ’
2585 3645 2755 3716 ἔφθην
2794 3645 3103 3716 ἐκϐληθείς.
3148 3647 3208 3699 Et
3236 3649 3418 3700 τοίνυν
3453 3649 3644 3718 μάθοις
3679 3650 3777 3701 τὸν
3815 3650 4012 3716 κύριον

2430 3756 2530 3808 μου
2581 3739 2862 3807 κυριακὸν
2901 3741 2992 3790 τὸν
3022 3740 3320 3791 ἐπίσκοπον
3348 3741 3439 3792 ἐπὶ
3465 3741 3562 3806 τῆς
3590 3741 4011 3793 Κωνσταντίνου

2428 3831 2634 3892 πόλεως
2661 3831 2980 3901 διατρίϐειν,
3036 3832 3340 3884 ἐπίστειλον
3366 3832 3514 3902 αύτῷ
3559 3833 3767 3902 ταύτης
3818 3835 4010 3887 ἕνεκεν

2425 3923 2524 3990 τῆς
2542 3921 2868 3985 ὑποθέσεως,
2893 3925 2987 3978 καὶ
3011 3924 3070 3976 τὸ
3125 3926 3231 3977 πᾶν
3253 3925 3436 3977 ἀνύειν
3501 3924 3813 3992 δυνήσεται.
3874 3926 4016 3978 Πάν-

2426 4031 2556 4079 τας,
2599 4016 2691 4066 καὶ
2745 4015 2978 4084 μάλιστα
3043 4018 3169 4078 τοὺς
3220 4016 3534 4088 παρρησίαν
3590 4015 3820 4083 ἔχοντας
3873 4016 4011 4085 rash;

2430 4107 2585 4174 Θεὸν,
2619 4109 2924 4178 παρακάλει
2975 4109 3140 4179 πολλῇ
3183 4110 3481 4180 κεχρῆσθαι
3529 4112 3594 4179 τῇ
3630 4111 3793 4177 εὐχῇ,
3842 4109 4012 4178 πολλῇ

2423 4202 2488 4269 τῇ
2531 4201 2798 4270 ἐκτενείᾳ,
2851 4200 2992 4253 ὥστε
3031 4201 3092 4252 τὸ
3129 4202 3224 4269 τῆς
3279 4202 3603 4269 οἰκουμένης
3646 4201 3807 4252 τοῦτο
3838 4201 4014 4251 ναυα-

2426 4313 2544 4364 γιον
2573 4295 2908 4349 παύσασθαι.
2948 4295 3222 4365 ’Δφόρητα
3249 4296 3356 4362 γᾰρ
3389 4297 3482 4347 καὶ
3497 4297 3596 4363 τὴν
3635 4295 3824 4346 Ἀσίαν
3847 4294 4014 4346 κατέ·

735 4371 865 4433 λαόε
911 4385 1071 4442 κακὰ,
1115 4387 1206 4437 καὶ
1249 4387 1440 4454 ἐτέρας
1490 4389 1546 4439 δὲ
1582 4389 1763 4452 πόλεις
1819 4391 1914 4442 καὶ
1963 4390 2278 4460 ἐκκλησίας.
2336 4391 2513 4458 Ἀπερ
2543 4389 2630 4440 ἵνα
2671 4388 2745 4458 μὴ
2807 4388 2946 4440 δοκῶ
2997 4389 3307 4456 διενοχλεῖν,
3370 4389 3549 4454 ἀφιεὶς
3586 4386 3646 4438 τὸ
3690 4387 3816 4438 καθ’
3879 4387 4014 4437 ’ἐκα-

736 4496 858 4530 στσι
894 4481 1088 4546 λέγειν,
1138 4484 1310 4534 sum
1354 4485 1512 4552 μόνον
1575 4485 1704 4552 ἐρῶ,
1759 4487 1840 4537 ὅτι
1895 4487 2070 4555 εὐχῶν
2120 4487 2328 4538 πολλῶν
2393 4485 2672 4557 χρεία,καὶ
2718 4485 2957 4554 δεήσεων
3016 4485 3269 4536 ἐκτενῶν.
3341 4483 3500 4534 Ἀλλὰ.
3555 4483 3664 4550 γὰρ
3719 4484 4014 4534 ἐπανιτέον

737 4572 858 4623 ὅθεν
900 4574 1186 4640 ἐξέ⁶5η;).εν.

810 4691 915 4744 Lll.
944 4689 1117 4757 Atque
1138 4689 1215 4741 sic
1235 4689 1472 4756 quidem.
1499 4704 1643 4750 eum,
1667 4698 1724 4741 ut
1749 4687 2006 4752 diximus,
2027 4687 2312 4742 duceretur

2497 4689 2622 4744 ΝΠ.
2655 4690 2811 4742 Οὕτω
2843 4689 2941 4759 μὲν
3007 4683 3118 4752 οὖν,
3154 4689 3227 4751 ὡς
3268 4688 3497 4754 ἔφημεν,
3525 4690 3602 4766 είς
3635 4692 3694 4738 ta
3752 4689 3852 4754 τῆς
3886 4689 4012 4756 ἐρη-

734 4781 1030 4834 Cucusum.
1055 4778 1197 4845 quod
1231 4788 1314 4829 est
1346 4777 1658 4845 oppidulum
1689 4777 2030 4840 solitudinis,
2060 4793 2182 4830 eum
2220 4794 2316 4830 ex-

735 4875 869 4942 cipit
898 4869 1215 4939 Adelphius,
1238 4869 1326 4938 qui
1348 4878 1463 4922 erat
1490 4869 1775 4938 episcopus
1804 4870 2023 4923 Anabisi
2058 4869 2318 4937 (ίϋ),ιιοιι

734 4981 886 5029 Casu,
918 4965 1010 5018 sed
1039 4963 1220 5017 divina
1252 4963 1480 5031 quadam
1511 4962 1716 5016 visione
1745 4962 1931 5030 jussus
1969 4978 2092 5016 cum
2116 4962 2326 5030 excipe-

738 5073 814 5111 re.
865 5058 970 5110 Scd
1002 5072 1101 5109 nec
1133 5056 1235 5108 hoc
1274 5064 1389 5108 erat
1421 5064 1574 5107 extra
1615 5055 1851 5107 divinam
1888 5055 2283 5123 providentiam
2308 5093 2322 5114 ,

735 5152 874 5217 quod
897 5164 1123 5219 magnus
1154 5149 1242 5201 ille
1259 5147 1567 5200 exsilioillic
1593 5157 1731 5200 esset
1755 5148 2167 5201 condemnatus.
2195 5147 2324 5199 Nam

735 5259 858 5297 cum
893 5253 1014 5311 post
1045 5243 1154 5306 illa,
1189 5258 1252 5294 cx
1278 5241 1608 5303 hominihns,
1643 5242 1732 5310 qui
1766 5241 2042 5310 impietate
2071 5252 2125 5294 et
2162 5242 2317 5308 igno-

737 5338 907 5391 rantia
937 5339 1159 5390 omnino
1191 5337 1523 5399 laborabant,
1545 5336 1832 5388 simulacra
1864 5345 2041 5388 autem
2072 5346 2126 5388 et
2155 5336 2316 5389 arbo-

740 5444 825 5480 res
851 5436 906 5480 et
937 5442 1158 5478 nemora
1191 5442 1284 5495 per
1307 5441 1572 5480 summant
1603 5425 1852 5480 colebant
1883 5425 2150 5479 inscitiam
2177 5442 2190 5478 :
2223 5426 2316 5494 qui

738 5528 921 5571 autem
959 5516 1119 5586 paulo
1154 5519 1274 5586 plus
1299 5518 1602 5585 sapiehant,
1636 5516 1714 5570 sol
1748 5517 1815 5571 ab
1845 5518 1924 5572 eis
1950 5518 2314 5572 adorabatur:

2425 4787 2550 4855 μίας
2581 4785 2851 4854 πολίχνιον
2886 4784 2982 4853 τὴν
3020 4785 3326 4834 Κουκουσὸν
3360 4783 3648 4849 ἀγόμενον,
3695 4783 4014 4848 Ἀδελςειὶς

2422 4874 2584 4925 αὐτον
2619 4873 2956 4942 ὑποδέχεται,
2984 4873 3040 4931 ὃ;
3074 4871 3370 4933 ἐπίσκοπος
3408 4870 3734 4938 Ἀραϐισσοῦ
3771 4867 3862 4940 ἦν,
3903 4875 4004 4925 οὐκ

2425 4964 2576 5016 ἀθεεὶ
2607 4965 2846 5026 παντως,
2879 4964 2990 5016 ἀλλ’
3016 4964 3136 5030 δ-ᾲει
3178 4965 3284 5015 τινὶ
3319 4964 3570 5032 θειοτέρα
3595 4965 3693 5032 τὴν
3730 4965 4009 5033 ὑποδοχὴν

2429 5055 2759 5118 κελευσθείς.
2797 5057 2871 5106 Οὐ
2905 5057 3011 5124 μὴν
3052 5055 3166 5108 ἀλλ’
3204 5056 3324 5106 οὐδὲ
3355 5054 3509 5105 τοῦτο
3537 5055 3633 5122 τῆς
3663 5054 3813 5115 θείας
3850 5057 4012 5119 ἐκτὸς

2429 5143 2496 5216 ἦν
2524 5148 2799 5216 προνοίας,
2836 5148 2894 5199 τὸ
2920 5149 3012 5198 τον
3029 5149 3200 5216 μέγαν
3229 5148 3343 5199 ἐκεῖ
3369 5149 3464 5212 τὴν
3495 5146 3795 5215 ὑπερορίαν
3833 5164 4011 5198 καται

2430 5237 2702 5308 κριθῆναι.
2733 5235 2884 5288 Μετὰ
2940 5236 3047 5304 γὰρ
3074 5239 3257 5288 ἐκεῖνα
3291 5233 3633 5298 δυσσεϐείας,
3663 5237 3759 5286 καὶ
3791 5235 4010 5302 ἀνθρώ-

2429 5345 2545 5381 πων
2591 5329 2725 5391 ὅλως
2768 5329 2841 5398 μὴ
2877 5328 3094 5379 εἰδότων
3121 5328 3214 5379 τον
3242 5328 3444 5395 Κύριον
3497 5329 3609 5379 ἀλλ’
3639 5327 3864 5385 εἴδωλα.
3911 5331 4007 5378 καὶ

2838 5419 2973 5487 ἄλση
3036 5417 3160 5488 (φεῦ
3224 5418 3323 5486 τῆς
3363 5420 3546 5480 ἀνοίας
3576 5419 3612 5485 ί)
3679 5421 4011 5488 προσκυνεῖν

2427 5511 2716 5581 ἑλομένων.
2757 5511 2915 5563 Ὅσοι
2949 5509 3004 5562 δέ
3038 5508 3210 5580 βραχύ
3242 5526 3295 5562 τι
3325 5509 3424 5563 τού
3469 5513 3690 5580 φρονεῖν
3727 5514 4010 5582 μετεῖχον,

2427 5419 2638 5489 δένδρα,
2673 5422 2766 5472 καὶ

812 5676 856 5707 ⁸³
888 5678 1004 5728 Act.
1050 5692 1158 5738 xvi,
1195 5676 1284 5728 2i.
1364 5673 1555 5729 M.lon.
1597 5693 1655 5741 ιι,
1691 5679 1741 5731 1.
1777 5695 1929 5747 seqq.
2008 5679 2051 5710 “
2083 5678 2218 5731 Dan.
2254 5693 2310 5742 ιι,
2346 5679 2364 5730 l
2401 5693 2555 5745 seqq,

815 5815 926 5882 (ili)
961 5814 1280 5882 Adelphium
1321 5817 1369 5870 id
1406 5802 1662 5884 temporis
1697 5835 1802 5871 non
1850 5819 2019 5872 fuisse
2050 5819 2317 5872 Anabise-

749 5901 900 5948 Luna,
938 5890 1052 5940 sive
1088 5889 1432 5942 Arabisinum
1466 5893 1799 5958 episcopum,
1845 5887 1938 5944 sed
1973 5890 2214 5954 Treinm,
2255 5904 2318 5942 cx

2426 5819 2837 5940 (igrysostomo,
2893 5812 3055 5885 epist.
3099 5810 3222 5877 1‘26,
3278 5810 3470 5881 probat
3512 5808 3712 5863 Baron.
3760 5807 3824 5863 ad
3873 5824 4008 5866 anu.
