4178 6484
179 424 322 491 1193

1238 437 1410 495 VITA
1453 438 1510 496 S.
1556 439 1875 499 IOANNIS
1909 444 2461 510 CHRYSOSTCNL

3300 458 3438 520 119i

175 541 382 607 ὀήλιος
428 541 612 602 αὐτοῖς
669 543 747 602 εἰς
803 545 1190 610 προσκύνησιν.
1263 542 1424 599 Οὗτοι
1467 548 1720 617 τοιγαροῦ

1856 565 1920 603 ex
1955 551 2018 603 iis
2047 568 2178 622 ergo
2206 557 2420 622 quidam
2459 558 2547 625 (-de
2576 575 2770 628 magno
2801 560 2944 612 enim
2967 561 3176 617 Joanne
3207 578 3438 632 accepe-

176 630 320 693 (ούδὲ
349 632 461 700 γὰρ
489 633 517 682 ὁ
551 634 724 700 μέγας
748 634 980 701 ἀνήκοος
1011 637 1195 697 αὐτοῖς
1227 632 1339 700 οἷος
1374 634 1460 707 ἦν,
1504 641 1598 691 καὶ
1638 642 1756 702 οἰας

170 724 270 790 τῆς
301 723 524 792 Χάριτος
577 725 903 794 ἠξίωμέννς)
967 730 1278 792 παραλυτὸν
1307 749 1427 784 τινα
1457 734 1750 804 κλινοπετῆ

173 803 632 880 παρενεγκόντες,
660 815 984 884 θεραπεύειν
1009 818 1209 884 ἠξίουν.
1246 822 1348 873 Τὸν
1368 821 1422 874 δὲ
1447 824 1536 874 καὶ
1563 825 1751 892 χρόνον

173 906 538 972 ἐρωτήσαντα
565 909 660 974 τῆς
681 909 858 971 νόσου,
882 913 974 962 καὶ
999 911 1182 973 σέϐας,
1210 913 1333 965 ἐπεὶ
1357 915 1521 984 ἤκουε
1541 918 1629 967 τὸν
1655 917 1753 985 μὲν

170 996 361 1060 ὄγδοον
387 999 499 1060 ἔτος
519 994 754 1060 εἷναι,τὺ
767 1002 842 1058 δὲ.
865 1002 1031 1069 ἥλιον,
1049 1003 1257 1055 Οὐκοῦν
1277 1007 1530 1060 ἰάσασθαί
1549 1026 1604 1060 σε
1624 1010 1747 1079 χρὴ,

170 1090 361 1155 φάναι,
399 1091 489 1141 τὸν
523 1092 697 1158 ἣλιον,
735 1095 930 1172 μεικρὺν
975 1097 1464 1165 ύπομειδιάσαντα,
1514 1101 1624 1170 εἴγε
1662 1098 1751 1155 οὗ·

166 1198 258 1242 τος
323 1182 456 1244 Θεὸς
527 1184 609 1236 σοί
651 1187 819 1238 ἐστιν.
867 1187 1029 1240 Ἀλλὰ
1065 1191 1198 1258 μηδὲ
1257 1193 1420 1244 αὐτὸν
1489 1195 1747 1250 δύνασθαι

172 1273 364 1339 μηδὲν,
400 1278 607 1328 ἐκεῖνον
641 1279 836 1339 ειπεῖν,
880 1280 1007 1332 ἄνευ
1050 1274 1222 1350 οὗπερ
1266 1285 1378 1354 ἔχει
1407 1286 1564 1340 Θεοῦ.
1598 1287 1747 1341 Εἶναι

166 1364 276 1431 γὰρ
323 1367 414 1417 καὶ
445 1366 582 1434 ἡλίῳ
615 1367 749 1419 Θεὸν
784 1370 1077 1438 ἀκούομεν,
1129 1367 1172 1440 ᾧ
1209 1373 1482 1443 λατρεύει.
1533 1380 1597 1431 Τί
1629 1377 1743 1442 οὗν,

164 1455 324 1508 aii-9::
353 1460 691 1518 ὑπολαϐόντα
723 1464 813 1516 τὸν
869 1465 1046 1531 ἅγιον,
1084 1469 1184 1520 οὐκ
1216 1471 1421 1523 ἐκεῖνον
1455 1473 1673 1540 μᾶλλον.

161 1547 259 1598 καὶ
285 1549 438 1617 ἦλιος
489 1551 767 1618 λατρεύειν
797 1553 926 1618 οἶδε,
960 1561 1154 1625 τιμᾶτε
1203 1560 1365 1626 Θεόν;
1415 1563 1556 1615 Ἀλλ’
1588 1566 1745 1633 ἡμεῖς

159 1652 248 1698 γε,
277 1641 467 1703 φάναι,
502 1641 561 1692 ού
599 1642 912 1710 τολμῶμεν’
946 1647 1116 1714 μέγας
1158 1649 1265 1718 γὰρ
1294 1653 1499 1714 ἐκεῖνος
1527 1656 1619 1705 κιεὶ
1652 1672 1744 1722 ερο-

1198 1737 1286 1755 -‘I'

157 1726 466 1794 σερώτατος
496 1748 510 1762 ο
540 1733 639 1784 κᾶν
675 1736 746 1802 μή
775 1754 859 1797 τις
881 1738 1028 1800 ἄξιος
1059 1740 1223 1790 αὐτοῦ
1343 1743 1436 1794 καὶ
1467 1743 1740 1812 ἁμαρτίας

158 1817 470 1887 ἑλεύῦερος,
505 1824 639 1890 ὁμοῦ
682 1842 739 1876 τε
801 1830 1091 1896 προσέλθοι
1124 1833 1442 1898 λατρεῦσαι,
1477 1837 1572 1888 καὶ
1610 1837 1737 1907 οείῳ

159 1911 295 1975 πυρὶ
333 1913 754 1980 καταφλέγεται.
795 1917 947 1970 Ἐπεὶ
980 1920 1034 1972 δὲ
1080 1923 1249 1975 ταῦτα
1285 1926 1486 1992 μύθους
1523 1925 1675 1980 εἶπεν
1709 1933 1736 1981 ὁ

156 2000 338 2066 ἆίιος.
373 2004 466 2055 καὶ
501 2005 691 2076 τέχι-ην
724 2005 864 2061 εἶναι
887 2011 978 2063 τοῦ
1010 2016 1246 2083 πονηροῦ
1274 2020 1406 2087 πρὴς
1436 2022 1735 2083 ἀπώλειαν,

155 2097 249 2146 καὶ
285 2095 363 2158 ὡς
397 2099 425 2149 ὁ
458 2099 550 2150 τοῦ
580 2102 732 2168 ἡλίου
761 2104 950 2156 τούτου
993 2107 1144 2168 Θεὸς,
1184 2111 1396 2177 ὁρατῶν
1430 2129 1486 2164 τε
1521 2116 1611 2165 καὶ
1648 2115 1739 2166 ἀο-

157 2185 341 2253 ράτων
393 2191 612 2241 πάντων
670 2193 786 2245 ἐστὶ
818 2195 968 2260 Θεὸς,
1000 2200 1092 2251 καὶ
1122 2201 1309 2254 οὐδένα
1338 2205 1386 2255 οἱ
1429 2205 1536 2256 τῶν
1565 2225 1731 2276 προσο

156 2281 351 2331 ιύντων
396 2288 566 2349 μισεῖ.
604 2285 708 2338 κᾶν
747 2289 1067 2358 ἁμαρτωλὸς
1098 2289 1154 2366 ᾖ,
1203 2297 1464 2363 μετάνοια
1491 2300 1546 2350 δὲ
1571 2301 1732 2352 αὐτὸν

151 2375 386 2426 εἰσέλθοι
414 2376 524 2427 τῶν
556 2380 958 2447 προλαϐόντων,
986 2387 1083 2436 καὶ
1110 2386 1192 2438 ὅτι
1220 2389 1511 2442 πίστευσον
1550 2395 1731 2461 μόνον,

149 2465 249 2516 καὶ
273 2468 307 2534 ἠ
337 2467 602 2534 θεραπεία
633 2470 795 2532 εὐθὺς
827 2473 1017 2541 ἕψεταί
1045 2493 1126 2529 σοι
1156 2479 1292 2548 μετά
1315 2499 1375 2547 γε
1399 2483 1500 2549 τῆς
1530 2483 1729 2553 ψυχῆς,

144 2560 244 2610 καὶ
273 2558 371 2610 τοῦ
404 2561 677 2628 σώματος,
712 2567 988 2618 πιστεύειν
1006 2571 1032 2621 ὁ
1055 2571 1227 2622 νοσῶν
1256 2569 1397 2637 εἷπε,
1425 2576 1519 2626 καὶ
1543 2576 1731 2645 μηδενὶ

150 2650 375 2716 μη,.ἑτι,
409 2651 522 2702 ἀλλ’
549 2653 582 2721 ἦ
617 2654 692 2705 τῶ
732 2658 878 2726 μόνῳ
933 2659 1219 2730 λατρεύειν
1263 2665 1402 2732 Θεῷ.
1439 2668 1572 2720 Τότε
1624 2687 1733 2722 τοι-

145 2747 356 2811 γαρούν
411 2748 524 2805 τοῖς
553 2749 716 2801 αὑτοῦ
777 2753 993 2818 μέλεσιν
1040 2757 1583 2829 ἐπισφραγισάμενον
1638 2764 1730 2814 τὸν

153 2837 450 2905 μακάριον,
489 2841 679 2908 Κύριε,
737 2846 765 2895 6
799 2845 887 2895 τὸν
925 2851 1281 2915 παρειμένον,
1337 2853 1532 2916 εἰπεῖν,
1558 2854 1615 2906 ὃν
1645 2855 1730 2908 διὰ

147 2927 246 2992 τῆς
281 2930 484 2998 στέγης
510 2933 647 3002 αὐτῇ
683 2934 840 3005 κλίνῃ
876 2952 957 2990 σοι
993 2939 1264 3005 καθῆκαν,
1305 2942 1448 3014 λόγῳ
1478 2947 1622 3014 μόνῳ
1654 2946 1730 3015 τῷ

149 3021 226 3088 σῷ
270 3025 590 3092 ἰασάμενος,
643 3030 736 3080 καὶ
787 3030 976 3083 τοῦτον
1028 3034 1120 3085 ἐπὶ
1156 3035 1279 3106 δόξῃ
1315 3040 1380 3106 τῇ
1439 3041 1504 3109 σῇ
1541 3041 1634 3092 καὶ
1662 3043 1726 3113 τῇ

146 3115 466 3180 ἐπιγνώσει,
511 3119 639 3185 μόνε
663 3121 785 3182 Θεὲ,
824 3123 901 3190 τῷ
941 3125 1168 3194 νεύματί
1226 3146 1319 3182 σου
1359 3129 1722 3200 θεράπευσον.

1858 653 1981 695 rant
2010 645 2364 714 auditionem)
2389 663 2509 700 cum
2531 651 2816 716 quemdam
2842 651 3190 706 adduxissent
3225 655 3439 723 paraly-

1859 735 2022 791 ticum
2073 738 2126 789 in
2179 738 2319 793 lecto
2373 739 2810 804 deeumbentem,
2875 743 3135 812 rogabam
3193 755 3249 798 ut
3310 762 3435 800 cum

1856 838 2090 882 curaret.
2146 831 2195 884 Is
2241 847 2369 884 vero
2432 848 2556 886 cum
2623 843 2838 902 tempus
2885 845 3127 904 rogasset
3183 838 3354 890 morbi
3384 848 3437 892 et

1855 921 2192 992 religionem,
2243 924 2332 977 ubi
2383 925 2585 978 audivit
2633 935 2848 995 tempus
2891 929 3108 993 quidem
3147 944 3266 983 esse
3315 938 3436 983 octo

1854 1027 2146 1075 annorum,
2197 1015 2265 1068 ab
2325 1031 2390 1069 eo
2421 1025 2602 1070 autem
2640 1018 2741 1071 coli
2780 1019 2947 1074 solem
2981 1036 2990 1070 :
3034 1019 3259 1089 Oportet
3306 1037 3435 1092 ergo

1854 1106 2020 1159 solem
2049 1107 2144 1160 tibi
2176 1109 2400 1171 mederi.
2429 1109 2582 1166 dixit.
2611 1127 2801 1180 parum
2835 1114 3144 1178 subridens,
3183 1115 3224 1168 si
3242 1116 3326 1168 hic
3352 1124 3432 1169 est

1854 1197 1996 1251 Deus
2026 1208 2169 1253 tuus.
2212 1200 2315 1253 Sed
2346 1215 2448 1255 nec
2478 1203 2593 1270 ipse
2625 1213 2822 1272 potest,
2870 1205 3046 1274 inquit
3089 1206 3197 1266 ille,
3228 1208 3430 1276 absque

1854 1283 1983 1348 Deo,
2021 1303 2181 1356 quem
2226 1288 2408 1343 habet.
2455 1291 2718 1346 Audimus
2750 1294 2894 1347 enim
2935 1296 3031 1348 soli
3068 1313 3280 1365 quoque
3310 1315 3432 1353 esse

1855 1379 2047 1442 Deum,
2101 1397 2260 1450 quem
2311 1385 2460 1437 colit.
2509 1383 2644 1449 Quid
2703 1402 2865 1457 ergo,
2911 1387 3047 1440 dixit
3093 1390 3431 1458 respondens

1849 1479 2091 1532 sanctus,
2147 1487 2255 1524 non
2303 1473 2452 1526 illum
2499 1477 2676 1541 potius
2717 1476 2883 1529 Deum
2919 1478 3113 1538 colitis,
3158 1495 3317 1546 quem
3353 1482 3433 1532 soi

1847 1576 2062 1631 quoque
2108 1565 2287 1618 colit?
2326 1565 2430 1620 Sed
2467 1582 2582 1628 nos,
2632 1568 2808 1637 inquit
2838 1570 2925 1622 ille
2950 1609 2963 1631 ,
2999 1588 3108 1624 non
3147 1573 3428 1626 audemus.

1847 1648 1940 1703 Ille
1993 1651 2160 1714 enim,
2219 1654 2417 1722 inquit,
2471 1664 2553 1709 est
2603 1672 2849 1726 magnus,
2891 1668 2946 1712 ct
2983 1661 3073 1728 qui
3115 1670 3292 1729 potest
3317 1663 3432 1715 solo

1846 1741 2068 1793 nomine
2117 1742 2402 1797 horrorem
2437 1745 2652 1808 afferre.
2695 1757 2750 1801 et
2784 1750 2826 1800 si
2857 1750 2978 1816 quis
3018 1765 3126 1804 non
3173 1751 3334 1804 fuerit
3366 1767 3431 1805 eo

1843 1833 2039 1902 dignus
2089 1846 2144 1886 et
2189 1837 2324 1889 liber
2361 1854 2389 1890 a
2426 1849 2666 1906 peccato.
2702 1841 2862 1894 simul
2899 1852 3061 1911 atque
3088 1845 3320 1898 accessit
3363 1845 3430 1897 ad

1852 1925 2212 1989 adorandum,
2268 1926 2386 1996 igne
2439 1928 2624 1982 divino
2668 1931 3022 1985 comburitur.
3075 1933 3207 1987 Cum
3247 1946 3426 1988 autem

1845 2013 2077 2069 Sanctus
2110 2017 2222 2070 lucc
2249 2017 2476 2071 dixisset
2509 2035 2629 2073 esse
2651 2019 2859 2074 faculas
2882 2030 2938 2074 et
2975 2031 3145 2076 artem
3184 2027 3426 2093 maigni.

1843 2108 1932 2175 qui
1960 2108 2045 2169 iis,
2088 2111 2179 2177 qui
2211 2118 2425 2178 parent,
2462 2112 2766 2165 mercedem
2805 2113 3058 2166 conciliat
3095 2114 3373 2167 interitum
3408 2133 3422 2168 :

1839 2208 1894 2251 et
1945 2198 2116 2250 Deum
2149 2198 2312 2267 hujus
2347 2199 2496 2263 solis,
2535 2215 2656 2254 esse
2705 2201 2872 2254 Deum
2915 2217 3128 2265 eorum,
3161 2219 3283 2271 qua:
3323 2205 3426 2257 sub

1837 2301 2116 2358 aspectum
2143 2293 2346 2345 cadunt
2378 2302 2430 2346 et
2461 2309 2580 2362 qua:
2613 2309 2720 2348 non
2759 2295 2981 2359 cadunt,
3025 2311 3126 2350 nec
3157 2295 3326 2348 ullum
3358 2312 3424 2350 ex

1838 2381 1928 2445 iis,
1957 2382 2046 2449 qui
2075 2383 2140 2436 ad
2169 2398 2290 2436 eum
2319 2384 2606 2443 accedunt,
2631 2385 2800 2452 rejici,
2824 2386 3034 2440 etiamsi
3066 2387 3423 2454 sitpeceator,

1835 2474 1996 2528 modo
2029 2491 2152 2528 eum
2185 2475 2414 2529 subierit
2441 2476 2761 2544 poenitentia
2785 2491 3000 2541 eorum,
3038 2493 3156 2545 quae
3189 2494 3423 2546 prteces-

1836 2575 2047 2619 serunt.
2082 2566 2268 2620 Solum
2301 2567 2507 2636 itaque,
2542 2567 2733 2636 inquit,
2757 2569 2916 2622 crede
2947 2587 2959 2621 :
2999 2579 3054 2622 et
3084 2570 3264 2622 statim
3295 2585 3421 2624 cum

1843 2659 2128 2712 curatione
2165 2660 2431 2727 corporis,
2475 2669 2733 2728 sequetur
2770 2661 2932 2713 etiam
2962 2662 3172 2714 curatio
3207 2662 3420 2714 animm.

1836 2749 1972 2803 Cum
2001 2751 2077 2804 sic
2099 2751 2323 2806 dixisset
2352 2762 2698 2808 sacrosancta
2748 2754 2835 2805 illa
2861 2753 3064 2824 lingua,
3090 2753 3224 2807 dixit
3251 2768 3424 2821 αδδιτο-

1839 2853 1923 2896 tus
1957 2859 2014 2898 se
2044 2845 2288 2908 credere,
2327 2854 2382 2898 et
2411 2860 2470 2898 se
2508 2845 2718 2899 nullum
2761 2845 2925 2899 alium
2965 2847 3199 2914 amplius
3251 2849 3418 2900 Deum

1832 2951 1952 2990 esse
1980 2937 2276 2991 culturum.
2300 2937 2450 2991 Tunc
2480 2953 2608 3008 ergo
2643 2939 2855 3002 beatus,
2887 2954 3009 2992 cum
3037 2942 3278 2993 membra
3300 2940 3422 3007 ejus

1837 3030 2198 3099 obsignasset,
2263 3028 2491 3083 Domine
2519 3069 2534 3092 ,
2572 3029 2768 3098 inquit,
2811 3029 2902 3098 qui
2960 3031 3314 3100 paraltticum
3349 3031 3419 3093 “,

1831 3135 1992 3188 quem
2042 3136 2139 3189 per
2184 3129 2388 3174 tectum
2431 3136 2555 3174 eum
2591 3123 2706 3190 ipso
2744 3122 2883 3175 lecto
2926 3121 3020 3175 tibi
3061 3122 3418 3184 demiserunt.

147 3209 259 3261 Καὶ
323 3210 400 3272 ὡς
435 3210 606 3264 ταῦτα
655 3215 820 3276 εἴποι,
883 3219 1181 3286 ἀναστῆναί
1235 3239 1291 3273 τε
1320 3223 1480 3284 εὐθὺς
1509 3228 1599 3277 τὸν
1636 3245 1725 3280 νο-

1835 3213 1953 3265 solo
1975 3212 2141 3265 verbo
2176 3213 2400 3278 curasti,
2437 3213 2583 3268 hunc
2613 3228 2828 3281 quoque
2851 3214 2914 3266 ad
2943 3214 3164 3282 gloriam
3194 3223 3340 3268 tuam
3365 3224 3422 3268 et

147 3302 346 3356 σοῦντα
374 3307 462 3357 καὶ
492 3298 622 3372 {nui
657 3309 868 3376 στῆναι,
898 3313 1086 3377 μισθὸν
1117 3317 1375 3382 siin-$21
1431 3319 1528 3380 τῆς
1569 3320 1720 3372 εύσε-

144 3396 319 3458 σεὶας,
357 3399 455 3464 τὴν
491 3401 660 3470 ρὦιν
694 3401 787 3453 τοῦ
837 3402 1166 3475 σώματος.ἦ
1203 3408 1402 3474 μᾶλλον
1451 3409 1538 3461 διὰ
1569 3412 1722 3463 νόσου

144 3494 485 3558 σωματικῆς,
518 3494 653 3562 προς
682 3495 779 3564 τὴν
821 3495 1060 3565 ψυχικὴν
1081 3499 1311 3564 ὑγίειαν,
1347 3501 1376 3569 ἢ
1408 3501 1502 3552 καὶ
1541 3503 1722 3569 ἁμφου

142 3581 319 3648 τέρων
352 3581 712 3651 ὁδηγηθέντα.
749 3586 920 3638 Τοιῖτο
951 3588 1011 3638 τὸ
1045 3587 1232 3656 Θαῦμα
1263 3590 1558 3642 ’πιστεῦσαι
1597 3593 1722 3654 τοὺς

136 3673 234 3738 τῆς
275 3673 458 3741 χώρας
488 3675 690 3743 ταύτης
731 3681 893 3739 ποιεῖ,
943 3679 1037 3730 καὶ
1065 3679 1143 3748 τῷ
1167 3679 1504 3750 βαπτίσματι
1546 3700 1719 3750 προσ-

146 3765 324 3818 ελῖέεῖν
351 3767 588 3836 ἀριθμοῦ
616 3770 1144 3836 κρείττονας.⁹Επτὰ
1172 3773 1353 3825 τοίνυν
1393 3777 1723 3838 ἐπισκόπους

138 3860 238 3910 σὺν
293 3858 409 3926 ἅμα
460 3861 852 3931 πρεσϐυτέροις
915 3866 1008 3916 καὶ
1043 3865 1312 3929 διακίνοις
1375 3869 1584 3931 ἱκανοῖς
1643 3872 1720 3938 τῷ

136 3948 335 4015 πλήθει
365 3949 473 4000 τῶν
506 3954 922 4006 πιστευσάντων
954 3957 1047 4007 ἐπὶ
1074 3957 1284 4020 τούτοις
1311 3962 1719 4028 χειροτονήσας,

134 4042 369 4107 ἐπείπερ
393 4042 541 4111 εὖροι
567 4039 713 4105 τινας
749 4046 929 4098 αὐτῶν
955 4049 1053 4115 τὴν
1081 4048 1350 4119 Ἐλλήνων
1373 4053 1574 4120 φράσιν
1601 4056 1721 4105 ἐπι-

138 4136 463 4200 σταμένους.
499 4138 708 4199 τούτοις
740 4139 838 4191 δτα
868 4143 958 4192 καὶ
983 4142 1201 4214 γλώσῃ
1229 4146 1597 4215 χωσάμενος,
1631 4148 1721 4200 τόν

132 4242 190 4277 τε
237 4225 382 4276 Θεῖον
414 4226 576 4280 Δαῶδ
635 4231 727 4280 καὶ
774 4233 872 4298 τὴν
931 4233 1137 4302 Καινὴν
1204 4236 1423 4289 ἃπασαν
1450 4240 1584 4307 πρὸς
1622 4241 1720 4308 τὴν

145 4316 378 4368 Ἐλλάδα
407 4318 655 4383 γλῶτταν
689 4320 756 4373 δι’
782 4322 963 4375 αὐτῶν
999 4325 1350 4392 μεταϐάλλει.
1388 4330 1499 4381 Καὶ
1537 4348 1716 4399 παρα-

132 4410 318 4462 δίδωσι
347 4413 445 4478 μὲν
476 4413 570 4465 τὸν
599 4413 767 4466 τύπον
811 4417 908 4484 τῆς
942 4421 1284 4490 ἀναιμάκτου
1325 4424 1538 4488 Θυσίας,
1575 4426 1718 4478 ἐκδι-

131 4504 326 4555 δάσκει
356 4503 412 4556 δὲ
453 4507 546 4556 καὶ
596 4507 662 4557 τὰ
708 4509 804 4575 τῆς
850 4509 1060 4576 Καινῆς
1103 4514 1398 4583 Διαθήκης.
1445 4512 1574 4569 Εἶτα
1623 4519 1716 4572 καὶ

136 4598 372 4658 κανόνας
394 4599 904 4670 αὑτοίςῖὶσηγεῖται
927 4603 1240 4674 ψαλμιρδξας
1263 4608 1354 4659 καὶ
1377 4609 1717 4678 προσευχῶν.

147 4686 379 4752 Ὀλίγων
413 4687 466 4738 δὲ
489 4689 714 4758 ἡμερῶν
739 4691 1153 4762 πληθύνομένην
1180 4697 1322 4762 ὀρῶν
1352 4698 1452 4766 τὴν
1478 4699 1718 4767 νεοπαγῆ

133 4775 342 4842 ταύτην
373 4775 720 4846 Ἐκκλησίαν,
746 4781 880 4833 ἀλλὰ
906 4785 998 4835 καὶ
1024 4785 1132 4837 τῶν
1165 4778 1260 4838 τοῧ
1293 4788 1530 4857 Χριστοῦ
1567 4790 1720 4842 ἐντο-

129 4865 241 4919 λῶν
274 4867 336 4918 ού
377 4868 582 4936 μικρὰν
615 4871 674 4922 ὲν
714 4871 900 4934 αὐτοῖς
934 4874 1032 4942 τὴν
1062 4876 1326 4941 ἐπίδοσιν,
1362 4878 1632 4948 ᾡμολόγει
1661 4897 1721 4932 τε

130 4955 206 5021 τῷ
250 4954 372 5023 Θεῷ
433 4959 610 5025 χάριν,
661 4962 756 5012 καὶ
805 4963 1105 5029 ἡγαλλιᾶτο
1154 4969 1229 5036 τῷ
1264 4969 1560 5034 πνεύματι,
1599 4975 1713 5035 τοῖς

132 5046 415 5099 ἀσθενέσιν
476 5051 653 5103 αὐτῶν
725 5055 915 5123 χεῖρας
963 5057 1214 5126 lactuca;
1269 5062 1558 5128 ἐπιτιθεὶς,
1613 5066 1708 5118 καὶ

133 5140 339 5206 προῖκα
361 5140 422 5192 τὸ
445 5141 666 5195 πάντων
696 5145 984 5200 κάλλιστον
1007 5150 1386 5221 χαριζόμενος.

197 5315 323 5371 NP.
344 5318 451 5370 Καὶ
468 5320 494 5370 ὁ
509 5317 608 5386 μὲν
624 5322 682 5373 ἐν
695 5322 902 5385 τούτοις
917 5319 1003 5394 ἦν·
1038 5327 1152 5379 ὅσοι
1167 5329 1221 5380 δὲ
1243 5327 1350 5380 τῶν
1361 5330 1512 5402 αὐτῷ
1528 5349 1708 5386 κεκοι-

128 5407 453 5476 νωνηκότων
475 5403 614 5475 ἦσαν
633 5411 924 5465 ἐπίσκοποί
948 5431 1007 5466 τε
1028 5417 1123 5468 καὶ
1145 5418 1309 5486 ἱερεῖς
1327 5420 1532 5483 ἁπλῶς,
1551 5424 1602 5475 οἳ
1619 5423 1706 5476 διὰ

127 5497 214 5548 τὶν
233 5497 376 5565 ὑπὲρ
389 5498 623 5567 Χριστοῦ
637 5501 798 5566 ζῆλον
821 5504 1112 5570 ἐκκλησίαν
1126 5510 1394 5578 ἐμίσησαν
1410 5530 1542 5582 πονη
1553 5531 1704 5582 ρευο-

133 5590 326 5655 μένων.
343 5590 561 5652 τούτους
581 5593 644 5660 δὴ
672 5595 882 5658 πάντας
911 5597 1222 5667 δημεύσεις,
1242 5603 1464 5673 ἐξορίαι,
1487 5606 1704 5660 Θάνατοι

130 5684 221 5730 καὶ
243 5681 493 5744 κολάσεις
518 5685 756 5738 ποικίλαι
779 5687 1166 5758 διεμερίζοντο.
1192 5694 1298 5746 Καὶ
1316 5696 1424 5766 γὰρ
1446 5696 1552 5749 ἔδει
1576 5700 1706 5750 κάν-

217 5862 260 5891 “
292 5859 421 5914 an.
456 5879 509 5922 κ’,
541 5861 622 5915 13.

356 5963 628 6022 Parnm.
661 5966 775 6024 Gn.
805 5962 1026 6026 CXIV.

1829 3303 2162 3372 agnitionem
2193 3313 2283 3355 tuo
2316 3311 2449 3356 nutu
2479 3319 2630 3357 cura.
2661 3303 2786 3357 Haec
2806 3319 2928 3356 eum
2961 3304 3209 3368 dixisset,
3230 3306 3416 3359 statim

1827 3395 2086 3453 surrexit,
2132 3394 2222 3462 qui
2256 3395 2573 3463 aegrotabat.
2601 3403 2655 3448 et
2681 3395 2829 3449 stetit
2874 3410 3061 3460 sanus,
3085 3406 3145 3450 ut
3172 3397 3264 3465 qui
3293 3396 3409 3450 fru-

1830 3493 1976 3537 ctum
2023 3484 2242 3552 pictatis
2272 3486 2576 3554 accepisset
2601 3487 2765 3539 robur
2793 3487 3040 3555 corporis
3069 3505 3080 3540 :
3112 3497 3205 3542 aut
3232 3489 3418 3558 potius

1827 3592 1922 3646 per
1948 3579 2200 3631 morbum
2228 3580 2476 3648 corporis
2511 3580 2780 3634 deductus
2805 3579 3000 3634 fuisset
3034 3581 3098 3633 ad
3129 3583 3415 3636 sanitatem

1827 3670 2048 3730 animm,
2097 3682 2190 3722 aut
2231 3672 2396 3724 etiam
2429 3672 2732 3740 utriusque.
2777 3673 2886 3726 lloc
2916 3675 3238 3728 miracuium
3289 3675 3417 3728 fatit

1836 3763 2112 3830 regionem
2151 3778 2273 3815 eum
2305 3773 2417 3817 toto
2448 3775 2588 3816 coetu
2627 3764 2869 3828 credere,
2909 3774 2964 3818 et
2991 3765 3417 3821 innumerabiles

1832 3855 2095 3909 accedere
2123 3857 2188 3908 ad
2220 3857 2567 3923 baptismum.
2594 3858 2726 3909 Cum
2747 3873 2873 3924 ergo
2898 3859 3106 3925 septem
3131 3860 3416 3926 episcopos

1824 3961 1948 3999 cum
1980 3945 2307 4013 presbyteris
2330 3957 2383 3998 et
2405 3947 3056 4000 diaconissuﬂicientiltus
3080 3948 3412 4000 multitudini

1822 4052 2014 4090 eorum
2042 4078 2055 4098 ,
2090 4038 2180 4105 qui
2214 4038 2600 4099 crediderant,
2633 4040 2712 4093 eis
2749 4040 3082 4102 ordinasset,
3115 4040 3415 4094 invenisset

1826 4137 2006 4182 autem
2032 4131 2295 4197 quosdam
2313 4146 2378 4183 ex
2409 4133 2487 4184 eis
2504 4132 2640 4185 bene
2660 4133 2798 4185 scire
2815 4132 3060 4186 Gnecum
3083 4147 3410 4198 sermonem,

1788 4219 1908 4274 .eis
1939 4230 2196 4289 tanquam
2240 4221 2420 4291 lingua
2463 4238 2612 4284 usus,
2649 4224 2892 4277 ditiuunt
2938 4224 3098 4278 David
3144 4235 3196 4277 et
3238 4234 3409 4278 totum

1826 4315 2030 4369 Novum
2053 4317 2461 4371 Testamentum
2493 4336 2587 4387 per
2611 4319 2756 4388 ipsos
2780 4318 2961 4372 Grmce
2985 4320 3246 4387 interpret
3267 4329 3406 4372 itur:

1825 4418 1881 4461 et
1911 4407 2142 4461 formam
2171 4410 2390 4480 quidem
2426 4411 2587 4464 tradit
2613 4411 2883 4464 incruenti
2917 4410 3165 4464 sacrilicii
3203 4427 3213 4462 :
3248 4411 3408 4465 docet

1821 4509 1998 4554 autem
2027 4518 2089 4555 ea
2111 4518 2348 4572 quoque,
2368 4514 2625 4571 quaesunt
2653 4503 2786 4556 Νοτί
2815 4503 3168 4557 Tcstamenti.
3206 4504 3407 4556 Deinde

1822 4593 1987 4648 tradit
2018 4595 2179 4648 etiam
2215 4595 2294 4649 eis
2343 4597 2555 4665 regulas
2608 4596 2919 4664 psalmodize
2962 4606 3017 4651 et
3070 4596 3400 4649 orationum.

1824 4685 1958 4740 Cum
1991 4702 2119 4756 ergo
2150 4688 2338 4757 paucis
2376 4689 2567 4742 diebus
2605 4689 2828 4743 vidisset
2865 4691 3005 4744 hanc
3032 4705 3220 4743 recens
3256 4696 3401 4742 stru-

1821 4788 1965 4832 ctam
2020 4781 2306 4834 ecclesiam
2367 4781 2740 4850 multiplicari,
2791 4783 2923 4850 quin
2975 4783 3140 4835 etiam
3196 4782 3404 4836 Christi

1824 4881 2221 4940 praeceptorum
2252 4888 2362 4926 non
2391 4889 2620 4941 parvum
2647 4874 2699 4926 in
2724 4874 2804 4927 eis
2843 4874 2955 4927 ﬁeri
2984 4875 3402 4938 incrementum,

1821 4961 1933 5016 Deo
1961 4978 2182 5033 magnas
2206 4965 2396 5032 agebat
2421 4965 2623 5033 gratias
2648 4974 2703 5019 et
2729 4965 3034 5020 exsultabat
3064 4965 3279 5035 spiritu,
3315 4967 3402 5033 iis,

1828 5056 1920 5124 qui
1956 5072 2021 5109 ex
2049 5057 2130 5109 eis
2156 5066 2310 5110 erant
2341 5057 2561 5125 inﬁrmi,
2597 5060 2834 5113 medicas
2866 5073 3058 5112 manus
3091 5059 3402 5128 imponens,

1822 5157 1879 5201 et
1911 5147 1962 5202 id
1996 5151 2139 5217 quod
2185 5159 2269 5202 est
2302 5152 2546 5204 omnium
2592 5151 3038 5221 pulcherrimum,
3081 5151 3248 5221 gratis
3291 5153 3401 5206 lar-

1821 5240 1996 5310 giens.

1890 5331 2019 5390 Llll.
2050 5333 2156 5389 Sed
2191 5337 2282 5390 ille
2314 5336 2528 5405 quidem
2570 5337 2624 5390 in
2670 5339 2752 5393 his
2787 5358 2800 5392 :
2848 5356 3039 5394 eorum
3084 5347 3262 5392 autem
3303 5339 3399 5407 qui

1815 5424 2128 5482 inimicitias
2169 5437 2373 5482 temere
2409 5432 2756 5492 exercebant,
2792 5443 2886 5487 aut
2914 5448 3126 5494 eorum,
3158 5433 3248 5501 qui
3283 5431 3395 5486 Deo

1815 5526 1869 5571 et
1890 5517 2084 5572 Joanni
2111 5520 2480 5584 adhaerebant,
2512 5539 2598 5576 res
2635 5525 2907 5593 quomodo
2937 5525 2960 5576 ?
2992 5523 3314 5592 Quicunque
3341 5526 3389 5577 el

1811 5613 2351 5666 communicaverant
2392 5616 2656 5684 episcopi,
2693 5628 2752 5669 ut
2777 5617 2944 5670 semel
2984 5617 3182 5679 dicam,
3215 5624 3268 5669 et
3296 5631 3385 5668 sa-

1811 5703 2088 5768 cerdotes,
2122 5704 2213 5771 qui
2244 5717 2466 5774 propter
2496 5723 2592 5776 pro
2610 5707 2836 5762 .Christo
2869 5709 3041 5763 zelum
3072 5709 3198 5763 odio
3230 5709 3397 5762 halte-

2963 5985 3047 6046 38
