4178 6484
775 429 898 492 1211
2001 431 2275 489 MENSIS
2315 431 2425 489 J.‘tt‘

2385 431 2771 490 tNUARIUS.
3909 433 4035 495 1212

840 584 1510 615 κατ’
1525 586 1762 596 Μ
1778 586 2006 594 *⁵.*
2028 586 2619 596 ῌ-ῌ*

1451 600 2446 611 m
2475 602 2619 611 __

1451 600 2520 611 m—

1621 773 1815 895 DE
1899 772 2519 898 SANCTO
2612 769 3209 898 JACOBO

1876 999 2232 1059 EREMITA
2272 997 2348 1057 IN
2391 997 2485 1056 PA
2499 996 2742 1057 LAESTI
2757 999 2856 1056 NA
2871 1043 2884 1056 .

2028 586 2214 596 —————-——

2529 588 2619 596 _._
2658 588 4023 617 ______.=======::=

1503 1145 1742 1210 (Januarii
1791 1148 1869 1198 die
1917 1147 1994 1195 28.
2025 1172 2086 1184 -—
2128 1149 2246 1195 Acta
2291 1147 2580 1195 Sanctorum
2614 1143 2839 1195 Bolland.
2877 1145 2934 1194 ad
2957 1144 3085 1195 hanc
3118 1146 3287 1207 diem.)

851 1423 903 1476 l.
941 1420 1130 1476 Plures
1162 1424 1211 1475 in
1251 1423 1311 1490 Si
1329 1425 1404 1476 ria
1448 1425 1635 1478 vixere
1667 1425 2032 1479 sanctimonia
2061 1428 2301 1481 illustres
2345 1428 2608 1491 eremitze,
2661 1425 2848 1480 Jacobi
2890 1424 3166 1492 appellati.
3199 1423 3403 1476 llorum
3436 1440 3578 1478 unus
3613 1427 3657 1479 is
3691 1424 3794 1478 fuit
3822 1425 3894 1479 de
3930 1441 4035 1494 quo

763 1517 1151 1570 Theodoretus
1177 1533 1296 1586 cap.
1326 1517 1395 1570 ‘25
1429 1517 1707 1579 I’ltilothei,
1743 1535 1836 1570 seu
1867 1520 1961 1570 ill).
2000 1537 2051 1572 ιχ
2094 1519 2168 1572 L‘c
2193 1524 2307 1573 ritis
2355 1520 2602 1583 Patrum,
2631 1519 2841 1578 scribit,
2875 1517 2966 1585 qui
3007 1517 3226 1586 tugurio
3275 1517 3517 1570 inclusus
3557 1519 3782 1586 drgcbat
3827 1539 3844 1568 ι
3882 1522 4032 1589 jtuta

769 1611 948 1662 vicum
981 1611 1164 1663 Duzan
1204 1611 1255 1663 in
1294 1609 1354 1679 5)
1372 1611 1470 1672 ria,
1513 1631 1527 1660 ι
1575 1627 1777 1680 perque
1831 1614 2096 1667 modicam
2137 1613 2337 1667 foss::m
2379 1628 2641 1682 respousa
2677 1613 2962 1669 reddebat.
2997 1627 3178 1679 neque
3213 1611 3336 1678 igne
3369 1625 3500 1662 usus
3550 1627 3814 1678 unquam,
3852 1629 4031 1678 neque

767 1705 973 1755 lumine
1026 1705 1281 1757 lucernae.
1316 1703 1700 1774 Nonagcnario
1735 1707 1906 1774 major
1942 1708 2123 1761 adhuc
2153 1708 2206 1760 in
2248 1708 2387 1762 vivis
2414 1719 2552 1772 erat,
2583 1723 2707 1760 eum
2741 1706 2941 1758 librum
2975 1705 3127 1758 illum
3167 1703 3549 1759 Theodoretus
3584 1706 3782 1760 sicculo
3835 1709 4030 1774 quinto

761 1799 1155 1851 conscriberet.

826 1893 879 1943 9..
913 1890 1066 1943 Alius
1105 1891 1172 1942 ab
1208 1891 1400 1944 eodem
1438 1891 1788 1945 Theudorelo
1831 1908 1948 1962 cap.
1983 1893 2042 1946 ‘2!
2089 1907 2424 1948 memoratur
2466 1894 2726 1954 Jacobas,
2761 1892 2848 1946 cui
2885 1894 3000 1962 ipse
3059 1893 3258 1963 Magni,
3288 1893 3615 1947 Theodorus
3645 1893 3843 1947 Lector
3876 1895 3976 1947 lib.
4015 1912 4026 1945 ι

763 1983 1055 2038 (ΣοιΙιτιειη.
1086 1983 1226 2051 Syri,
1253 1984 1515 2052 Evagrius
1546 1985 1635 2035 lib.
1669 2001 1725 2045 ιε,
1761 2002 1876 2052 cap.
1911 1989 1962 2040 9.
2002 1985 2162 2053 δεμ-ξι.
2196 1987 2530 2054 Ilosvveydus
2553 1985 2868 2055 llypa’thrii,
2898 1987 3162 2053 quodsab
3191 1986 3282 2037 dio
3315 1986 3544 2042 viveret.
3595 2002 3903 2055 cognomen
3937 1998 4030 2038 tr.-

761 2077 950 2128 lmere.
985 2076 1156 2144 llujus
1192 2076 1440 2127 meminit
1481 2076 1745 2128 Barouius
1797 2087 1927 2128 tom.
1963 2077 2024 2134 γ,
2058 2092 2147 2130 an.
2181 2076 2310 2128 Chr.
2337 2081 2411 2128 At}

2378 2079 2459 2139 0-4,
2498 2093 2648 2129 ιιιιιιι.
2703 2079 2819 2130 108.
2857 2089 2911 2130 et
2944 2093 3034 2130 an.
3071 2078 3197 2138 ΔΗ,
3237 2092 3386 2128 num.
3426 2078 3591 2137 15,et
3637 2089 3764 2129 tom.
3805 2077 3891 2134 \l.
3945 2093 4028 2128 an.

757 2169 880 2230 4.38,
918 2186 1064 2220 ιιιιιιι.
1110 2169 1193 2228 lii,
1227 2168 1315 2220 ubi
1349 2170 1471 2235 jure
1510 2167 1880 2238 Nicephorum
1923 2170 2172 2238 corrigit.
2211 2171 2302 2237 qui
2337 2187 2461 2223 eum
2490 2187 2613 2224 cum
2647 2173 2852 2225 .Iacobo
2883 2169 3145 2221 Nsilu'no
3175 2169 3444 2223 confudit.
3486 2169 3694 2222 Colitur
3735 2170 4032 2223 Nisibenus

768 2279 830 2314 xv
863 2263 1018 2318 Julii.
1064 2271 1113 2313 at
1147 2262 1386 2314 Jacolms
1419 2262 1661 2330 Magnus,
1701 2265 1816 2316 sive
1868 2265 2056 2333 Syros.
2112 2281 2232 2317 xxvi
2277 2267 2568 2327 Novemb,
2603 2267 2731 2318 licet
2764 2265 2888 2317 loca
2940 2280 3009 2317 ex
3041 2264 3350 2317 Annalibus
3376 2263 3593 2316 Baronii
3626 2265 3733 2332 jam
3781 2265 3951 2315 citata
4003 2283 4028 2313 ει

757 2355 938 2414 nobis,
973 2356 1206 2420 ascripta
1242 2354 1470 2422 margini
1507 2357 1617 2407 sint
1652 2356 1706 2406 in
1741 2367 2017 2422 postrema
2054 2357 2425 2425 5i:ll'l)‘l‘ol0gll
2466 2358 2696 2411 Romani
2725 2357 2967 2410 editione
2995 2357 3060 2408 ad
3099 2357 3408 2408 notatione-5
3443 2373 3491 2407 vt
3524 2356 3775 2425 Augusti,
3806 2373 3917 2424 quo
3945 2357 4030 2407 dte

758 2451 959 2504 colitur
987 2449 1127 2502 alius
1157 2449 1393 2502 Jacobus
1429 2449 1667 2502 Eremila
1717 2471 1732 2500 ι
1770 2451 1976 2504 Amida»
2007 2454 2058 2503 in
2105 2451 2491 2516 Mesopotamia
2535 2453 2600 2504 ad
2656 2453 2860 2520 'l'igrim
2898 2452 3123 2504 [luvium
3163 2472 3180 2500 ι
3225 2452 3504 2504 miraculis
3558 2453 3759 2513 clarus,
3811 2453 4033 2503 duobus

757 2542 864 2596 illis
903 2545 1071 2597 multo
1113 2544 1340 2612 junior;
1378 2544 1581 2612 quippe
1615 2545 1706 2611 qui
1740 2555 1860 2612 post
1893 2545 2140 2598 Amidam
2183 2562 2211 2598 a
2256 2562 2380 2614 rege
2437 2546 2726 2599 l’crsarum
2779 2556 2989 2612 captam
3039 2544 3221 2598 adhuc
3286 2545 3523 2597 vivebat.
3552 2545 3720 2612 Capta
3783 2560 3915 2597 vero
3945 2554 4031 2595 est

756 2635 976 2700 Amida,
1022 2645 1166 2688 teste
1200 2635 1514 2688 Marcellino
1563 2639 1614 2688 in
1665 2637 1961 2694 Chronico,
2011 2657 2026 2686 ι
2078 2636 2412 2690 Consulibus
2466 2638 2676 2690 Avieno
2730 2637 2958 2690 Juniore
3004 2645 3058 2688 et
3119 2636 3298 2689 Probo
3341 2657 3357 2686 ι
3397 2643 3518 2704 (pro
3575 2653 3685 2704 quo
3742 2638 3833 2689 alii
3901 2636 4032 2704 Isaf-

757 2730 888 2793 l'am,
945 2727 1218 2795 scribunt)
1255 2743 1342 2780 an.
1379 2727 1512 2781 Chr.
1549 2729 1668 2791 50:2,
1709 2744 1821 2797 quo
1869 2728 2142 2783 Barouius
2182 2744 2336 2782 num.
2372 2732 2441 2781 40
2484 2731 2548 2783 de
2583 2729 2688 2782 hoc
2720 2728 2773 2781 S.
2809 2726 3015 2780 Jacobo
3049 2728 3159 2798 agit
3200 2744 3263 2780 ex
3298 2727 3547 2796 Procopii
3586 2729 3682 2782 lib.
3719 2747 3732 2780 ι
3773 2728 3847 2781 De
3895 2730 4031 2781 bella

756 2820 986 2874 Persico.

828 2915 879 2966 5.
917 2913 1201 2982 Philippus
1233 2911 1521 2965 Ferrarius
1546 2912 1597 2962 in
1627 2908 2009 2979 'l‘opograpliia
2041 2910 2410 2981 Martyrologii
2451 2911 2703 2973 Romani,
2741 2911 2911 2965 verbo
2944 2911 3259 2972 Pal-ruina,
3288 2914 3482 2967 scribit
3519 2915 3666 2968 hunc
3701 2933 3717 2962 ι
3755 2915 4028 2966 Jacobum

761 3008 1086 3069 Eremitam,
1125 3007 1216 3074 qui
1253 3005 1460 3058 Amida:
1491 3005 1714 3073 ponitur
1751 3007 1853 3058 sub
1892 3005 1975 3056 die
2010 3022 2060 3056 vt
2086 3005 2339 3074 Augusti,
2364 3006 2620 3057 eumdem
2663 3005 2835 3057 videri
2866 3021 2990 3058 cum
3025 3021 3091 3058 co
3127 3006 3220 3073 qui
3254 3007 3356 3059 hoc
3391 3023 3556 3060 xxv-iu
3617 3007 3863 3060 Januarii
3896 3010 4032 3060 coli-

761 3116 868 3153 tur.
917 3120 932 3150 ι
979 3102 1034 3153 In
1097 3116 1206 3168 quo
1244 3099 1471 3151 indubie
1524 3097 1760 3161 fallitur,
1797 3108 1850 3150 et
1878 3098 2099 3164 quidem
2139 3099 2517 3152 vehementer.
2557 3097 2648 3151 lllc
2706 3099 2874 3158 enim,
2910 3107 3046 3150 teste
3096 3097 3387 3166 Procopio,
3425 3117 3442 3146 ι
3487 3099 3539 3149 in
3580 3099 3703 3149 vico
3741 3099 3811 3149 ab
3833 3100 4031 3152 Amida

761 3193 926 3244 unius
979 3191 1086 3244 diei
1136 3191 1331 3244 itinere
1393 3190 1654 3254 diStante,
1702 3191 1753 3243 in
1807 3191 1960 3244 brevi
2011 3192 2187 3259 spatio
2243 3193 2504 3244 cancellis
2560 3191 2904 3243 interseratis
2959 3192 3202 3243 inclusus
3242 3210 3259 3239 ι
3312 3189 3487 3253 vixit;
3521 3190 3606 3242 hic
3649 3209 3664 3238 ι
3707 3206 3877 3258 prope
3935 3207 4032 3258 op-

761 3285 948 3351 pidum
986 3285 1455 3352 Porpbyreouem,
1494 3302 1509 3333 ι
1547 3283 1614 3337 ab
1642 3298 1787 3336 anno
1831 3282 2007 3338 aetatis
2041 3282 2262 3337 circiter
2296 3281 2557 3335 vicesimo
2610 3301 2627 3332 ι
2678 3282 2732 3334 ιιι
2780 3286 3042 3352 spelunca
3084 3281 3322 3350 quadam
3358 3281 3675 3350 quindecim
3724 3298 3905 3334 annos
3934 3279 4033 3334 ba-

761 3377 976 3432 bitavit.
1022 3397 1040 3428 ι

832 3471 885 3524 4.
921 3472 1018 3524 Est
1057 3482 1238 3524 autem
1277 3471 1559 3542 Stephano
1589 3472 1683 3525 lib.
1719 3471 1793 3524 De
1838 3471 2048 3524 urbibus
2081 3466 2417 3539 Πορφυρεὼν
2450 3486 2482 3518 π

2378 3485 2417 3518 ιν
2450 3466 2601 3529 πόλις
2625 3468 2900 3536 Φοινίκης,
2929 3470 3046 3520 urbs
3081 3465 3381 3529 Pliwniciw,
3437 3466 3730 3519 admodum
3761 3466 3988 3534 antiqua
4017 3484 4028 3529 ;

757 3571 915 3637 cujus
947 3570 1194 3624 meminit
1232 3572 1490 3642 Polybius
1525 3571 1620 3624 lib.
1661 3587 1711 3631 v,
1751 3573 1817 3623 de
1848 3570 1990 3632 bello
2023 3584 2190 3639 agens
2215 3568 2472 3622 Antiochi
2506 3565 2707 3634 Magni.
2745 3566 3086 3634 Episcopalis
3115 3565 3216 3617 fuit
3248 3565 3350 3618 sub
3379 3563 3729 3632 metmpolita
3764 3563 4032 3618 Ca’sarex

762 3664 1082 3727 l‘:tl;esliu:e,
1116 3674 1174 3716 ut
1208 3663 1442 3717 habetur
1473 3664 1571 3716 lib.
1603 3681 1636 3715 ιι
1667 3663 1886 3716 Notitia:
1909 3665 2329 3732 episcopatuum
2371 3660 2563 3721 ltiiraei,
2600 3660 2691 3711 ubi
2724 3669 2903 3712 tatuen
2935 3659 3246 3728 Porphyron
3280 3659 3507 3726 scripta,
3535 3658 3834 3710 \Villielmo
3864 3661 4033 3728 Tyrio

761 3757 860 3810 lib.
895 3773 943 3808 Ix
988 3755 1310 3820 Bellisacri,
1345 3772 1465 3824 cap.
1501 3757 1587 3820 14,
1619 3767 1673 3808 et
1701 3756 1796 3809 lib.
1829 3771 1880 3818 ιι,
1913 3771 2031 3822 cap.
2074 3756 2104 3806 (5
2135 3764 2190 3808 et
2227 3754 2310 3818 10,
2357 3763 2411 3805 et
2445 3751 2573 3803 alibi
2609 3749 2838 3818 Cuiphas
2874 3752 3202 3819 appellatur.
3245 3749 3468 3820 Tyrium
3506 3765 3816 3816 sequuntur
3872 3752 4034 3802 Adri-

761 3850 1016 3902 CllOllllUS
1053 3849 1106 3901 iu
1153 3851 1298 3902 tribu
1351 3849 1591 3909 lsaehar,
1629 3864 1746 3916 cap.
1787 3849 1883 3909 17,
1919 3848 2294 3912 Quaresmius,
2329 3855 2383 3899 et
2409 3845 2496 3896 alii
2525 3862 2538 3908 ;
2568 3845 2660 3912 qui
2720 3853 2898 3896 tamen
2928 3843 3193 3896 falluntur
3237 3844 3367 3895 dum
3422 3860 3449 3894 a
3495 3842 3703 3910 Caiplea
3767 3847 4030 3912 pullllllcc

761 3951 1104 3996 exstructam
1139 3942 1391 3996 scribunt
1426 3958 1439 3994 :
1477 3951 1779 3994 restaurata
1811 3939 1878 3992 ab
1913 3954 1980 3994 eo
2011 3950 2093 3994 est
2128 3939 2393 3992 fortassis.
2431 3938 2592 3991 Juxta
2635 3952 2806 4001 mare,
2829 3937 2894 3988 ad
2926 3936 3161 3990 Carmeli
3192 3936 3395 3989 montis
3423 3934 3657 3997 radices,
3689 3949 3848 4003 parte
3871 3940 4033 4006 aqui-

759 4035 933 4087 lonari
971 4037 1129 4087 sitam
1166 4035 1409 4087 tradunt.

924 4129 964 4178 Α
997 4127 1403 4198 Porpltyreonis
1433 4127 1586 4181 urbis
1618 4128 1815 4182 incolis
1851 4146 1868 4178 ι
1901 4141 2024 4180 cum
2050 4140 2108 4178 se
2136 4124 2396 4178 honorari
2425 4123 2657 4186 videret,
2689 4141 2706 4173 ι
2749 4133 2807 4176 ιιι
2865 4138 3018 4176 ιιιιιιι.
3060 4122 3123 4176 10
3158 4121 3384 4184 dicitur,
3424 4141 3442 4171 ι
3474 4121 3690 4190 fugiens
3720 4120 3862 4173 abiit
3900 4137 4036 4190 qua-

759 4217 1010 4286 draginta
1046 4220 1379 4273 milliaribus
1403 4231 1459 4273 et
1487 4220 1552 4272 ad
1591 4221 1764 4289 ripam
1799 4220 1948 4272 ﬂuvii
1987 4219 2206 4287 triginta
2270 4231 2446 4268 annos
2494 4216 2784 4269 habitavit.
2823 4235 2840 4265 ι
2882 4214 3039 4268 llune
3071 4213 3301 4266 ﬂuvium
3359 4213 3615 4266 Cisonem
3651 4216 4024 4268 arbitramur.

760 4315 852 4382 qui
885 4329 948 4365 ex
984 4314 1118 4364 mari
1145 4313 1399 4374 Galil:ea:,
1437 4330 1532 4367 seu
1577 4313 1908 4378 Tiber-indis,
1942 4315 1994 4367 in
2028 4329 2176 4367 mare
2209 4313 2669 4367 Mediterraneum
2703 4312 2914 4373 deilurt,
2950 4312 3037 4364 cui
3076 4310 3140 4362 ad
3189 4311 3374 4362 leucas
3409 4310 3617 4378 aliquot
3682 4325 3848 4360 nums
3897 4308 4036 4360 litr-

765 4421 913 4465 mon,
952 4405 1067 4457 sive
1105 4401 1484 4466 llermouium,
1509 4405 1756 4472 adjacet;
1786 4406 1928 4472 apud
1965 4407 2122 4475 cujus
2156 4412 2340 4473 petras
2367 4403 2417 4456 in
2452 4403 2715 4472 spelunca
2740 4403 2959 4455 videtur
2984 4403 3205 4465 vixisse,
3233 4416 3299 4455 ex
3346 4417 3451 4470 qua
3484 4416 3606 4453 cum
3651 4400 3864 4454 fwdum
3897 4402 4031 4454 iliutl

764 4498 1030 4565 flagitium
1071 4505 1461 4564 perpetrasset,
1496 4499 1770 4560 discessit,
1805 4509 1969 4566 atque
1996 4514 2168 4552 annos
2202 4498 2390 4551 decem
2430 4499 2480 4550 in
2525 4497 2630 4551 alia.
2661 4501 2951 4567 spelunca,
3014 4514 3110 4551 seu
3159 4508 3342 4551 vetere
3382 4497 3661 4564 sepulcro,
3737 4498 3790 4548 in
3839 4500 4032 4550 eadem

766 4590 988 4657 regione
1016 4589 1218 4657 exegit.
1257 4591 1387 4640 Λιδί
1425 4591 1625 4642 flumen
1653 4590 1755 4643 hoc
1786 4592 2056 4659 quispiam
2099 4591 2394 4645 Jordanem
2435 4605 2554 4644 esse
2589 4590 2907 4653 contendat,
2944 4589 3087 4642 haud
3134 4591 3389 4658 equidem
3433 4589 3758 4657 pugnaciter
3790 4593 4037 4644 obsiste-

767 4701 907 4745 mus,
940 4685 982 4737 si
1019 4687 1163 4752 quod
1215 4687 1459 4738 attulerit
1517 4687 1798 4755 probabile
1826 4700 2231 4755 argumentum,
2272 4695 2435 4752 atque
2492 4685 2701 4754 uspiam
2762 4686 3030 4753 repererit
3063 4701 3171 4737 non
3230 4686 3350 4754 plus
3382 4683 3449 4737 40
3480 4686 3727 4738 millibus
3763 4700 4034 4750 passuaa:

765 4778 937 4829 lluere
963 4794 990 4830 a
1019 4779 1399 4848 Poiphvreone
1427 4779 1741 4831 Jordauem.

837 4875 884 4922 ti.
913 4872 1118 4925 Jacobo
1153 4888 1275 4924 mox
1311 4871 1377 4923 ab
1408 4873 1582 4934 obitu,
1606 4875 1674 4923 ob
1699 4872 2088 4922 miraculorum
2117 4870 2504 4938 frequentiam,
2543 4887 2694 4922 sacra
2712 4877 2987 4924 exstructa
3021 4881 3104 4924 est
3136 4870 3301 4933 a‘dcs,
3339 4872 3389 4922 in
3412 4886 3573 4938 quam
3601 4872 3722 4938 ejus
3753 4875 4038 4928 translatae

765 4974 895 5017 sunt
928 4966 1193 5034 reliquiae,
1229 4976 1282 5019 et
1315 4966 1578 5016 memoria
1605 4974 1736 5031 quot
1771 4963 1930 5016 annis
1965 4979 2086 5016 cum
2117 4963 2326 5016 solenui
2362 4964 2656 5017 festivitate
2714 4963 3009 5016 celebrata.
3044 4963 3164 5015 Vita
3194 4962 3248 5016 S.
3282 4963 3468 5017 Jacobi
3507 4965 3710 5032 scripta
3748 4968 3973 5019 \ldclur
4005 4986 4032 5020 a

767 5071 980 5112 vetusto
1008 5069 1254 5123 auctore,
1284 5060 1429 5113 haud
1461 5058 1552 5110 diu
1585 5066 1707 5125 post
1739 5057 1857 5124 ejus
1886 5065 2140 5116 mortem,
2171 5066 2226 5108 ut
2258 5058 2372 5110 haec
2397 5058 2563 5110 verba
2603 5058 2841 5110 innuuut
2870 5075 2884 5105 ι
2922 5055 3092 5109 :Cum
3116 5057 3555 5126 religiosissimus
3587 5061 4036 5126 episcopusobi-

768 5166 880 5208 tum
906 5159 1274 5224 cognovisset,
1308 5160 1370 5211 ad
1406 5176 1530 5213 eum
1567 5163 1743 5214 locum
1773 5178 1896 5215 cum
1933 5173 2048 5215 toto
2070 5163 2217 5215 clero
2248 5173 2300 5214 et
2329 5162 2516 5229 probis
2545 5159 2696 5213 laicis
2749 5160 3000 5223 accessit,
3031 5161 3123 5228 qui
3179 5175 3303 5211 cum
3366 5161 3703 5211 aromatibus
3762 5161 4043 5226 pretiosis

766 5263 890 5300 eum
921 5248 1258 5301 condiissmt
1284 5290 1296 5312 ,
1333 5251 1500 5302 Deum
1537 5252 1712 5319 ipsqu
1743 5261 1797 5306 et
1829 5255 1946 5321 ejus
1971 5254 2195 5321 gloriam
2225 5253 2588 5314 celebrantes,
2618 5251 2957 5304 venerandas
3006 5252 3127 5320 ejus
3167 5251 3426 5319 reliquias
3458 5253 3509 5303 in
3545 5252 3636 5304 illo
3667 5269 3785 5317 ipso
3825 5271 4034 5306 Immu-

767 5351 952 5393 mento
978 5341 1368 5408 deposuerunt.
1400 5345 1592 5399 Postea
1627 5357 1852 5400 sanctus
1881 5349 1974 5400 Dei
2004 5347 2264 5400 sacerdos
2291 5363 2500 5400 sacram
2521 5345 2693 5399 tndem
2716 5346 2780 5399 ad
2810 5351 3127 5414 speluncam
3157 5347 3470 5410 :rdilicavit,
3496 5350 3724 5415 ejusque
3759 5351 4035 5417 reliquias

769 5439 897 5492 illuc
937 5440 1231 5493 transtulit.
1267 5440 1385 5506 Quo
1415 5443 1466 5496 in
1499 5445 1619 5496 loco
1651 5459 1820 5510 usque
1861 5445 1912 5496 in
1951 5445 2278 5497 hodiernum
2312 5445 2453 5499 diem
2505 5444 2658 5497 multi
2695 5454 2958 5497 curantur
2990 5459 3053 5498 ac
3091 5455 3199 5498 tota
3235 5445 3450 5503 civitas.
3483 5455 3536 5498 et
3572 5444 3804 5498 finitima
3851 5453 4033 5515 regio,

765 5531 886 5596 ejus
918 5534 1236 5583 memoriam
1270 5534 1498 5602 singulis
1525 5536 1683 5588 annis
1710 5538 1999 5590 celebrans
2031 5537 2177 5590 diem
2215 5553 2470 5607 magnum
2508 5538 2704 5592 festum
2735 5540 2845 5607 agit
2882 5558 2898 5590 ι
2930 5549 3039 5592 etc.
3099 5539 3228 5603 Quae
3263 5549 3540 5604 postrema
3575 5539 3826 5594 deietate
3861 5544 4035 5594 Met..-

769 5629 999 5696 phrasla-
1033 5631 1142 5697 (qui
1175 5631 1315 5683 lianc
1347 5632 1516 5685 Vitam
1561 5650 1661 5688 suo
1697 5633 1764 5686 de
1795 5637 1963 5702 gestis
1997 5646 2313 5688 sanctorum
2343 5637 2494 5704 operi
2525 5637 2780 5696 inseruit,
2813 5637 3150 5703 recognitam
3180 5653 3207 5687 a
3236 5651 3293 5688 se
3343 5635 3614 5696 fortassis,
3669 5652 3732 5688 ac
3763 5638 3833 5691 de
3874 5657 4035 5695 aiore

769 5723 1173 5790 interpolatum)
1209 5711 1719 5778 minusi'commode
1748 5726 1923 5794 accipi
1961 5726 2218 5779 videntur
2255 5741 2434 5795 posse,
2463 5742 2584 5780 cum
2625 5727 2807 5779 omnia
2841 5726 2947 5780 late
3003 5726 3262 5780 Saraceni
3300 5727 3678 5795 Metapbrasm
3711 5744 3830 5781 rem
3870 5741 4032 5785 tene-

769 5827 904 5869 rent.
940 5817 1070 5869 Eum
1109 5833 1269 5884 porro
1302 5817 1474 5868 Vitam
1510 5815 1697 5871 Latine
1729 5834 1754 5870 a
1781 5818 2056 5872 Geutiano
2093 5817 2329 5872 llerveto
2372 5834 2606 5875 versant.
2633 5818 2927 5874 ediderunt
2955 5818 3286 5888 Lipomanus
3316 5831 3369 5873 et
3403 5818 3598 5874 Surius
3630 5838 3641 5872 ;
3679 5832 4031 5878 contractam

2504 5913 2530 5926 ο-

767 5909 1028 5978 beorgius
1063 5907 1426 5964 fiarucfeltius
1466 5911 1560 5966 lib.
1605 5927 1636 5964 ιι
1669 5912 1740 5966 L':
1772 5915 1884 5965 ritis
1919 5913 2282 5978 crrmitaram,
2322 5931 2468 5966 num.
2504 5913 2552 5964 Ἰ.
