4178 6484
121 443 262 508 1917

1262 440 1433 498 Vl'l‘A
1481 440 1537 497 S.
1577 433 1836 497 JACOBI
1883 436 2247 497 MONACHI.

3267 428 3402 496 1218

118 577 217 621 τος
243 558 516 626 γένωμαι.
551 552 683 607 Τότε
710 551 1134 621 σπλαγχνισθεὶς
1164 555 1487 622 εἰσήνεγκεν
1522 550 1714 617 αύτήνι

1831 552 2002 621 pra-da
2058 548 2286 604 elIiciar.
2335 546 2431 602 His
2481 545 2651 617 igitur
2709 542 2895 598 verbis
2946 541 3036 598 ille
3071 555 3402 605 commones,

119 655 220 706 καὶ
252 650 522 722 παραθεὶς
557 649 696 717 αὐτῇ
733 648 914 713 ἄρτον,
942 647 1037 698 καὶ
1073 646 1229 710 ἃλας,
1263 647 1358 697 καὶ
1394 642 1561 712 ὕδωρ,
1599 643 1712 694 eic-

116 743 297 798 εὶθὼν
324 743 488 804 αὐτος
520 744 577 794 ὲν
627 740 704 809 τῷ
736 740 995 809 ἀνωτέρω
1037 738 1252 808 κελλεῳ,
1282 738 1587 791 ἐνέκλεισεν
1618 734 1714 788 αὖε

117 838 215 889 τλν
245 881 258 899 ,
310 834 647 903 καταλείψας
692 833 789 900 τὴν
824 834 1059 897 γυναῖκα
1112 832 1170 884 ὲν
1209 829 1284 900 τῷ
1313 826 1562 898 ἐξωτέρῳ
1590 827 1714 879 x5).-

125 950 251 1000 lily.

201 1027 293 1088 (τ’.
343 1021 483 1075 ’Πδέ
510 1020 688 1086 ἔδοξεν
719 1021 852 1088 πρὸς
900 1018 1083 1082 ὀλίγον
1129 1016 1397 1086 ἠρεμεῖν·
1442 1012 1535 1067 καὶ
1580 1011 1715 1082 μετά

122 1118 298 1171 ταίτα
328 1115 567 1184 ἀναϐοᾷν
592 1114 815 1184 ἤρξατο,
832 1114 923 1166 iul.
940 1110 1316 1180 ὀλοφυρομένη
1342 1109 1716 1179 προτρήσσειν

125 1210 336 1277 ἑαυτὴν
362 1211 427 1275 τῇ
459 1207 623 1278 θύρᾳ,
658 1208 751 1257 καὶ
789 1206 925 1273 μετὰ
958 1203 1176 1273 θρήνων
1208 1202 1591 1255 ἐπικαλεῖσθαι
1626 1199 1717 1249 τὸν

126 1305 307 1368 arto].
342 1301 453 1354 Καὶ
478 1301 541 1369 δὴ
576 1298 907 1369 παρακύψας
938 1297 1026 1350 διὰ
1068 1297 1167 1363 τῆς
1194 1295 1425 1365 θυρίδος,
1463 1296 1559 1345 καὶ
1595 1292 1717 1345 ἰδὼν

129 1394 305 1460 αὐτὴν
336 1390 705 1459 συνεχομένην
762 1390 853 1441 καὶ
883 1388 956 1450 ὠς
1013 1389 1069 1439 ὲν
1136 1386 1296 1456 πολλῇ
1332 1385 1492 1454 ὀδύνῃ
1532 1380 1714 1444 οὖσαν,

130 1490 187 1536 ἐν
222 1486 504 1553 ἀμηχανίᾳ
537 1482 822 1549 περιέστη,
860 1481 913 1531 τί
941 1479 1005 1532 ἂν
1040 1481 1184 1530 εἴποι
1220 1479 1378 1545 αὐτῇ,
1416 1476 1449 1545 ἢ
1478 1476 1527 1528 τί
1558 1477 1714 1539 πλή-

133 1596 216 1629 σει
256 1579 417 1645 αὐτῇ.
464 1576 525 1628 'll
558 1576 613 1627 δὲ
642 1575 789 1639 λέγει
827 1574 961 1639 πρὸς
992 1572 1152 1624 αὐτόν
1177 1587 1190 1600 °
1218 1570 1421 1638 Δέομαί
1453 1587 1568 1629 σου,
1597 1568 1717 1619 ἐπί-

130 1671 331 1737 ε).ε’,ιον
356 1671 433 1730 είς
468 1668 565 1737 ἐμὲ
588 1670 677 1719 καὶ
703 1664 1005 1732 σφράγισὸν
1031 1681 1118 1731 με,
1150 1665 1229 1716 δτι
1258 1663 1527 1731 καρδιακῇ
1560 1661 1720 1733 ὀδύνῃ

133 1765 455 1831 συνέχομαι
494 1761 682 1814 Ταῦτα
710 1760 950 1820 ἀκούσας
985 1756 1231 1827 ἐξῆλθεν,
1280 1758 1375 1808 καὶ
1410 1756 1589 1824 πυρὰν
1629 1771 1718 1822 μευ

132 1857 310 1922 γαλην
336 1855 571 1921 ανέενψας,
598 1851 973 1921 παρεκάθισεν
1006 1850 1196 1917 αὐτὴν,
1230 1852 1325 1902 καὶ
1371 1849 1468 1917 τὴν
1501 1849 1718 1917 ἀριστε-

136 1952 233 2015 ραν
272 1946 438 1998 αὑτοῦ
460 1948 617 2014 χεῖρα
644 1945 909 2011 ἐπιδήσας
938 1941 1014 2011 τῷ
1045 1942 1199 2010 πυρὶ,
1234 1943 1297 2009 τῇ
1325 1940 1473 2009 δεξιᾷ
1503 1938 1723 1990 ὑπαλεί-

136 2059 251 2105 qui:
284 2041 348 2092 ἐκ
376 2038 468 2090 τοῦ
502 2038 684 2091 ελαίου
718 2038 826 2089 τῶν
873 2036 1047 2102 ἁγίων
1103 2035 1403 2103 ὲπυρίαζεν
1436 2033 1607 2100 αὐτὴν
1639 2030 1725 2083 διὰ

134 2134 235 2199 τῆς
272 2133 612 2201 θερμότητος
661 2130 772 2182 τῶν
804 2129 1011 2198 χειρῶν
1039 2128 1225 2189 αὐτοῦ,
1263 2126 1726 2195 κατασφραγίζων

137 2226 312 2291 αὐτὴν
374 2222 616 2290 owe/.5);
659 2222 751 2274 ἐπὶ
790 2220 883 2273 τοῦ
944 2222 1191 2291 στήθους.
1259 2220 1319 2271 Ἡ
1353 2220 1407 2271 δὲ
1452 2222 1518 2287 τῇ
1551 2217 1726 2284 οίκεῐᾳ

139 2317 390 2386 ἀναιδείᾳ
428 2315 726 2383 φερομένη,
762 2314 1063 2383 βουλομένη
1101 2330 1157 2363 τε
1188 2310 1350 2363 αὑτὸν
1402 2306 1723 2375 παγιδεῦσαι

136 2412 234 2464 καὶ
281 2412 360 2471 εἰς
409 2409 708 2476 ἐπιθυμίαν
779 2410 979 2461 ἄτοπον
1042 2406 1292 2471 ἀγαγεῖν,
1338 2404 1486 2469 λέγει
1538 2401 1720 2469 αὐτῷ·

136 2502 342 2569 delega-3
391 2517 507 2561 σου,
576 2500 798 2568 ἄλειψᾶν
834 2516 935 2567 μου
993 2500 1084 2550 ἐπἱ
1127 2497 1262 2549 πολὺ
1324 2496 1424 2566 τὴν
1472 2494 1723 2564 καρδίαν»

136 2599 284 2655 ὅπως
323 2596 506 2664 παύσῃ
575 2597 605 2661 ή
668 2594 971 2660 συνέχουσά
1023 2610 1089 2661 με
1145 2591 1327 2660 ὀδύνη.
1374 2592 1429 2642 '0
1451 2588 1506 2641 δὲ
1547 2589 1723 2655 ἅγιος,

142 2691 287 2740 κατὰ
318 2688 416 2754 τὴν
448 2687 756 2756 προσοῦσαν
806 2686 972 2738 αὑτοῦ
1003 2686 1308 2753 ἁπλότητα,
1359 2682 1523 2735 εἴκων
1561 2682 1723 2748 αὐτῇ,

138 2803 167 2834 τ
247 2785 386 2851 πρὸς
413 2781 710 2851 θεραπείαν
742 2779 910 2848 αὐτῆς
945 2780 1221 2832 ἐπετέλει·
1268 2778 1385 2846 ἅμα
1412 2778 1467 2828 δὲ
1513 2778 1606 2827 καὶ
1630 2776 1727 2835 τὰς

141 2879 339 2943 τέρας
393 2874 487 2927 τοῦ
541 2874 783 2944 Πονηροῦ
841 2874 1228 2941 ἐπιστάμενος.
1286 2875 1379 2923 καίι
1415 2867 1726 2937 δεδιὼς.μή

146 2987 260 3032 πως
292 2972 354 3019 ἐκ
384 2969 486 3032 τῆς
519 2966 717 3033 πολλῆς
757 2967 835 3027 είς
881 2966 1050 3031 αὐτὴν
1085 2962 1430 3031 συμπαθείας
1460 2960 1729 3013 ἀθάνατον

142 3063 323 3129 ἑαυτῷ
350 3061 637 3114 ἀσθένειαν
662 3060 951 3123 ἐπαγάγοι,
983 3058 1071 3107 ἐπὶ
1107 3056 1200 3107 δρο
1224 3056 1255 3123 ἢ
1285 3056 1379 3106 καὶ
1406 3056 1552 3123 τρεῖς
1580 3052 1729 3121 ὥρας

144 3157 322 3217 οὔτως
351 3154 593 3225 ἀφειδῶς
628 3155 727 3233 τὴν
756 3154 1054 3223 ἀριστερὰν
1084 3157 1240 3222 χεῖρα
1271 3152 1348 3219 τῷ
1380 3151 1517 3220 πυρὶ
1558 3167 1729 3218 προσ-

1819 659 1939 698 eam
1969 641 2035 696 ad
2074 655 2131 695 se
2173 636 2497 701 introduxit,
2527 649 2839 706 panemque
2873 642 2928 688 et
2950 648 3147 703 aquam
3183 630 3261 685 illi
3298 646 3400 699 ap-

1820 736 2009 806 posuit
2038 754 2049 788 :
2082 742 2137 787 et
2193 730 2516 786 interiorem
2576 728 2770 783 cellam
2818 728 3125 796 ingressus,
3160 724 3403 795 seipsum

1821 828 1933 883 illic
1968 826 2207 889 inclusit,
2245 824 2475 879 muliere
2509 820 2560 874 in
2589 822 2858 875 exteriore
2887 819 3022 874 cella
3046 817 3335 872 derelicta.

1889 1012 1981 1069 Vl.
2009 1011 2103 1066 Illa
2125 1026 2258 1064 vero
2291 1024 2415 1063 cum
2448 1006 2636 1061 cibum
2675 1002 3023 1072 sumpsisset,
3073 998 3246 1053 voluit
3274 1012 3406 1067 pau-

1820 1109 1989 1176 lisper
2032 1104 2341 1174 quiescere.
2376 1102 2574 1157 Postea
2627 1096 2798 1168 cmpit
2829 1092 3147 1158 vociferari,
3176 1103 3233 1148 et
3279 1104 3407 1147 cum

1822 1200 2076 1255 lamentis
2103 1199 2168 1253 ad
2196 1199 2419 1268 januam
2449 1211 2508 1250 se
2533 1193 2791 1264 dejicere,
2828 1191 3120 1259 virumque.
3153 1195 3407 1242 sanctum

1824 1292 2139 1361 implorare.
2163 1289 2257 1343 Ille
2280 1301 2413 1341 vero
2461 1301 2491 1340 e
2521 1285 2761 1337 fenestra
2788 1279 3151 1352 prospiciens,
3175 1292 3409 1344 eamque

1823 1386 2016 1440 videns
2051 1382 2320 1452 angustiis
2350 1390 2405 1436 et
2438 1378 2612 1433 multo
2652 1376 2840 1430 dolore
2874 1386 3273 1442 compressam,
3303 1369 3410 1422 du-

1824 1480 2034 1536 bitabat
2066 1478 2326 1548 quidnam
2357 1478 2408 1530 ei
2449 1474 2665 1528 diceret
2723 1480 2817 1523 aut
2850 1468 3074 1523 faceret.
3110 1466 3267 1520 Tunc
3296 1463 3408 1526 illa,

1824 1575 2026 1628 Precor
2059 1583 2132 1631 te,
2171 1569 2368 1638 inquit,
2406 1575 2465 1620 ut
2496 1582 2580 1619 me
2633 1562 2926 1632 respicias,
2960 1570 3015 1613 et
3043 1558 3199 1627 signo
3228 1556 3415 1610 crucis

1825 1666 2064 1727 munias,
2112 1663 2373 1732 quoniam
2407 1658 2594 1713 dolore
2640 1654 2825 1711 cordis
2860 1652 3162 1723 opprimor.
3192 1648 3285 1702 llis
3322 1646 3412 1700 illo

1825 1759 2029 1813 auditis
2061 1757 2217 1818 exiit,
2244 1764 2301 1809 et
2326 1754 2510 1807 statim
2545 1752 2667 1820 igne
2727 1747 2901 1802 multo
2945 1758 3200 1803 accenso,
3243 1753 3414 1808 prope

1828 1851 2115 1906 mulierem
2147 1849 2312 1910 sedit,
2371 1861 2435 1900 ac
2499 1842 2722 1898 sinistra
2785 1854 2953 1893 manu
3012 1835 3120 1905 igni
3171 1833 3413 1891 admota,

1830 1947 2055 2001 dextera
2082 1956 2300 1997 sacrum
2337 1939 2521 1994 oleum
2575 1933 2837 2004 sumpsit,
2870 1940 2925 1985 et
2965 1944 3087 1983 eam
3111 1925 3415 1981 calefacere

1831 2041 1996 2109 cmpit
2028 2036 2264 2106 propria:
2294 2047 2487 2086 manus
2518 2030 2700 2085 calore
2720 2068 2734 2087 ,
2771 2039 2948 2093 neque
2980 2020 3268 2077 desinebat
3298 2017 3418 2085 ejus

1831 2141 2023 2202 pectus
2051 2128 2234 2185 crucis
2256 2127 2412 2195 signo
2449 2122 2685 2176 munire.
2723 2119 2818 2173 llla
2852 2117 3018 2187 igitur
3052 2108 3412 2181 impudentia:

1830 2224 2069 2280 stimulis
2131 2223 2389 2289 impulsa,
2421 2232 2546 2270 cum
2588 2213 2808 2268 irrctire
2853 2224 2977 2263 eum
3033 2205 3217 2264 vellet,
3251 2211 3307 2254 et
3365 2201 3451 2252 in

1832 2329 2046 2387 turpem
2064 2313 2346 2368 libidinem
2366 2308 2665 2369 concitare,
2701 2304 2877 2372 Rogo,
2903 2298 3104 2369 inquit,
3134 2303 3184 2348 te
3207 2292 3419 2348 diutius

1830 2426 1927 2465 cor
1962 2423 2143 2462 meum
2172 2417 2363 2474 ungas,
2390 2410 2450 2454 ut
2478 2398 2655 2459 dolor,
2687 2395 2781 2464 qui
2813 2408 2898 2446 me
2940 2387 3279 2457 comprimit,
3303 2385 3415 2453 jam

1830 2502 2067 2559 desinat.
2123 2498 2240 2558 Ille,
2280 2509 2404 2564 qua:
2457 2491 2579 2558 ejus
2631 2496 2752 2542 erat
2803 2481 3151 2552 simplicitas,
3196 2475 3416 2531 mulieri

1831 2592 2083 2653 credens,
2118 2602 2348 2658 quasque
2399 2583 2464 2637 ad
2497 2596 2617 2635 eam
2674 2575 2974 2632 curandam
3032 2567 3413 2641 pertinebant,

1832 2684 2144 2743 attendens,
2184 2677 2459 2744 simulque
2489 2670 2738 2726 fraudem
2759 2666 2909 2736 pravi
2940 2662 3206 2719 damonis
3234 2660 3416 2714 sciens

1831 2796 1894 2835 ac
1925 2786 2199 2834 metuens,
2248 2786 2316 2825 ne
2347 2769 2489 2823 forte
2518 2781 2586 2819 ex
2618 2764 2788 2817 multa
2813 2762 2867 2815 in
2905 2775 3025 2814 eam
3055 2756 3414 2811 commisera-

1836 2874 1986 2927 tione
2013 2866 2409 2935 sempiternam
2448 2857 2826 2913 infirmitatem
2866 2852 2970 2907 sibi
3004 2851 3250 2912 afferret,
3278 2847 3419 2901 dua-

1833 2967 1937 3021 bus
1960 2964 2043 3018 vel
2069 2960 2246 3014 tribus
2273 2955 2426 3011 horis
2454 2960 2773 3009 constanter
2799 2947 3081 3002 sinistram
3111 2956 3333 2997 manmn
3361 2938 3414 2992 in

1835 3058 2015 3124 ignem
2049 3052 2304 3120 injectam
2333 3043 2593 3105 detinuit,
2618 3041 2690 3094 ita
2718 3048 2779 3093 ut
2799 3037 3094 3108 digitorum
3125 3045 3417 3102 compages

1834 3149 2132 3205 combustae
2196 3140 2523 3197 deciderint.
2572 3137 2688 3191 Hoc
2752 3134 2845 3188 ille
2915 3130 3150 3185 facie-bat
3224 3136 3417 3181 contra

147 3249 333 3318 φέρων
378 3219 749 3316 ἐνεκαρτέρει,
800 3219 966 3315 ⁷ἄχρις
1013 3219 1180 3297 obirati
1209 3219 1472 3311 ἁρμονίαι
1494 3243 1602 3293 τῶν
1631 3240 1724 3307 τῆς

1836 3239 2136 3296 diabolicas
2161 3233 2446 3289 machinas
2479 3228 2742 3290 militans,
2784 3232 2844 3280 ut
2873 3232 3098 3293 propter
3149 3219 3417 3273 intolera—

146 3339 326 3409 χειρὸς
356 3336 642 3391 δακτύλων
674 3337 961 3390 καυθεῖσαι
991 3335 1293 3388 ἀπέπεσαν.
1333 3334 1504 3385 Τοῦτο
1530 3333 1586 3385 δὲ
1610 3334 1729 3393 ταῖς

148 3430 487 3492 διαϐολικαῖς
569 3432 841 3499 μηχαναῖς
894 3426 1461 3494 ἁντιστρατευόμενος
1520 3424 1726 3487 ἐποίει,

147 3526 286 3577 ὥστε
322 3526 487 3577 αὐτὸν
540 3524 628 3576 διὰ
678 3523 778 3592 τῆς
809 3526 871 3576 ἐκ
919 3523 1013 3575 τοῦ
1071 3521 1240 3590 πυρὸς
1295 3519 1728 3588 προσγινομένης

144 3620 294 3688 αὐτῷ
326 3620 606 3689 ἀφορήτου
632 3617 843 3685 ὀδύνης,
875 3617 947 3687 μή
976 3634 1098 3669 τινα
1125 3613 1394 3684 κακίστην
1425 3613 1632 3666 ἔννοιαν
1662 3615 1726 3681 τῇ

149 3732 214 3765 κα
227 3714 350 3781 psi-1;.
379 3712 546 3764 αὐτοῦ
580 3710 947 3764 ἐπεισελθεῖν.

218 3809 293 3861 Ζ¹.
335 3806 399 3859 Ἥ
432 3806 508 3869 δὲ,
541 3805 603 3857 τὸ
630 3803 938 3875 παράδοξον
993 3803 1198 3866 ἰῖοῦσα,
1232 3802 1325 3855 καὶ
1351 3804 1407 3853 ὲν
1438 3803 1605 3870 ἑαυτῇ
1641 3817 1729 3867 γε-

148 3900 353 3967 νομένη
386 3897 567 3967 (ἑώρα
608 3898 714 3965 γὰρ
741 3896 838 3964 τὴν
878 3898 1037 3965 χεῖρα
1087 3895 1178 3947 τού
1207 3894 1365 3961 ἁγίου
1398 3895 1579 3946 πᾶσαν
1611 3908 1730 3960 σχε-

148 3993 237 4042 ὣν
266 3990 371 4042 ὑπὸ
418 3991 586 4057 πυρὸς
625 3987 1076 4057 δαπωηθεῖσαν),
1141 3986 1466 4055 δακρύσασα
1511 3983 1726 4053 πικρὸν,

150 4083 244 4135 καὶ
299 4082 602 4145 στενὰξασα
661 4080 873 4150 δεινὸν,
936 4083 1047 4134 τοῖς
1110 4081 1235 4131 ποσὶ
1282 4079 1590 4148 προσέπεσε
1636 4075 1729 4129 τοῦ

150 4176 331 4241 ἁγίου.
362 4176 454 4226 καὶ
482 4175 601 4236 ταῖς
636 4175 824 4242 χερσὶν
855 4174 1024 4241 αὐτῆς
1047 4172 1105 4223 τὺ
1133 4173 1261 4223 ἴδιον
1291 4170 1571 4223 τύπτουσα
1598 4170 1729 4237 στῆ-

146 4266 261 4326 θος,
299 4264 429 4316 ἐϐόα
457 4280 469 4293 ·
503 4266 661 4331 Οἴμοι
689 4268 755 4334 τῇ
813 4262 974 4332 ἀθλία
1005 4263 1099 4315 καὶ
1146 4264 1539 4334 ὲσκοτισμένῃῐ
1583 4264 1729 4332 οἴμοι

136 4359 229 4411 ὗτι
262 4355 610 4425 καταϐρωμά
668 4360 783 4424 εἰμι
823 4355 918 4407 τοῦ
952 4356 1176 4408 αἰωνίου
1237 4356 1439 4425 πυρόςῖ
1478 4356 1623 4424 οἴμοι
1648 4356 1729 4407 ὃτι

146 4451 356 4518 δοχεῖὸν
390 4452 507 4517 εἰμι
560 4449 653 4502 τοῦ
684 4450 933 4502 διαϐόλου
965 4454 976 4503 l
1028 4448 1086 4503 '0
1116 4450 1171 4502 δὲ
1200 4450 1350 4516 ἅγιος
1382 4449 1517 4517 πρὸς
1555 4449 1728 4501 ταῦτα

150 4543 298 4602 ἐνὸς
342 4541 667 4607 γενόμενος,
724 4541 889 4608 φησὶν
949 4542 1083 4609 πρὸς
1140 4542 1344 4611 αὑτήν·
1413 4542 1727 4611 Ἀνάστηθι,

154 4635 336 4697 γύναι.
392 4635 500 4684 Καὶ
556 4635 654 4685 σὺν
688 4634 858 4702 πολλῇ
889 4638 954 4703 τῇ
988 4635 1077 4703 βία
1104 4636 1166 4685 ἐκ
1195 4634 1289 4686 τοῦ
1323 4634 1552 4703 ἐδάφους
1602 4637 1728 4687 ἅνα-

156 4730 363 4796 στήσας
389 4728 577 4798 αὐτὴν.
627 4729 721 4780 καὶ
755 4728 919 4797 εὐχὴν
951 4729 1144 4797 ἐκτενῆ
1193 4729 1534 4793 ἐπιτελέσας,
1583 4731 1730 4798 λέγει

154 4823 289 4888 αὐτῇ
318 4838 332 4851 ·
373 4821 437 4871 Τί
499 4823 580 4872 σοί
636 4822 805 4880 ἐστιν,
865 4821 1191 4887 ἀνάγγειλόν
1230 4840 1338 4891 μοι.
1401 4822 1462 4875 Ἢ
1492 4823 1547 4875 δὲ
1579 4824 1731 4893 μόλις

152 4912 385 4964 ἐλθοῦσα
412 4916 490 4974 εἰς
524 4913 743 4979 ἑαυτὴν,
798 4913 944 4975 ὅπως
977 4911 1122 4981 εἶχεν
1179 4915 1245 4966 τὰ
1279 4915 1373 4967 τοῦ
1404 4917 1729 4985 πράγματος

153 5005 296 5057 κατὰ
323 5004 520 5057 λεπτὶν
540 5006 688 5075 αὐτῷ
710 5006 1035 5074 ἐξηγήσατο,
1065 5023 1195 5071 φανε
1208 5007 1428 5076 ρὼσασα
1460 5008 1608 5079 αὐτῷ
1634 5009 1732 5077 τὴν

152 5094 263 5146 τῶν
299 5097 633 5164 παρανόμων
662 5095 1036 5164 Σαμαρειτῶν,
1080 5098 1278 5167 μᾶλλον
1323 5100 1379 5153 δὲ
1414 5101 1505 5153 τοῦ
1546 5101 1728 5152 διαδό-

158 5200 267 5243 δου.
312 5187 702 5255 μελετηθεῖσαν
751 5190 897 5241 κατὰ
928 5188 1022 5241 τοῦ
1052 5190 1206 5256 ἁγίου
1256 5193 1569 5259 ἐπιϐουλήν.
1621 5196 1729 5245 Καὶ

152 5279 214 5346 δὴ
254 5280 396 5345 μέγα
435 5281 693 5345 στενάξας
717 5284 744 5333 ὁ
765 5281 949 5343 δοῦλος
968 5283 1062 5334 τοῦ
1085 5282 1243 5341 Θεοῦ,
1275 5287 1368 5336 καὶ
1394 5285 1564 5337 πολλὰ
1592 5287 1727 5353 μετὰ

150 5373 307 5440 ξόξης
346 5374 433 5423 καὶ
472 5373 724 5441 δακρύων
769 5375 1167 5445 εὐχαριστήσας
1194 5376 1273 5446 τῷ
1299 5376 1436 5445 Θεῷ,
1482 5382 1726 5449 κατήχη-

151 5483 243 5516 cev
269 5465 458 5535 αὐτὴν.
494 5468 613 5529 δούς
641 5485 698 5520 τε
725 5469 859 5538 αὐτῇ
898 5470 1168 5535 εὐλογίας,
1199 5470 1518 5523 ἀπέστειλεν
1552 5472 1726 5541 αὐτὴν

152 5562 290 5629 πρὸς
338 5558 425 5610 τὸν
476 5559 776 5625 ἁγιώτατον
806 5564 1104 5615 ἐπίσκοπον
1163 5562 1532 5632 Ἀλέξανδρον.
1577 5565 1723 5617 Ἡδὲ

146 5653 244 5721 τὴν
300 5652 596 5722 ἐκκλησίαν
646 5655 1054 5719 καταλαϐοῦσα,
1088 5656 1296 5709 ἕκαστα
1322 5657 1430 5709 τῶν
1478 5674 1723 5726 παρηκο-

147 5743 496 5809 ὶουθηκὸτων
553 5745 629 5812 τῷ
681 5746 799 5814 Θεῷ
852 5748 1088 5814 πρῶτον,
1140 5747 1329 5800 ἔπειτα
1376 5750 1432 5801 δὲ
1466 5752 1555 5801 καὶ
1597 5749 1719 5819 ξτῶ]

148 5833 440 5900 ἁγιωτάτῳ
471 5807 623 5901 ἀνδρί
650 5807 1128 5905 ἐξιυιιολογήσατο·
1162 5836 1220 5901 ὃς
1254 5840 1347 5890 καὶ
1380 5839 1542 5901 αὐτὸς

153 5936 251 5973 στα
293 5925 611 5994 κατηχήσας
636 5928 823 5995 αὐτὴν,
862 5928 956 5981 καὶ
981 5928 1153 6000 εὑρὼν
1176 5931 1343 6001 αὐτὴν
1370 5931 1605 5991 ἐκτενῶς
1636 5934 1718 6001 ἐφ’

1838 3332 2176 3389 bilemillum
2222 3327 2467 3382 dolorem
2496 3338 2561 3377 ex
2605 3321 2747 3391 ignis
2791 3316 3015 3371 'ﬂamma
3058 3311 3414 3383 proficiscen-

1839 3439 1968 3489 tem,
2001 3424 2151 3477 nulla
2185 3418 2423 3491 pessima
2451 3413 2713 3485 cogitatio
2762 3413 2818 3465 in
2850 3411 2974 3480 ejus
3003 3407 3248 3464 animum
3273 3402 3418 3456 irre-

1837 3528 2010 3589 peret.

1906 3807 2017 3863 Vll.
2045 3802 2201 3869 Quod
2225 3814 2349 3855 cum
2403 3793 2808 3853 admirabiliter
2850 3790 2919 3843 ab
2957 3801 3023 3841 eo
3066 3783 3184 3838 fieri
3222 3778 3421 3835 mulier

1835 3899 2071 3958 videret,
2104 3904 2159 3947 et
2191 3894 2307 3967 ipsa
2339 3889 2693 3958 resipisceret
2724 3887 2915 3951 (totam
2935 3878 3083 3933 enim
3111 3874 3284 3930 sancti
3315 3873 3422 3926 viri

1838 4005 2058 4046 manum
2098 3987 2212 4041 fere
2248 3984 2357 4054 igni
2395 3988 2775 4047 consumptam
2809 3970 3075 4036 videbat),
3112 3969 3423 4038 lacrymans

1836 4096 1999 4153 atque
2025 4079 2391 4149 ingemiscens
2422 4072 2488 4127 ad
2541 4069 2718 4125 sancti
2745 4067 2849 4120 viri
2902 4064 3069 4133 pedes
3105 4076 3163 4115 se
3197 4056 3419 4127 dejeeit,

1834 4186 1888 4229 et
1926 4174 2043 4229 suis
2070 4170 2327 4224 manibus
2361 4163 2650 4236 proprium
2697 4167 2891 4229 pectus
2927 4156 3174 4225 pulsans,
3212 4149 3421 4203 clama-

1835 4270 1928 4323 bat
1963 4288 1974 4321 :
2007 4266 2104 4319 llei
2176 4262 2309 4316 mihi
2382 4252 2596 4313 miserm
2641 4264 2696 4306 et
2755 4248 3072 4305 excaecalael
3105 4244 3194 4298 hei
3258 4239 3418 4303 mihi,

1835 4360 1981 4431 quod
2006 4351 2571 4411 diabolidomieilium
2601 4346 2744 4400 facta
2788 4342 2944 4397 sum!
2994 4339 3118 4392 llaec
3141 4350 3264 4390 eum
3295 4348 3422 4388 san-

1836 4464 1958 4507 ctus
1983 4451 2066 4504 vir
2128 4446 2346 4502 audiret
2403 4452 2569 4511 atque
2622 4439 3060 4505 obstupesceret,
3098 4429 3297 4497 Surge,
3332 4425 3422 4479 in-

1842 4547 1980 4615 quit,
2014 4542 2230 4596 mulier.
2262 4538 2377 4592 lloc
2408 4534 2567 4595 dixit.
2604 4542 2657 4586 et
2683 4527 2979 4584 admodum
3015 4523 3350 4577 festinanter
3380 4532 3412 4572 e

1838 4642 1956 4696 solo
1990 4641 2133 4693 illam
2169 4634 2369 4695 erexit,
2392 4640 2447 4687 et
2480 4636 2721 4684 attentas
2766 4636 2959 4690 preces
2989 4619 3055 4674 ad
3096 4619 3264 4672 Deum
3289 4614 3422 4669 mit-

1843 4743 1982 4796 tens,
2018 4729 2236 4791 Nuntia,
2273 4725 2474 4795 inquit,
2510 4721 2733 4778 mulier,
2756 4716 2886 4786 quid
2928 4714 3032 4767 hoc
3076 4711 3167 4765 sit.
3204 4707 3418 4775 Vixque

1840 4825 1903 4880 ad
1929 4841 1987 4880 se
2014 4837 2255 4884 reversa,
2288 4835 2398 4889 quo
2424 4824 2584 4886 pacto
2610 4829 2700 4868 res
2728 4826 2785 4865 se
2817 4807 3073 4866 habebat,
3096 4800 3414 4872 singulatim

1837 4916 2115 4985 exposuit,
2152 4913 2404 4983 aperiens
2446 4924 2584 4978 quas
2639 4905 2795 4975 pravi
2843 4899 3148 4960 Samaritre,
3179 4895 3263 4949 vel
3296 4892 3417 4971 dia-

1838 5011 1997 5064 bolus
2026 5007 2208 5077 potius
2248 5003 2515 5057 adversus
2558 5000 2767 5070 justum
2802 4994 2981 5046 virum
3016 4988 3244 5043 insidias
3298 4970 3417 5038 ma-

1834 5102 2090 5155 chinatus
2118 5099 2315 5153 fuerat.
2343 5096 2459 5161 Qua
2487 5108 2544 5147 re
2579 5090 2788 5153 audita,
2826 5087 2921 5142 Dei
2957 5099 3150 5139 servus
3183 5094 3411 5148 magno-

1838 5213 1968 5268 pere
2009 5193 2311 5265 ingemuit:
2356 5203 2591 5257 cumque
2640 5185 2733 5239 Dei
2778 5183 3007 5253 gloriam
3055 5174 3413 5234 celebrasset,

1833 5300 1889 5343 et
1920 5292 2185 5360 lacrymas
2222 5284 2422 5340 multas
2457 5283 2733 5339 emittens,
2771 5277 2881 5330 Deo
2934 5272 3140 5344 gratias
3171 5268 3407 5340 egisset,

1833 5384 1981 5437 illam
2000 5379 2334 5437 catechismo
2371 5374 2653 5431 instruxit,
2676 5372 2838 5440 eique
2858 5364 3276 5421 benedictiones
3303 5359 3412 5411 im-

1832 5476 2091 5547 partitus,
2126 5472 2277 5527 misit
2312 5472 2382 5524 ad
2427 5465 2838 5523 sanctissimum
2884 5454 3255 5514 Alexandrum
3292 5448 3415 5519 epi-

1831 5584 2075 5639 scopum.
2117 5565 2312 5620 Mulier
2346 5576 2476 5616 vero
2515 5576 2640 5616 cum
2696 5557 2762 5612 ad
2814 5551 3104 5610 ecclesiam
3139 5546 3407 5601 venisset.

1832 5673 2275 5729 unamquamque
2294 5673 2407 5711 rem
2426 5655 2622 5708 ordine
2658 5652 2770 5706 Deo
2792 5647 2892 5718 ipsi
2920 5645 3184 5715 primum,
3206 5635 3407 5693 deinde

1826 5765 1881 5809 et
1901 5755 2250 5807 sanctissimo
2290 5750 2406 5803 viro
2452 5745 2705 5802 confessa
2745 5751 2866 5797 est:
2910 5738 3007 5810 qui
3040 5745 3096 5793 et
3138 5735 3252 5805 ipse
3275 5746 3403 5786 cum

1828 5846 2126 5916 plurimum
2175 5860 2296 5901 eam
2334 5841 2705 5900 instruxisset,
2759 5847 3064 5902 eorumque
3101 5827 3398 5882 malorum,

1826 5954 1946 5993 oua:
1968 5939 2337 6000 commiserat,
2363 5937 2519 5990 valde
2541 5932 2897 6002 pmnitentem
2921 5924 3152 5983 videret,
3176 5920 3403 5974 immor-
