  <div class='ocr_page' id='page_1' title='image "/cluster/home/n/w/nwhite01/storage/ocr_20150623/114/nnc1.0046980210/626.png"; bbox 0 0 4178 6484; ppageno 0'>
   <div class='ocr_carea' id='block_1_1' title="bbox 182 422 290 483">
    <p class='ocr_par' dir='ltr' id='par_1_1' title="bbox 182 422 290 483">
     <span class='ocr_line' id='line_1_1' title="bbox 182 422 290 483; baseline 0.019 -2"><span class='ocrx_word' id='word_1_1' title='bbox 182 422 290 483; x_wconf 52' lang='lat' dir='ltr'><strong>ﬁ!)</strong></span> 
     </span>
    </p>
   </div>
   <div class='ocr_carea' id='block_1_2' title="bbox 1291 416 2271 482">
    <p class='ocr_par' dir='ltr' id='par_1_2' title="bbox 1291 416 2271 482">
     <span class='ocr_line' id='line_1_2' title="bbox 1291 416 2271 482; baseline 0.004 -4"><span class='ocrx_word' id='word_1_2' title='bbox 1291 416 1464 478; x_wconf 78' lang='lat' dir='ltr'><strong>VITA</strong></span> <span class='ocrx_word' id='word_1_3' title='bbox 1503 421 1562 478; x_wconf 88' lang='lat' dir='ltr'><strong>S.</strong></span> <span class='ocrx_word' id='word_1_4' title='bbox 1605 418 1861 479; x_wconf 65' lang='lat' dir='ltr'><strong>thCOBI</strong></span> <span class='ocrx_word' id='word_1_5' title='bbox 1909 422 2271 482; x_wconf 71' lang='lat' dir='ltr'><strong>MUNACHI.</strong></span> 
     </span>
    </p>
   </div>
   <div class='ocr_carea' id='block_1_3' title="bbox 3272 438 3423 501">
    <p class='ocr_par' dir='ltr' id='par_1_3' title="bbox 3272 438 3423 501">
     <span class='ocr_line' id='line_1_3' title="bbox 3272 438 3423 501; baseline 0.033 -5"><span class='ocrx_word' id='word_1_6' title='bbox 3272 438 3302 496; x_wconf 80' lang='lat' dir='ltr'><strong>‘l</strong></span> <span class='ocrx_word' id='word_1_7' title='bbox 3317 439 3423 501; x_wconf 65' lang='lat'><strong>286</strong></span> 
     </span>
    </p>
   </div>
   <div class='ocr_carea' id='block_1_4' title="bbox 154 530 3393 613">
    <p class='ocr_par' dir='ltr' id='par_1_4' title="bbox 154 530 3393 613">
     <span class='ocr_line' id='line_1_4' title="bbox 154 530 3393 613; baseline 0.005 -26"><span class='ocrx_word' id='word_1_8' title='bbox 154 540 347 600; x_wconf 52' lang='lat' dir='ltr'><strong>webat.</strong></span> <span class='ocrx_word' id='word_1_9' title='bbox 382 534 609 589; x_wconf 78' lang='lat' dir='ltr'><strong>Davldls</strong></span> <span class='ocrx_word' id='word_1_10' title='bbox 634 533 947 602; x_wconf 79' lang='lat' dir='ltr'><strong>exemplum</strong></span> <span class='ocrx_word' id='word_1_11' title='bbox 985 534 999 560; x_wconf 84' lang='lat'><em>‘</em></span> <span class='ocrx_word' id='word_1_12' title='bbox 1035 530 1363 586; x_wconf 89' lang='lat' dir='ltr'><strong>Imitandum</strong></span> <span class='ocrx_word' id='word_1_13' title='bbox 1390 531 1493 586; x_wconf 83' lang='lat' dir='ltr'><strong>sibi</strong></span> <span class='ocrx_word' id='word_1_14' title='bbox 1523 547 1724 601; x_wconf 90' lang='lat' dir='ltr'><strong>propo-</strong></span> <span class='ocrx_word' id='word_1_15' title='bbox 1762 543 1797 591; x_wconf 71' lang='grc' dir='ltr'><strong>Α</strong></span> <span class='ocrx_word' id='word_1_16' title='bbox 1835 533 1999 587; x_wconf 84' lang='lat' dir='ltr'><strong>ambo</strong></span> <span class='ocrx_word' id='word_1_17' title='bbox 2028 548 2223 600; x_wconf 87' lang='lat' dir='ltr'><strong>panem</strong></span> <span class='ocrx_word' id='word_1_18' title='bbox 2283 550 2662 604; x_wconf 70' lang='lat' dir='ltr'><strong>gustaverunt,</strong></span> <span class='ocrx_word' id='word_1_19' title='bbox 2696 552 2745 594; x_wconf 83' lang='lat' dir='ltr'><strong>et</strong></span> <span class='ocrx_word' id='word_1_20' title='bbox 2791 546 2898 596; x_wconf 85' lang='lat' dir='ltr'><strong>Deo</strong></span> <span class='ocrx_word' id='word_1_21' title='bbox 2930 548 3133 613; x_wconf 65' lang='lat' dir='ltr'><strong>gratias</strong></span> <span class='ocrx_word' id='word_1_22' title='bbox 3166 564 3393 613; x_wconf 72' lang='lat' dir='ltr'><strong>egerunt</strong></span> 
     </span>
    </p>
   </div>
   <div class='ocr_carea' id='block_1_5' title="bbox 152 624 1726 701">
    <p class='ocr_par' dir='ltr' id='par_1_5' title="bbox 152 624 1726 701">
     <span class='ocr_line' id='line_1_5' title="bbox 152 624 1726 701; baseline -0.003 -24"><span class='ocrx_word' id='word_1_23' title='bbox 152 635 271 693; x_wconf 64' lang='lat' dir='ltr'><strong>.uit.</strong></span> <span class='ocrx_word' id='word_1_24' title='bbox 302 644 415 701; x_wconf 90' lang='lat' dir='ltr'><strong>quo</strong></span> <span class='ocrx_word' id='word_1_25' title='bbox 450 644 479 683; x_wconf 89' lang='lat' dir='ltr'><strong>a</strong></span> <span class='ocrx_word' id='word_1_26' title='bbox 514 629 669 697; x_wconf 84' lang='lat' dir='ltr'><strong>lapsu</strong></span> <span class='ocrx_word' id='word_1_27' title='bbox 720 627 856 694; x_wconf 72' lang='lat' dir='ltr'><strong>erigi</strong></span> <span class='ocrx_word' id='word_1_28' title='bbox 901 635 1111 697; x_wconf 89' lang='lat' dir='ltr'><strong>posset.</strong></span> <span class='ocrx_word' id='word_1_29' title='bbox 1141 624 1276 679; x_wconf 88' lang='lat' dir='ltr'><strong>Nam</strong></span> <span class='ocrx_word' id='word_1_30' title='bbox 1310 634 1365 679; x_wconf 90' lang='lat' dir='ltr'><strong>et</strong></span> <span class='ocrx_word' id='word_1_31' title='bbox 1401 624 1569 679; x_wconf 97' lang='lat' dir='ltr'><strong>David</strong></span> <span class='ocrx_word' id='word_1_32' title='bbox 1606 634 1726 693; x_wconf 89' lang='lat' dir='ltr'><strong>post</strong></span> 
     </span>
    </p>
   </div>
   <div class='ocr_carea' id='block_1_6' title="bbox 154 720 1727 789">
    <p class='ocr_par' dir='ltr' id='par_1_6' title="bbox 154 720 1727 789">
     <span class='ocr_line' id='line_1_6' title="bbox 154 720 1727 789; baseline -0.006 -11"><span class='ocrx_word' id='word_1_33' title='bbox 154 725 475 779; x_wconf 10' lang='lat' dir='ltr'><strong>illulterium</strong></span> <span class='ocrx_word' id='word_1_34' title='bbox 531 737 717 776; x_wconf 90' lang='lat' dir='ltr'><strong>rerum</strong></span> <span class='ocrx_word' id='word_1_35' title='bbox 780 720 1032 774; x_wconf 83' lang='lat' dir='ltr'><strong>ordinem</strong></span> <span class='ocrx_word' id='word_1_36' title='bbox 1091 722 1376 789; x_wconf 85' lang='lat' dir='ltr'><strong>pervertit.</strong></span> <span class='ocrx_word' id='word_1_37' title='bbox 1423 730 1477 773; x_wconf 90' lang='lat' dir='ltr'><strong>et</strong></span> <span class='ocrx_word' id='word_1_38' title='bbox 1534 734 1632 787; x_wconf 81' lang='lat' dir='ltr'><strong>pro</strong></span> <span class='ocrx_word' id='word_1_39' title='bbox 1661 733 1727 772; x_wconf 88' lang='lat' dir='ltr'><strong>eo</strong></span> 
     </span>
    </p>
   </div>
   <div class='ocr_carea' id='block_1_7' title="bbox 154 811 1727 882">
    <p class='ocr_par' dir='ltr' id='par_1_7' title="bbox 154 811 1727 882">
     <span class='ocr_line' id='line_1_7' title="bbox 154 811 1727 882; baseline -0.004 -13"><span class='ocrx_word' id='word_1_40' title='bbox 154 820 283 879; x_wconf 66' lang='lat' dir='ltr'><strong>mod</strong></span> <span class='ocrx_word' id='word_1_41' title='bbox 340 817 600 870; x_wconf 90' lang='lat' dir='ltr'><strong>adulterii</strong></span> <span class='ocrx_word' id='word_1_42' title='bbox 662 816 744 867; x_wconf 86' lang='lat' dir='ltr'><strong>sui</strong></span> <span class='ocrx_word' id='word_1_43' title='bbox 781 829 973 882; x_wconf 78' lang='lat' dir='ltr'><strong>pmnas</strong></span> <span class='ocrx_word' id='word_1_44' title='bbox 1016 813 1146 867; x_wconf 88' lang='lat' dir='ltr'><strong>dare</strong></span> <span class='ocrx_word' id='word_1_45' title='bbox 1179 813 1480 867; x_wconf 75' lang='lat' dir='ltr'><strong>debuisset.</strong></span> <span class='ocrx_word' id='word_1_46' title='bbox 1523 811 1727 866; x_wconf 74' lang='lat' dir='ltr'><strong>caedem</strong></span> 
     </span>
    </p>
   </div>
   <div class='ocr_carea' id='block_1_8' title="bbox 158 904 1726 977">
    <p class='ocr_par' dir='ltr' id='par_1_8' title="bbox 158 904 1726 977">
     <span class='ocr_line' id='line_1_8' title="bbox 158 904 1726 977; baseline -0.003 -16"><span class='ocrx_word' id='word_1_47' title='bbox 158 911 304 961; x_wconf 82' lang='lat' dir='ltr'><strong>-:iam</strong></span> <span class='ocrx_word' id='word_1_48' title='bbox 339 907 495 961; x_wconf 81' lang='lat' dir='ltr'><strong>addit</strong></span> <span class='ocrx_word' id='word_1_49' title='bbox 533 908 649 977; x_wconf 76' lang='lat' dir='ltr'><strong>ejus</strong></span> <span class='ocrx_word' id='word_1_50' title='bbox 680 905 804 966; x_wconf 86' lang='lat' dir='ltr'><strong>viri,</strong></span> <span class='ocrx_word' id='word_1_51' title='bbox 862 904 948 958; x_wconf 89' lang='lat' dir='ltr'><strong>cui</strong></span> <span class='ocrx_word' id='word_1_52' title='bbox 988 906 1142 972; x_wconf 90' lang='lat' dir='ltr'><strong>prius</strong></span> <span class='ocrx_word' id='word_1_53' title='bbox 1184 906 1439 973; x_wconf 69' lang='lat' dir='ltr'><strong>sojuriant</strong></span> <span class='ocrx_word' id='word_1_54' title='bbox 1501 904 1726 957; x_wconf 71' lang='lat' dir='ltr'><strong>fecerat.</strong></span> 
     </span>
    </p>
   </div>
   <div class='ocr_carea' id='block_1_9' title="bbox 170 998 1728 1072">
    <p class='ocr_par' dir='ltr' id='par_1_9' title="bbox 170 998 1728 1072">
     <span class='ocr_line' id='line_1_9' title="bbox 170 998 1728 1072; baseline -0.001 -19"><span class='ocrx_word' id='word_1_55' title='bbox 170 1012 230 1055; x_wconf 56' lang='lat' dir='ltr'><strong>ne</strong></span> <span class='ocrx_word' id='word_1_56' title='bbox 253 1004 419 1072; x_wconf 79' lang='lat' dir='ltr'><strong>igitur</strong></span> <span class='ocrx_word' id='word_1_57' title='bbox 438 1017 563 1055; x_wconf 82' lang='lat' dir='ltr'><strong>corn</strong></span> <span class='ocrx_word' id='word_1_58' title='bbox 586 999 1076 1057; x_wconf 85' lang='lat' dir='ltr'><strong>animadverteret.</strong></span> <span class='ocrx_word' id='word_1_59' title='bbox 1104 999 1567 1067; x_wconf 76' lang='lat' dir='ltr'><strong>quemadmodum</strong></span> <span class='ocrx_word' id='word_1_60' title='bbox 1586 998 1728 1052; x_wconf 85' lang='lat' dir='ltr'><strong>Deus</strong></span> 
     </span>
    </p>
   </div>
   <div class='ocr_carea' id='block_1_10' title="bbox 146 1091 1730 1162">
    <p class='ocr_par' dir='ltr' id='par_1_10' title="bbox 146 1091 1730 1162">
     <span class='ocr_line' id='line_1_10' title="bbox 146 1091 1730 1162; baseline -0.003 -14"><span class='ocrx_word' id='word_1_61' title='bbox 146 1112 256 1161; x_wconf 59' lang='lat' dir='ltr'><strong>ipse</strong></span> <span class='ocrx_word' id='word_1_62' title='bbox 288 1110 351 1147; x_wconf 87' lang='lat' dir='ltr'><strong>ac</strong></span> <span class='ocrx_word' id='word_1_63' title='bbox 390 1094 661 1162; x_wconf 82' lang='lat' dir='ltr'><strong>benignus</strong></span> <span class='ocrx_word' id='word_1_64' title='bbox 707 1092 974 1144; x_wconf 78' lang='lat' dir='ltr'><strong>Dominus</strong></span> <span class='ocrx_word' id='word_1_65' title='bbox 1021 1091 1242 1144; x_wconf 86' lang='lat' dir='ltr'><strong>Davidis</strong></span> <span class='ocrx_word' id='word_1_66' title='bbox 1274 1093 1524 1144; x_wconf 81' lang='lat' dir='ltr'><strong>oratione</strong></span> <span class='ocrx_word' id='word_1_67' title='bbox 1556 1091 1730 1160; x_wconf 78' lang='lat' dir='ltr'><strong>placa-</strong></span> 
     </span>
    </p>
   </div>
   <div class='ocr_carea' id='block_1_11' title="bbox 146 1184 1726 1253">
    <p class='ocr_par' dir='ltr' id='par_1_11' title="bbox 146 1184 1726 1253">
     <span class='ocr_line' id='line_1_11' title="bbox 146 1184 1726 1253; baseline -0.002 -16"><span class='ocrx_word' id='word_1_68' title='bbox 146 1200 250 1243; x_wconf 79' lang='lat' dir='ltr'><strong>tus,</strong></span> <span class='ocrx_word' id='word_1_69' title='bbox 291 1187 480 1240; x_wconf 90' lang='lat' dir='ltr'><strong>statim</strong></span> <span class='ocrx_word' id='word_1_70' title='bbox 517 1194 739 1253; x_wconf 87' lang='lat' dir='ltr'><strong>peccata</strong></span> <span class='ocrx_word' id='word_1_71' title='bbox 776 1185 823 1236; x_wconf 87' lang='lat' dir='ltr'>ei</span> <span class='ocrx_word' id='word_1_72' title='bbox 889 1184 1246 1245; x_wconf 80' lang='lat' dir='ltr'><strong>condonavit,</strong></span> <span class='ocrx_word' id='word_1_73' title='bbox 1280 1185 1346 1236; x_wconf 89' lang='lat' dir='ltr'><strong>ad</strong></span> <span class='ocrx_word' id='word_1_74' title='bbox 1390 1186 1726 1253; x_wconf 71' lang='lat' dir='ltr'><strong>poenitentia-</strong></span> 
     </span>
    </p>
   </div>
   <div class='ocr_carea' id='block_1_12' title="bbox 144 1277 1727 1347">
    <p class='ocr_par' dir='ltr' id='par_1_12' title="bbox 144 1277 1727 1347">
     <span class='ocr_line' id='line_1_12' title="bbox 144 1277 1727 1347; baseline 0.002 -20"><span class='ocrx_word' id='word_1_75' title='bbox 144 1291 361 1337; x_wconf 75' lang='lat' dir='ltr'><strong>oortum</strong></span> <span class='ocrx_word' id='word_1_76' title='bbox 393 1279 661 1347; x_wconf 75' lang='lat' dir='ltr'><strong>confugit.</strong></span> <span class='ocrx_word' id='word_1_77' title='bbox 693 1278 808 1330; x_wconf 89' lang='lat' dir='ltr'><strong>sola</strong></span> <span class='ocrx_word' id='word_1_78' title='bbox 838 1292 932 1345; x_wconf 85' lang='lat' dir='ltr'><strong>spe</strong></span> <span class='ocrx_word' id='word_1_79' title='bbox 968 1277 1032 1329; x_wconf 89' lang='lat' dir='ltr'><strong>ad</strong></span> <span class='ocrx_word' id='word_1_80' title='bbox 1100 1279 1294 1330; x_wconf 59' lang='lat' dir='ltr'><strong>animae</strong></span> <span class='ocrx_word' id='word_1_81' title='bbox 1336 1282 1507 1344; x_wconf 89' lang='lat' dir='ltr'><strong>ipsius</strong></span> <span class='ocrx_word' id='word_1_82' title='bbox 1541 1294 1727 1331; x_wconf 87' lang='lat' dir='ltr'><strong>emen-</strong></span> 
     </span>
    </p>
   </div>
   <div class='ocr_carea' id='block_1_13' title="bbox 144 1370 1723 1438">
    <p class='ocr_par' dir='ltr' id='par_1_13' title="bbox 144 1370 1723 1438">
     <span class='ocr_line' id='line_1_13' title="bbox 144 1370 1723 1438; baseline 0.003 -18"><span class='ocrx_word' id='word_1_83' title='bbox 144 1373 420 1424; x_wconf 63' lang='lat' dir='ltr'><strong>{laliiilicm</strong></span> <span class='ocrx_word' id='word_1_84' title='bbox 458 1371 843 1438; x_wconf 76' lang='lat' dir='ltr'><strong>gubernatrice</strong></span> <span class='ocrx_word' id='word_1_85' title='bbox 902 1386 1053 1422; x_wconf 92' lang='lat' dir='ltr'><strong>usus.</strong></span> <span class='ocrx_word' id='word_1_86' title='bbox 1098 1370 1233 1423; x_wconf 81' lang='lat' dir='ltr'><strong>Cum</strong></span> <span class='ocrx_word' id='word_1_87' title='bbox 1266 1373 1414 1424; x_wconf 84' lang='lat' dir='ltr'><strong>enim</strong></span> <span class='ocrx_word' id='word_1_88' title='bbox 1449 1372 1514 1425; x_wconf 86' lang='lat' dir='ltr'><strong>ad</strong></span> <span class='ocrx_word' id='word_1_89' title='bbox 1547 1388 1599 1425; x_wconf 90' lang='lat' dir='ltr'><strong>se</strong></span> <span class='ocrx_word' id='word_1_90' title='bbox 1638 1388 1723 1424; x_wconf 84' lang='lat' dir='ltr'><strong>te-</strong></span> 
     </span>
    </p>
   </div>
   <div class='ocr_carea' id='block_1_14' title="bbox 144 1462 1729 1531">
    <p class='ocr_par' dir='ltr' id='par_1_14' title="bbox 144 1462 1729 1531">
     <span class='ocr_line' id='line_1_14' title="bbox 144 1462 1729 1531; baseline 0.004 -20"><span class='ocrx_word' id='word_1_91' title='bbox 144 1466 358 1521; x_wconf 57' lang='grc' dir='ltr'>ηιιιδδρι.</span> <span class='ocrx_word' id='word_1_92' title='bbox 401 1474 456 1513; x_wconf 85' lang='lat' dir='ltr'><strong>et</strong></span> <span class='ocrx_word' id='word_1_93' title='bbox 497 1478 524 1515; x_wconf 93' lang='lat' dir='ltr'><strong>e</strong></span> <span class='ocrx_word' id='word_1_94' title='bbox 579 1478 796 1523; x_wconf 82' lang='lat' dir='ltr'><strong>somno,</strong></span> <span class='ocrx_word' id='word_1_95' title='bbox 834 1472 889 1514; x_wconf 94' lang='lat' dir='ltr'><strong>ut</strong></span> <span class='ocrx_word' id='word_1_96' title='bbox 934 1462 1132 1531; x_wconf 77' lang='lat' dir='ltr'><strong>aliquis</strong></span> <span class='ocrx_word' id='word_1_97' title='bbox 1191 1464 1419 1524; x_wconf 86' lang='lat' dir='ltr'><strong>diceret,</strong></span> <span class='ocrx_word' id='word_1_98' title='bbox 1458 1467 1729 1518; x_wconf 61' lang='lat' dir='ltr'><strong>excitatus</strong></span> 
     </span>
    </p>
   </div>
   <div class='ocr_carea' id='block_1_15' title="bbox 142 1554 1705 1625">
    <p class='ocr_par' dir='ltr' id='par_1_15' title="bbox 142 1554 1705 1625">
     <span class='ocr_line' id='line_1_15' title="bbox 142 1554 1705 1625; baseline 0.004 -22"><span class='ocrx_word' id='word_1_99' title='bbox 142 1562 311 1612; x_wconf 69' lang='lat' dir='ltr'><strong>esset.</strong></span> <span class='ocrx_word' id='word_1_100' title='bbox 373 1554 426 1605; x_wconf 89' lang='lat' dir='ltr'><strong>iu</strong></span> <span class='ocrx_word' id='word_1_101' title='bbox 493 1554 685 1608; x_wconf 76' lang='lat' dir='ltr'><strong>cellam</strong></span> <span class='ocrx_word' id='word_1_102' title='bbox 721 1569 871 1608; x_wconf 87' lang='lat' dir='ltr'><strong>suam</strong></span> <span class='ocrx_word' id='word_1_103' title='bbox 902 1556 1184 1623; x_wconf 66' lang='lat' dir='ltr'><strong>ingressus</strong></span> <span class='ocrx_word' id='word_1_104' title='bbox 1215 1567 1317 1615; x_wconf 79' lang='lat' dir='ltr'><strong>est,</strong></span> <span class='ocrx_word' id='word_1_105' title='bbox 1346 1574 1511 1625; x_wconf 79' lang='lat' dir='ltr'><strong>seque</strong></span> <span class='ocrx_word' id='word_1_106' title='bbox 1543 1576 1593 1612; x_wconf 89' lang='lat' dir='ltr'><strong>III</strong></span> <span class='ocrx_word' id='word_1_107' title='bbox 1624 1570 1705 1613; x_wconf 86' lang='lat' dir='ltr'><strong>ter</strong></span> 
     </span>
    </p>
   </div>
   <div class='ocr_carea' id='block_1_16' title="bbox 144 1646 1727 1714">
    <p class='ocr_par' dir='ltr' id='par_1_16' title="bbox 144 1646 1727 1714">
     <span class='ocr_line' id='line_1_16' title="bbox 144 1646 1727 1714; baseline 0.007 -21"><span class='ocrx_word' id='word_1_108' title='bbox 144 1660 255 1695; x_wconf 63' lang='lat' dir='ltr'><strong>iam</strong></span> <span class='ocrx_word' id='word_1_109' title='bbox 306 1661 429 1698; x_wconf 91' lang='lat' dir='ltr'><strong>cum</strong></span> <span class='ocrx_word' id='word_1_110' title='bbox 457 1646 1144 1713; x_wconf 82' lang='lat' dir='ltr'><strong>abjecissetiutolerabiles</strong></span> <span class='ocrx_word' id='word_1_111' title='bbox 1169 1650 1403 1714; x_wconf 77' lang='lat' dir='ltr'><strong>gemitus</strong></span> <span class='ocrx_word' id='word_1_112' title='bbox 1423 1650 1727 1711; x_wconf 87' lang='lat' dir='ltr'><strong>emittebat.</strong></span> 
     </span>
    </p>
   </div>
   <div class='ocr_carea' id='block_1_17' title="bbox 144 1739 1728 1809">
    <p class='ocr_par' dir='ltr' id='par_1_17' title="bbox 144 1739 1728 1809">
     <span class='ocr_line' id='line_1_17' title="bbox 144 1739 1728 1809; baseline 0.003 -19"><span class='ocrx_word' id='word_1_113' title='bbox 144 1750 333 1804; x_wconf 79' lang='lat' dir='ltr'><strong>peetus</strong></span> <span class='ocrx_word' id='word_1_114' title='bbox 366 1755 526 1791; x_wconf 87' lang='lat' dir='ltr'><strong>suum</strong></span> <span class='ocrx_word' id='word_1_115' title='bbox 557 1739 711 1793; x_wconf 89' lang='lat' dir='ltr'><strong>valde</strong></span> <span class='ocrx_word' id='word_1_116' title='bbox 773 1749 1109 1807; x_wconf 85' lang='lat' dir='ltr'><strong>percutiens,</strong></span> <span class='ocrx_word' id='word_1_117' title='bbox 1151 1747 1203 1791; x_wconf 91' lang='lat' dir='ltr'><strong>et</strong></span> <span class='ocrx_word' id='word_1_118' title='bbox 1261 1740 1622 1809; x_wconf 75' lang='lat' dir='ltr'><strong>lacrymarum</strong></span> <span class='ocrx_word' id='word_1_119' title='bbox 1658 1744 1728 1795; x_wconf 85' lang='lat' dir='ltr'><strong>ri-</strong></span> 
     </span>
    </p>
   </div>
   <div class='ocr_carea' id='block_1_18' title="bbox 144 1832 615 1886">
    <p class='ocr_par' dir='ltr' id='par_1_18' title="bbox 144 1832 615 1886">
     <span class='ocr_line' id='line_1_18' title="bbox 144 1832 615 1886; baseline 0.011 -5"><span class='ocrx_word' id='word_1_120' title='bbox 144 1838 297 1882; x_wconf 74' lang='lat' dir='ltr'><strong>vulos</strong></span> <span class='ocrx_word' id='word_1_121' title='bbox 333 1832 615 1886; x_wconf 88' lang='lat' dir='ltr'><strong>emittens.</strong></span> 
     </span>
    </p>
   </div>
   <div class='ocr_carea' id='block_1_19' title="bbox 212 1942 1721 2019">
    <p class='ocr_par' dir='ltr' id='par_1_19' title="bbox 212 1942 1721 2019">
     <span class='ocr_line' id='line_1_19' title="bbox 212 1942 1721 2019; baseline 0.006 -26"><span class='ocrx_word' id='word_1_122' title='bbox 212 1942 355 1995; x_wconf 72' lang='lat' dir='ltr'><strong>XIX.</strong></span> <span class='ocrx_word' id='word_1_123' title='bbox 394 1943 498 1997; x_wconf 78' lang='lat' dir='ltr'><strong>Sed</strong></span> <span class='ocrx_word' id='word_1_124' title='bbox 533 1959 708 2012; x_wconf 87' lang='lat' dir='ltr'><strong>neque</strong></span> <span class='ocrx_word' id='word_1_125' title='bbox 758 1946 835 1999; x_wconf 90' lang='lat' dir='ltr'><strong>sic</strong></span> <span class='ocrx_word' id='word_1_126' title='bbox 887 1948 954 2002; x_wconf 90' lang='lat' dir='ltr'><strong>ab</strong></span> <span class='ocrx_word' id='word_1_127' title='bbox 994 1965 1060 2004; x_wconf 92' lang='lat' dir='ltr'><strong>eo</strong></span> <span class='ocrx_word' id='word_1_128' title='bbox 1090 1950 1342 2004; x_wconf 78' lang='lat' dir='ltr'><strong>discessit</strong></span> <span class='ocrx_word' id='word_1_129' title='bbox 1379 1952 1626 2019; x_wconf 81' lang='lat' dir='ltr'><strong>impurus</strong></span> <span class='ocrx_word' id='word_1_130' title='bbox 1670 1962 1721 2003; x_wconf 84' lang='lat' dir='ltr'><strong>ct</strong></span> 
     </span>
    </p>
   </div>
   <div class='ocr_carea' id='block_1_20' title="bbox 140 2037 1719 2113">
    <p class='ocr_par' dir='ltr' id='par_1_20' title="bbox 140 2037 1719 2113">
     <span class='ocr_line' id='line_1_20' title="bbox 140 2037 1719 2113; baseline 0.007 -28"><span class='ocrx_word' id='word_1_131' title='bbox 140 2037 570 2088; x_wconf 75' lang='lat' dir='ltr'><strong>scelestissiutus</strong></span> <span class='ocrx_word' id='word_1_132' title='bbox 599 2038 871 2093; x_wconf 77' lang='lat' dir='ltr'><strong>diabolus.</strong></span> <span class='ocrx_word' id='word_1_133' title='bbox 912 2040 1043 2094; x_wconf 86' lang='lat' dir='ltr'><strong>Nam</strong></span> <span class='ocrx_word' id='word_1_134' title='bbox 1080 2057 1203 2094; x_wconf 91' lang='lat' dir='ltr'><strong>cum</strong></span> <span class='ocrx_word' id='word_1_135' title='bbox 1235 2044 1353 2108; x_wconf 86' lang='lat' dir='ltr'><strong>ejus</strong></span> <span class='ocrx_word' id='word_1_136' title='bbox 1388 2044 1487 2097; x_wconf 83' lang='lat' dir='ltr'><strong>viri</strong></span> <span class='ocrx_word' id='word_1_137' title='bbox 1522 2061 1719 2113; x_wconf 73' lang='lat' dir='ltr'><strong>propo-</strong></span> 
     </span>
    </p>
   </div>
   <div class='ocr_carea' id='block_1_21' title="bbox 140 2126 1721 2200">
    <p class='ocr_par' dir='ltr' id='par_1_21' title="bbox 140 2126 1721 2200">
     <span class='ocr_line' id='line_1_21' title="bbox 140 2126 1721 2200; baseline 0.008 -25"><span class='ocrx_word' id='word_1_138' title='bbox 140 2126 307 2177; x_wconf 69' lang='lat' dir='ltr'><strong>situm</strong></span> <span class='ocrx_word' id='word_1_139' title='bbox 356 2142 418 2178; x_wconf 84' lang='lat' dir='ltr'><strong>ac</strong></span> <span class='ocrx_word' id='word_1_140' title='bbox 454 2127 789 2180; x_wconf 72' lang='lat' dir='ltr'><strong>Voluntatem</strong></span> <span class='ocrx_word' id='word_1_141' title='bbox 828 2130 970 2183; x_wconf 79' lang='lat' dir='ltr'><strong>ferre</strong></span> <span class='ocrx_word' id='word_1_142' title='bbox 1025 2148 1130 2184; x_wconf 89' lang='lat' dir='ltr'><strong>non</strong></span> <span class='ocrx_word' id='word_1_143' title='bbox 1190 2144 1394 2200; x_wconf 86' lang='lat' dir='ltr'><strong>posset,</strong></span> <span class='ocrx_word' id='word_1_144' title='bbox 1428 2135 1593 2200; x_wconf 70' lang='lat' dir='ltr'><strong>erepit</strong></span> <span class='ocrx_word' id='word_1_145' title='bbox 1624 2135 1721 2188; x_wconf 87' lang='lat' dir='ltr'><strong>de-</strong></span> 
     </span>
    </p>
   </div>
   <div class='ocr_carea' id='block_1_22' title="bbox 140 2220 1718 2294">
    <p class='ocr_par' dir='ltr' id='par_1_22' title="bbox 140 2220 1718 2294">
     <span class='ocr_line' id='line_1_22' title="bbox 140 2220 1718 2294; baseline 0.009 -27"><span class='ocrx_word' id='word_1_146' title='bbox 140 2220 474 2283; x_wconf 70' lang='lat' dir='ltr'><strong>sperationis</strong></span> <span class='ocrx_word' id='word_1_147' title='bbox 504 2221 867 2287; x_wconf 77' lang='lat' dir='ltr'><strong>cogitationes</strong></span> <span class='ocrx_word' id='word_1_148' title='bbox 902 2226 953 2274; x_wconf 90' lang='lat' dir='ltr'><strong>in</strong></span> <span class='ocrx_word' id='word_1_149' title='bbox 1017 2224 1135 2291; x_wconf 88' lang='lat' dir='ltr'><strong>ejus</strong></span> <span class='ocrx_word' id='word_1_150' title='bbox 1190 2227 1432 2277; x_wconf 89' lang='lat' dir='ltr'><strong>animum</strong></span> <span class='ocrx_word' id='word_1_151' title='bbox 1472 2227 1718 2294; x_wconf 84' lang='lat' dir='ltr'><strong>injicere.</strong></span> 
     </span>
    </p>
   </div>
   <div class='ocr_carea' id='block_1_23' title="bbox 137 2306 1719 2374">
    <p class='ocr_par' dir='ltr' id='par_1_23' title="bbox 137 2306 1719 2374">
     <span class='ocr_line' id='line_1_23' title="bbox 137 2306 1719 2374; baseline 0.01 -20"><span class='ocrx_word' id='word_1_152' title='bbox 137 2320 261 2355; x_wconf 77' lang='lat' dir='ltr'><strong>rum</strong></span> <span class='ocrx_word' id='word_1_153' title='bbox 293 2306 605 2370; x_wconf 80' lang='lat' dir='ltr'><strong>hujusmodi</strong></span> <span class='ocrx_word' id='word_1_154' title='bbox 639 2310 873 2374; x_wconf 88' lang='lat' dir='ltr'><strong>pessima</strong></span> <span class='ocrx_word' id='word_1_155' title='bbox 916 2311 1071 2364; x_wconf 88' lang='lat' dir='ltr'><strong>initia</strong></span> <span class='ocrx_word' id='word_1_156' title='bbox 1118 2315 1384 2367; x_wconf 86' lang='lat' dir='ltr'><strong>adversus</strong></span> <span class='ocrx_word' id='word_1_157' title='bbox 1420 2315 1719 2371; x_wconf 86' lang='lat' dir='ltr'><strong>humanum</strong></span> 
     </span>
    </p>
   </div>
   <div class='ocr_carea' id='block_1_24' title="bbox 138 2398 1722 2470">
    <p class='ocr_par' dir='ltr' id='par_1_24' title="bbox 138 2398 1722 2470">
     <span class='ocr_line' id='line_1_24' title="bbox 138 2398 1722 2470; baseline 0.011 -24"><span class='ocrx_word' id='word_1_158' title='bbox 138 2412 314 2462; x_wconf 43' lang='lat' dir='ltr'><strong>genus</strong></span> <span class='ocrx_word' id='word_1_159' title='bbox 340 2413 404 2449; x_wconf 78' lang='lat' dir='ltr'><strong>ex</strong></span> <span class='ocrx_word' id='word_1_160' title='bbox 434 2398 586 2451; x_wconf 65' lang='lat' dir='ltr'><strong>ludit:</strong></span> <span class='ocrx_word' id='word_1_161' title='bbox 620 2400 790 2467; x_wconf 84' lang='lat' dir='ltr'><strong>ipsius</strong></span> <span class='ocrx_word' id='word_1_162' title='bbox 820 2402 1202 2470; x_wconf 79' lang='lat' dir='ltr'><strong>desperatione</strong></span> <span class='ocrx_word' id='word_1_163' title='bbox 1241 2407 1442 2460; x_wconf 87' lang='lat' dir='ltr'><strong>inferre</strong></span> <span class='ocrx_word' id='word_1_164' title='bbox 1491 2422 1722 2464; x_wconf 87' lang='lat' dir='ltr'><strong>conatus</strong></span> 
     </span>
    </p>
   </div>
   <div class='ocr_carea' id='block_1_25' title="bbox 140 2490 1721 2560">
    <p class='ocr_par' dir='ltr' id='par_1_25' title="bbox 140 2490 1721 2560">
     <span class='ocr_line' id='line_1_25' title="bbox 140 2490 1721 2560; baseline 0.011 -19"><span class='ocrx_word' id='word_1_165' title='bbox 140 2500 308 2544; x_wconf 80' lang='lat' dir='ltr'><strong>esset.</strong></span> <span class='ocrx_word' id='word_1_166' title='bbox 349 2490 443 2545; x_wconf 87' lang='lat' dir='ltr'><strong>IIie</strong></span> <span class='ocrx_word' id='word_1_167' title='bbox 479 2494 645 2560; x_wconf 71' lang='lat' dir='ltr'><strong>igitur</strong></span> <span class='ocrx_word' id='word_1_168' title='bbox 690 2496 757 2548; x_wconf 86' lang='lat' dir='ltr'><strong>ad</strong></span> <span class='ocrx_word' id='word_1_169' title='bbox 818 2498 1002 2551; x_wconf 69' lang='lat' dir='ltr'><strong>saeculi</strong></span> <span class='ocrx_word' id='word_1_170' title='bbox 1040 2502 1498 2555; x_wconf 85' lang='lat' dir='ltr'><strong>consuetudinem</strong></span> <span class='ocrx_word' id='word_1_171' title='bbox 1540 2505 1721 2558; x_wconf 87' lang='lat' dir='ltr'><strong>redire</strong></span> 
     </span>
    </p>
   </div>
   <div class='ocr_carea' id='block_1_26' title="bbox 138 2583 1723 2655">
    <p class='ocr_par' dir='ltr' id='par_1_26' title="bbox 138 2583 1723 2655">
     <span class='ocr_line' id='line_1_26' title="bbox 138 2583 1723 2655; baseline 0.012 -22"><span class='ocrx_word' id='word_1_172' title='bbox 138 2583 407 2635; x_wconf 82' lang='lat' dir='ltr'><strong>decrevit.</strong></span> <span class='ocrx_word' id='word_1_173' title='bbox 442 2586 547 2638; x_wconf 78' lang='lat' dir='ltr'><strong>Sed</strong></span> <span class='ocrx_word' id='word_1_174' title='bbox 584 2587 801 2655; x_wconf 80' lang='lat' dir='ltr'><strong>benigni</strong></span> <span class='ocrx_word' id='word_1_175' title='bbox 832 2587 1034 2643; x_wconf 83' lang='lat' dir='ltr'><strong>Christi</strong></span> <span class='ocrx_word' id='word_1_176' title='bbox 1080 2592 1361 2647; x_wconf 77' lang='lat' dir='ltr'><strong>voluntate</strong></span> <span class='ocrx_word' id='word_1_177' title='bbox 1406 2594 1608 2650; x_wconf 87' lang='lat' dir='ltr'><strong>factum</strong></span> <span class='ocrx_word' id='word_1_178' title='bbox 1639 2609 1723 2651; x_wconf 90' lang='lat' dir='ltr'><strong>est</strong></span> 
     </span>
    </p>
   </div>
   <div class='ocr_carea' id='block_1_27' title="bbox 140 2673 1717 2750">
    <p class='ocr_par' dir='ltr' id='par_1_27' title="bbox 140 2673 1717 2750">
     <span class='ocr_line' id='line_1_27' title="bbox 140 2673 1717 2750; baseline 0.01 -27"><span class='ocrx_word' id='word_1_179' title='bbox 140 2682 195 2724; x_wconf 92' lang='lat' dir='ltr'><strong>ut</strong></span> <span class='ocrx_word' id='word_1_180' title='bbox 230 2673 338 2725; x_wconf 92' lang='lat' dir='ltr'><strong>iter</strong></span> <span class='ocrx_word' id='word_1_181' title='bbox 367 2674 594 2739; x_wconf 82' lang='lat' dir='ltr'><strong>faciens,</strong></span> <span class='ocrx_word' id='word_1_182' title='bbox 629 2678 678 2729; x_wconf 88' lang='lat' dir='ltr'><strong>in</strong></span> <span class='ocrx_word' id='word_1_183' title='bbox 736 2682 1131 2733; x_wconf 78' lang='lat' dir='ltr'><strong>monasterium</strong></span> <span class='ocrx_word' id='word_1_184' title='bbox 1175 2684 1453 2750; x_wconf 82' lang='lat' dir='ltr'><strong>quoddam</strong></span> <span class='ocrx_word' id='word_1_185' title='bbox 1486 2687 1717 2741; x_wconf 84' lang='lat' dir='ltr'><strong>veniret.</strong></span> 
     </span>
    </p>
   </div>
   <div class='ocr_carea' id='block_1_28' title="bbox 138 2764 1719 2849">
    <p class='ocr_par' dir='ltr' id='par_1_28' title="bbox 138 2764 1719 2849">
     <span class='ocr_line' id='line_1_28' title="bbox 138 2764 1719 2849; baseline 0.011 -32"><span class='ocrx_word' id='word_1_186' title='bbox 138 2764 214 2817; x_wconf 72' lang='lat' dir='ltr'><strong>Ad</strong></span> <span class='ocrx_word' id='word_1_187' title='bbox 242 2781 343 2818; x_wconf 85' lang='lat' dir='ltr'><strong>eos</strong></span> <span class='ocrx_word' id='word_1_188' title='bbox 369 2766 537 2835; x_wconf 81' lang='lat' dir='ltr'><strong>igitur</strong></span> <span class='ocrx_word' id='word_1_189' title='bbox 567 2772 886 2833; x_wconf 81' lang='lat' dir='ltr'><strong>monachos.</strong></span> <span class='ocrx_word' id='word_1_190' title='bbox 917 2774 1010 2841; x_wconf 89' lang='lat' dir='ltr'><strong>qui</strong></span> <span class='ocrx_word' id='word_1_191' title='bbox 1047 2774 1162 2827; x_wconf 90' lang='lat' dir='ltr'><strong>illic</strong></span> <span class='ocrx_word' id='word_1_192' title='bbox 1202 2788 1378 2839; x_wconf 82' lang='lat' dir='ltr'><strong>erant,</strong></span> <span class='ocrx_word' id='word_1_193' title='bbox 1418 2779 1719 2849; x_wconf 74' lang='lat' dir='ltr'><strong>ingressus,</strong></span> 
     </span>
    </p>
   </div>
   <div class='ocr_carea' id='block_1_29' title="bbox 142 2858 1721 2933">
    <p class='ocr_par' dir='ltr' id='par_1_29' title="bbox 142 2858 1721 2933">
     <span class='ocr_line' id='line_1_29' title="bbox 142 2858 1721 2933; baseline 0.012 -26"><span class='ocrx_word' id='word_1_194' title='bbox 142 2858 292 2924; x_wconf 81' lang='lat' dir='ltr'><strong>ipsos</strong></span> <span class='ocrx_word' id='word_1_195' title='bbox 321 2858 616 2913; x_wconf 83' lang='lat' dir='ltr'><strong>saiutavit;</strong></span> <span class='ocrx_word' id='word_1_196' title='bbox 655 2862 746 2929; x_wconf 89' lang='lat' dir='ltr'><strong>qui</strong></span> <span class='ocrx_word' id='word_1_197' title='bbox 782 2878 903 2915; x_wconf 91' lang='lat' dir='ltr'><strong>cum</strong></span> <span class='ocrx_word' id='word_1_198' title='bbox 960 2863 1079 2932; x_wconf 88' lang='lat' dir='ltr'><strong>ejus</strong></span> <span class='ocrx_word' id='word_1_199' title='bbox 1141 2868 1307 2932; x_wconf 88' lang='lat' dir='ltr'><strong>pedes</strong></span> <span class='ocrx_word' id='word_1_200' title='bbox 1352 2868 1636 2933; x_wconf 85' lang='lat' dir='ltr'><strong>lavisseut,</strong></span> <span class='ocrx_word' id='word_1_201' title='bbox 1668 2881 1721 2926; x_wconf 92' lang='lat' dir='ltr'><strong>et</strong></span> 
     </span>
    </p>
   </div>
   <div class='ocr_carea' id='block_1_30' title="bbox 138 2952 1716 3025">
    <p class='ocr_par' dir='ltr' id='par_1_30' title="bbox 138 2952 1716 3025">
     <span class='ocr_line' id='line_1_30' title="bbox 138 2952 1716 3025; baseline 0.012 -25"><span class='ocrx_word' id='word_1_202' title='bbox 138 2965 338 3016; x_wconf 87' lang='lat' dir='ltr'><strong>panem</strong></span> <span class='ocrx_word' id='word_1_203' title='bbox 360 2952 409 3004; x_wconf 88' lang='lat' dir='ltr'><strong>ei</strong></span> <span class='ocrx_word' id='word_1_204' title='bbox 435 2955 840 3020; x_wconf 81' lang='lat' dir='ltr'><strong>apposuissent.</strong></span> <span class='ocrx_word' id='word_1_205' title='bbox 870 2958 1135 3025; x_wconf 78' lang='lat' dir='ltr'><strong>rogabant</strong></span> <span class='ocrx_word' id='word_1_206' title='bbox 1164 2970 1221 3011; x_wconf 92' lang='lat' dir='ltr'><strong>ut</strong></span> <span class='ocrx_word' id='word_1_207' title='bbox 1243 2960 1427 3013; x_wconf 89' lang='lat' dir='ltr'><strong>cibum</strong></span> <span class='ocrx_word' id='word_1_208' title='bbox 1454 2975 1716 3019; x_wconf 90' lang='lat' dir='ltr'><strong>sumeret.</strong></span> 
     </span>
    </p>
   </div>
   <div class='ocr_carea' id='block_1_31' title="bbox 138 3041 1716 3125">
    <p class='ocr_par' dir='ltr' id='par_1_31' title="bbox 138 3041 1716 3125">
     <span class='ocr_line' id='line_1_31' title="bbox 138 3041 1716 3125; baseline 0.011 -32"><span class='ocrx_word' id='word_1_209' title='bbox 138 3041 231 3094; x_wconf 87' lang='lat' dir='ltr'><strong>Ide</strong></span> <span class='ocrx_word' id='word_1_210' title='bbox 268 3059 401 3095; x_wconf 85' lang='lat' dir='ltr'><strong>vero</strong></span> <span class='ocrx_word' id='word_1_211' title='bbox 432 3061 555 3098; x_wconf 91' lang='lat' dir='ltr'><strong>cum</strong></span> <span class='ocrx_word' id='word_1_212' title='bbox 584 3064 760 3116; x_wconf 88' lang='lat' dir='ltr'><strong>neque</strong></span> <span class='ocrx_word' id='word_1_213' title='bbox 794 3065 889 3103; x_wconf 87' lang='lat' dir='ltr'><strong>eos</strong></span> <span class='ocrx_word' id='word_1_214' title='bbox 919 3052 1031 3105; x_wconf 85' lang='lat' dir='ltr'><strong>fere</strong></span> <span class='ocrx_word' id='word_1_215' title='bbox 1051 3053 1242 3107; x_wconf 79' lang='lat' dir='ltr'><strong>audire</strong></span> <span class='ocrx_word' id='word_1_216' title='bbox 1269 3067 1571 3123; x_wconf 80' lang='lat' dir='ltr'><strong>pateretur,</strong></span> <span class='ocrx_word' id='word_1_217' title='bbox 1595 3076 1716 3125; x_wconf 68' lang='lat' dir='ltr'><strong>gia-</strong></span> 
     </span>
    </p>
   </div>
   <div class='ocr_carea' id='block_1_32' title="bbox 140 3137 1718 3208">
    <p class='ocr_par' dir='ltr' id='par_1_32' title="bbox 140 3137 1718 3208">
     <span class='ocr_line' id='line_1_32' title="bbox 140 3137 1718 3208; baseline 0.011 -27"><span class='ocrx_word' id='word_1_218' title='bbox 140 3147 261 3183; x_wconf 79' lang='lat' dir='ltr'><strong>vem</strong></span> <span class='ocrx_word' id='word_1_219' title='bbox 305 3137 570 3201; x_wconf 79' lang='lat' dir='ltr'><strong>gemitum</strong></span> <span class='ocrx_word' id='word_1_220' title='bbox 605 3138 864 3191; x_wconf 90' lang='lat' dir='ltr'><strong>emittens</strong></span> <span class='ocrx_word' id='word_1_221' title='bbox 900 3158 910 3189; x_wconf 89' lang='lat'><em>:</em></span> <span class='ocrx_word' id='word_1_222' title='bbox 954 3140 1048 3192; x_wconf 92' lang='lat' dir='ltr'><strong>IIei</strong></span> <span class='ocrx_word' id='word_1_223' title='bbox 1085 3142 1240 3202; x_wconf 88' lang='lat' dir='ltr'><strong>mihi,</strong></span> <span class='ocrx_word' id='word_1_224' title='bbox 1265 3145 1461 3208; x_wconf 85' lang='lat' dir='ltr'><strong>inquit.</strong></span> <span class='ocrx_word' id='word_1_225' title='bbox 1494 3146 1718 3205; x_wconf 87' lang='lat' dir='ltr'><strong>misero.</strong></span> 
     </span>
    </p>
   </div>
   <div class='ocr_carea' id='block_1_33' title="bbox 1842 627 2493 682">
    <p class='ocr_par' dir='ltr' id='par_1_33' title="bbox 1842 627 2493 682">
     <span class='ocr_line' id='line_1_33' title="bbox 1842 627 2493 682; baseline 0.012 -8"><span class='ocrx_word' id='word_1_226' title='bbox 1842 639 2035 676; x_wconf 84' lang='lat' dir='ltr'><strong>rursus</strong></span> <span class='ocrx_word' id='word_1_227' title='bbox 2074 640 2180 676; x_wconf 89' lang='lat' dir='ltr'><strong>una</strong></span> <span class='ocrx_word' id='word_1_228' title='bbox 2208 627 2493 682; x_wconf 86' lang='lat' dir='ltr'><strong>sedebant.</strong></span> 
     </span>
    </p>
   </div>
   <div class='ocr_carea' id='block_1_34' title="bbox 1909 716 3416 807">
    <p class='ocr_par' dir='ltr' id='par_1_34' title="bbox 1909 716 3416 807">
     <span class='ocr_line' id='line_1_34' title="bbox 1909 716 3416 807; baseline 0.015 -38"><span class='ocrx_word' id='word_1_229' title='bbox 1909 716 2051 770; x_wconf 76' lang='lat' dir='ltr'><strong>XXI.</strong></span> <span class='ocrx_word' id='word_1_230' title='bbox 2080 718 2232 773; x_wconf 85' lang='lat' dir='ltr'><strong>Tunc</strong></span> <span class='ocrx_word' id='word_1_231' title='bbox 2266 722 2308 773; x_wconf 90' lang='lat' dir='ltr'><strong>is</strong></span> <span class='ocrx_word' id='word_1_232' title='bbox 2360 739 2387 774; x_wconf 88' lang='lat' dir='ltr'><strong>a</strong></span> <span class='ocrx_word' id='word_1_233' title='bbox 2422 739 2531 792; x_wconf 81' lang='lat' dir='ltr'><strong>quo</strong></span> <span class='ocrx_word' id='word_1_234' title='bbox 2579 726 2818 780; x_wconf 82' lang='lat' dir='ltr'><strong>Jacobus</strong></span> <span class='ocrx_word' id='word_1_235' title='bbox 2872 731 3111 800; x_wconf 87' lang='lat' dir='ltr'><strong>hospitio</strong></span> <span class='ocrx_word' id='word_1_236' title='bbox 3157 749 3416 807; x_wconf 73' lang='lat' dir='ltr'><strong>acceptos</strong></span> 
     </span>
    </p>
   </div>
   <div class='ocr_carea' id='block_1_35' title="bbox 1836 806 3413 887">
    <p class='ocr_par' dir='ltr' id='par_1_35' title="bbox 1836 806 3413 887">
     <span class='ocr_line' id='line_1_35' title="bbox 1836 806 3413 887; baseline 0.012 -28"><span class='ocrx_word' id='word_1_237' title='bbox 1836 806 2033 869; x_wconf 85' lang='lat' dir='ltr'><strong>fuerat,</strong></span> <span class='ocrx_word' id='word_1_238' title='bbox 2091 808 2268 875; x_wconf 88' lang='lat' dir='ltr'><strong>ipsum</strong></span> <span class='ocrx_word' id='word_1_239' title='bbox 2329 810 2549 875; x_wconf 59' lang='lat' dir='ltr'><strong>atii-tus,</strong></span> <span class='ocrx_word' id='word_1_240' title='bbox 2589 813 2831 877; x_wconf 86' lang='lat' dir='ltr'><strong>lnstrue,</strong></span> <span class='ocrx_word' id='word_1_241' title='bbox 2867 820 3065 887; x_wconf 88' lang='lat' dir='ltr'><strong>inquit.</strong></span> <span class='ocrx_word' id='word_1_242' title='bbox 3121 806 3303 887; x_wconf 75' lang='lat' dir='ltr'><strong>Pater.</strong></span> <span class='ocrx_word' id='word_1_243' title='bbox 3330 843 3413 878; x_wconf 80' lang='lat' dir='ltr'><strong>me</strong></span> 
     </span>
    </p>
   </div>
   <div class='ocr_carea' id='block_1_36' title="bbox 1836 898 3409 981">
    <p class='ocr_par' dir='ltr' id='par_1_36' title="bbox 1836 898 3409 981">
     <span class='ocr_line' id='line_1_36' title="bbox 1836 898 3409 981; baseline 0.014 -30"><span class='ocrx_word' id='word_1_244' title='bbox 1836 900 1888 952; x_wconf 91' lang='lat' dir='ltr'><strong>in</strong></span> <span class='ocrx_word' id='word_1_245' title='bbox 1942 898 2160 953; x_wconf 90' lang='lat' dir='ltr'><strong>Christo</strong></span> <span class='ocrx_word' id='word_1_246' title='bbox 2222 902 2391 957; x_wconf 85' lang='lat' dir='ltr'><strong>filium</strong></span> <span class='ocrx_word' id='word_1_247' title='bbox 2450 916 2623 970; x_wconf 88' lang='lat' dir='ltr'><strong>tuum,</strong></span> <span class='ocrx_word' id='word_1_248' title='bbox 2664 921 2719 962; x_wconf 94' lang='lat' dir='ltr'><strong>et</strong></span> <span class='ocrx_word' id='word_1_249' title='bbox 2754 926 2849 963; x_wconf 90' lang='lat' dir='ltr'><strong>cor</strong></span> <span class='ocrx_word' id='word_1_250' title='bbox 2902 928 3082 967; x_wconf 74' lang='lat' dir='ltr'><strong>meum</strong></span> <span class='ocrx_word' id='word_1_251' title='bbox 3124 919 3409 981; x_wconf 77' lang='lat' dir='ltr'><strong>conﬁrma.</strong></span> 
     </span>
    </p>
   </div>
   <div class='ocr_carea' id='block_1_37' title="bbox 1835 995 3415 1071">
    <p class='ocr_par' dir='ltr' id='par_1_37' title="bbox 1835 995 3415 1071">
     <span class='ocr_line' id='line_1_37' title="bbox 1835 995 3415 1071; baseline 0.011 -26"><span class='ocrx_word' id='word_1_252' title='bbox 1835 995 2096 1061; x_wconf 81' lang='lat' dir='ltr'><strong>quoniam</strong></span> <span class='ocrx_word' id='word_1_253' title='bbox 2132 996 2323 1050; x_wconf 88' lang='lat' dir='ltr'><strong>multis</strong></span> <span class='ocrx_word' id='word_1_254' title='bbox 2350 1008 2405 1051; x_wconf 91' lang='lat' dir='ltr'><strong>et</strong></span> <span class='ocrx_word' id='word_1_255' title='bbox 2436 1003 2606 1053; x_wconf 82' lang='lat' dir='ltr'><strong>variis</strong></span> <span class='ocrx_word' id='word_1_256' title='bbox 2640 1004 3069 1071; x_wconf 80' lang='lat' dir='ltr'><strong>cogitationibus</strong></span> <span class='ocrx_word' id='word_1_257' title='bbox 3115 1012 3269 1063; x_wconf 87' lang='lat' dir='ltr'><strong>valde</strong></span> <span class='ocrx_word' id='word_1_258' title='bbox 3303 1014 3415 1065; x_wconf 82' lang='lat' dir='ltr'><strong>sol-</strong></span> 
     </span>
    </p>
   </div>
   <div class='ocr_carea' id='block_1_38' title="bbox 1835 1086 3411 1174">
    <p class='ocr_par' dir='ltr' id='par_1_38' title="bbox 1835 1086 3411 1174">
     <span class='ocr_line' id='line_1_38' title="bbox 1835 1086 3411 1174; baseline 0.013 -36"><span class='ocrx_word' id='word_1_259' title='bbox 1835 1086 2036 1140; x_wconf 89' lang='lat' dir='ltr'><strong>licitor.</strong></span> <span class='ocrx_word' id='word_1_260' title='bbox 2083 1088 2235 1141; x_wconf 85' lang='lat' dir='ltr'><strong>Tunc</strong></span> <span class='ocrx_word' id='word_1_261' title='bbox 2263 1092 2479 1145; x_wconf 79' lang='lat' dir='ltr'><strong>ululans</strong></span> <span class='ocrx_word' id='word_1_262' title='bbox 2508 1095 2562 1147; x_wconf 80' lang='lat' dir='ltr'><strong>S.</strong></span> <span class='ocrx_word' id='word_1_263' title='bbox 2592 1095 2848 1160; x_wconf 58' lang='grc' dir='ltr'>Ιυυιιιιιιέ,</span> <span class='ocrx_word' id='word_1_264' title='bbox 2892 1110 2948 1152; x_wconf 90' lang='lat' dir='ltr'><strong>et</strong></span> <span class='ocrx_word' id='word_1_265' title='bbox 2988 1115 3114 1153; x_wconf 88' lang='lat' dir='ltr'><strong>cum</strong></span> <span class='ocrx_word' id='word_1_266' title='bbox 3138 1102 3411 1174; x_wconf 67' lang='lat' dir='ltr'><strong>lacrytnis.</strong></span> 
     </span>
    </p>
   </div>
   <div class='ocr_carea' id='block_1_39' title="bbox 1832 1179 3409 1254">
    <p class='ocr_par' dir='ltr' id='par_1_39' title="bbox 1832 1179 3409 1254">
     <span class='ocr_line' id='line_1_39' title="bbox 1832 1179 3409 1254; baseline 0.015 -26"><span class='ocrx_word' id='word_1_267' title='bbox 1832 1179 2128 1242; x_wconf 72' lang='lat' dir='ltr'><strong>gemitibus</strong></span> <span class='ocrx_word' id='word_1_268' title='bbox 2153 1188 2202 1231; x_wconf 86' lang='lat' dir='ltr'><strong>et</strong></span> <span class='ocrx_word' id='word_1_269' title='bbox 2232 1182 2481 1236; x_wconf 83' lang='lat' dir='ltr'><strong>lamentis</strong></span> <span class='ocrx_word' id='word_1_270' title='bbox 2499 1201 2660 1236; x_wconf 77' lang='lat' dir='ltr'><strong>suum</strong></span> <span class='ocrx_word' id='word_1_271' title='bbox 2691 1200 2879 1254; x_wconf 77' lang='lat' dir='ltr'><strong>pectus</strong></span> <span class='ocrx_word' id='word_1_272' title='bbox 2901 1195 3227 1248; x_wconf 76' lang='lat' dir='ltr'><strong>verberans:</strong></span> <span class='ocrx_word' id='word_1_273' title='bbox 3261 1196 3409 1251; x_wconf 82' lang='lat' dir='ltr'><strong>Siue.</strong></span> 
     </span>
    </p>
   </div>
   <div class='ocr_carea' id='block_1_40' title="bbox 1836 1272 3413 1351">
    <p class='ocr_par' dir='ltr' id='par_1_40' title="bbox 1836 1272 3413 1351">
     <span class='ocr_line' id='line_1_40' title="bbox 1836 1272 3413 1351; baseline 0.015 -31"><span class='ocrx_word' id='word_1_274' title='bbox 1836 1272 2035 1339; x_wconf 82' lang='lat' dir='ltr'><strong>inquit,</strong></span> <span class='ocrx_word' id='word_1_275' title='bbox 2088 1272 2270 1335; x_wconf 79' lang='lat' dir='ltr'><strong>frater.</strong></span> <span class='ocrx_word' id='word_1_276' title='bbox 2328 1293 2413 1329; x_wconf 88' lang='lat' dir='ltr'><strong>ttte</strong></span> <span class='ocrx_word' id='word_1_277' title='bbox 2472 1282 2624 1341; x_wconf 80' lang='lat' dir='ltr'><strong>Ilct&#39;c,</strong></span> <span class='ocrx_word' id='word_1_278' title='bbox 2660 1291 2707 1329; x_wconf 81' lang='lat' dir='ltr'><strong>ct</strong></span> <span class='ocrx_word' id='word_1_279' title='bbox 2763 1285 2946 1350; x_wconf 67' lang='lat' dir='ltr'><strong>gravia</strong></span> <span class='ocrx_word' id='word_1_280' title='bbox 3006 1301 3225 1351; x_wconf 81' lang='lat' dir='ltr'><strong>peccata</strong></span> <span class='ocrx_word' id='word_1_281' title='bbox 3274 1307 3413 1349; x_wconf 82' lang='lat' dir='ltr'><strong>mea.</strong></span> 
     </span>
    </p>
   </div>
   <div class='ocr_carea' id='block_1_41' title="bbox 1834 1368 3406 1435">
    <p class='ocr_par' dir='ltr' id='par_1_41' title="bbox 1834 1368 3406 1435">
     <span class='ocr_line' id='line_1_41' title="bbox 1834 1368 3406 1435; baseline 0.013 -20"><span class='ocrx_word' id='word_1_282' title='bbox 1834 1380 2062 1432; x_wconf 60' lang='lat' dir='ltr'><strong>quaeqm</strong></span> <span class='ocrx_word' id='word_1_283' title='bbox 2100 1368 2265 1434; x_wconf 87' lang='lat' dir='ltr'><strong>impie</strong></span> <span class='ocrx_word' id='word_1_284' title='bbox 2317 1370 2582 1424; x_wconf 86' lang='lat' dir='ltr'><strong>adversus</strong></span> <span class='ocrx_word' id='word_1_285' title='bbox 2626 1373 2795 1425; x_wconf 86' lang='lat' dir='ltr'><strong>Deum</strong></span> <span class='ocrx_word' id='word_1_286' title='bbox 2831 1391 2998 1427; x_wconf 89' lang='lat' dir='ltr'><strong>ausus</strong></span> <span class='ocrx_word' id='word_1_287' title='bbox 3034 1394 3175 1432; x_wconf 80' lang='lat' dir='ltr'><strong>sttm.</strong></span> <span class='ocrx_word' id='word_1_288' title='bbox 3208 1381 3406 1435; x_wconf 90' lang='lat' dir='ltr'><strong>lamen-</strong></span> 
     </span>
    </p>
   </div>
   <div class='ocr_carea' id='block_1_42' title="bbox 1838 1461 3409 1538">
    <p class='ocr_par' dir='ltr' id='par_1_42' title="bbox 1838 1461 3409 1538">
     <span class='ocr_line' id='line_1_42' title="bbox 1838 1461 3409 1538; baseline 0.013 -32"><span class='ocrx_word' id='word_1_289' title='bbox 1838 1468 1965 1517; x_wconf 85' lang='lat' dir='ltr'><strong>tari,</strong></span> <span class='ocrx_word' id='word_1_290' title='bbox 2014 1461 2272 1525; x_wconf 81' lang='lat' dir='ltr'><strong>quoniam</strong></span> <span class='ocrx_word' id='word_1_291' title='bbox 2314 1465 2364 1512; x_wconf 89' lang='lat' dir='ltr'><strong>III</strong></span> <span class='ocrx_word' id='word_1_292' title='bbox 2397 1463 2495 1513; x_wconf 86' lang='lat' dir='ltr'><strong>hac</strong></span> <span class='ocrx_word' id='word_1_293' title='bbox 2524 1480 2640 1516; x_wconf 77' lang='lat' dir='ltr'><strong>mea</strong></span> <span class='ocrx_word' id='word_1_294' title='bbox 2682 1483 2816 1518; x_wconf 68' lang='lat' dir='ltr'><strong>vana</strong></span> <span class='ocrx_word' id='word_1_295' title='bbox 2871 1478 2924 1520; x_wconf 89' lang='lat' dir='ltr'><strong>et</strong></span> <span class='ocrx_word' id='word_1_296' title='bbox 2988 1474 3133 1538; x_wconf 71' lang='lat' dir='ltr'><strong>turpi</strong></span> <span class='ocrx_word' id='word_1_297' title='bbox 3189 1476 3409 1529; x_wconf 77' lang='lat' dir='ltr'><strong>canitie.</strong></span> 
     </span>
    </p>
   </div>
   <div class='ocr_carea' id='block_1_43' title="bbox 1834 1558 3411 1627">
    <p class='ocr_par' dir='ltr' id='par_1_43' title="bbox 1834 1558 3411 1627">
     <span class='ocr_line' id='line_1_43' title="bbox 1834 1558 3411 1627; baseline 0.013 -26"><span class='ocrx_word' id='word_1_298' title='bbox 1834 1562 2091 1619; x_wconf 79' lang='lat' dir='ltr'><strong>tanquam</strong></span> <span class='ocrx_word' id='word_1_299' title='bbox 2151 1568 2307 1619; x_wconf 83' lang='lat' dir='ltr'><strong>puer.</strong></span> <span class='ocrx_word' id='word_1_300' title='bbox 2344 1572 2371 1605; x_wconf 87' lang='lat' dir='ltr'><strong>a</strong></span> <span class='ocrx_word' id='word_1_301' title='bbox 2411 1558 2630 1609; x_wconf 83' lang='lat' dir='ltr'><strong>diabolo</strong></span> <span class='ocrx_word' id='word_1_302' title='bbox 2688 1564 3095 1627; x_wconf 74' lang='lat' dir='ltr'><strong>suppiautatus.</strong></span> <span class='ocrx_word' id='word_1_303' title='bbox 3132 1565 3183 1617; x_wconf 75' lang='lat' dir='ltr'><strong>in</strong></span> <span class='ocrx_word' id='word_1_304' title='bbox 3217 1568 3411 1623; x_wconf 81' lang='lat' dir='ltr'><strong>interi-</strong></span> 
     </span>
    </p>
   </div>
   <div class='ocr_carea' id='block_1_44' title="bbox 1841 1646 3415 1730">
    <p class='ocr_par' dir='ltr' id='par_1_44' title="bbox 1841 1646 3415 1730">
     <span class='ocr_line' id='line_1_44' title="bbox 1841 1646 3415 1730; baseline 0.012 -34"><span class='ocrx_word' id='word_1_305' title='bbox 1841 1656 1955 1696; x_wconf 84' lang='lat' dir='ltr'><strong>tum</strong></span> <span class='ocrx_word' id='word_1_306' title='bbox 1988 1646 2211 1697; x_wconf 82' lang='lat' dir='ltr'><strong>omnino</strong></span> <span class='ocrx_word' id='word_1_307' title='bbox 2241 1650 2531 1703; x_wconf 80' lang='lat' dir='ltr'><strong>immersus</strong></span> <span class='ocrx_word' id='word_1_308' title='bbox 2554 1668 2695 1703; x_wconf 85' lang='lat' dir='ltr'><strong>sum.</strong></span> <span class='ocrx_word' id='word_1_309' title='bbox 2748 1654 2898 1708; x_wconf 72' lang='lat' dir='ltr'><strong>Malis</strong></span> <span class='ocrx_word' id='word_1_310' title='bbox 2921 1660 3087 1721; x_wconf 59' lang='lat' dir='ltr'><strong>enim,</strong></span> <span class='ocrx_word' id='word_1_311' title='bbox 3115 1677 3233 1719; x_wconf 68' lang='lat' dir='ltr'><strong>ituro</strong></span> <span class='ocrx_word' id='word_1_312' title='bbox 3256 1662 3415 1730; x_wconf 56' lang='lat' dir='ltr'><strong>juve-</strong></span> 
     </span>
    </p>
   </div>
   <div class='ocr_carea' id='block_1_45' title="bbox 1836 1740 3413 1808">
    <p class='ocr_par' dir='ltr' id='par_1_45' title="bbox 1836 1740 3413 1808">
     <span class='ocr_line' id='line_1_45' title="bbox 1836 1740 3413 1808; baseline 0.011 -19"><span class='ocrx_word' id='word_1_313' title='bbox 1836 1740 2237 1792; x_wconf 76' lang='lat' dir='ltr'><strong>nistolcranter</strong></span> <span class='ocrx_word' id='word_1_314' title='bbox 2269 1744 2396 1798; x_wconf 86' lang='lat' dir='ltr'><strong>vici.</strong></span> <span class='ocrx_word' id='word_1_315' title='bbox 2453 1759 2597 1797; x_wconf 88' lang='lat' dir='ltr'><strong>nunc</strong></span> <span class='ocrx_word' id='word_1_316' title='bbox 2659 1748 2708 1796; x_wconf 89' lang='lat' dir='ltr'><strong>in</strong></span> <span class='ocrx_word' id='word_1_317' title='bbox 2769 1761 3059 1802; x_wconf 78' lang='lat' dir='ltr'><strong>senectute</strong></span> <span class='ocrx_word' id='word_1_318' title='bbox 3124 1754 3413 1808; x_wconf 79' lang='lat' dir='ltr'><strong>inhoneste</strong></span> 
     </span>
    </p>
   </div>
   <div class='ocr_carea' id='block_1_46' title="bbox 1838 1836 3411 1915">
    <p class='ocr_par' dir='ltr' id='par_1_46' title="bbox 1838 1836 3411 1915">
     <span class='ocr_line' id='line_1_46' title="bbox 1838 1836 3411 1915; baseline 0.01 -33"><span class='ocrx_word' id='word_1_319' title='bbox 1838 1848 1920 1885; x_wconf 90' lang='lat' dir='ltr'><strong>mc</strong></span> <span class='ocrx_word' id='word_1_320' title='bbox 1954 1850 2149 1901; x_wconf 58' lang='lat' dir='ltr'><strong>gerens</strong></span> <span class='ocrx_word' id='word_1_321' title='bbox 2186 1836 2475 1899; x_wconf 81' lang='lat' dir='ltr'><strong>succubui,</strong></span> <span class='ocrx_word' id='word_1_322' title='bbox 2522 1854 2646 1890; x_wconf 89' lang='lat' dir='ltr'><strong>cum</strong></span> <span class='ocrx_word' id='word_1_323' title='bbox 2706 1841 2757 1891; x_wconf 88' lang='lat' dir='ltr'><strong>iu</strong></span> <span class='ocrx_word' id='word_1_324' title='bbox 2811 1845 3179 1910; x_wconf 73' lang='lat' dir='ltr'><strong>graveoientis</strong></span> <span class='ocrx_word' id='word_1_325' title='bbox 3236 1856 3411 1915; x_wconf 70' lang='lat' dir='ltr'><strong>stupri</strong></span> 
     </span>
    </p>
   </div>
   <div class='ocr_carea' id='block_1_47' title="bbox 1836 1929 3413 2008">
    <p class='ocr_par' dir='ltr' id='par_1_47' title="bbox 1836 1929 3413 2008">
     <span class='ocr_line' id='line_1_47' title="bbox 1836 1929 3413 2008; baseline 0.01 -30"><span class='ocrx_word' id='word_1_326' title='bbox 1836 1941 2053 1979; x_wconf 75' lang='lat' dir='ltr'><strong>cmnum</strong></span> <span class='ocrx_word' id='word_1_327' title='bbox 2086 1929 2350 1994; x_wconf 79' lang='lat' dir='ltr'><strong>meipsum</strong></span> <span class='ocrx_word' id='word_1_328' title='bbox 2382 1932 2734 1999; x_wconf 82' lang='lat' dir='ltr'><strong>conjeecrim,</strong></span> <span class='ocrx_word' id='word_1_329' title='bbox 2770 1945 2824 1986; x_wconf 91' lang='lat' dir='ltr'><strong>ct</strong></span> <span class='ocrx_word' id='word_1_330' title='bbox 2870 1937 2969 1988; x_wconf 78' lang='lat' dir='ltr'><strong>alia</strong></span> <span class='ocrx_word' id='word_1_331' title='bbox 3031 1940 3114 1993; x_wconf 79' lang='lat' dir='ltr'><strong>his</strong></span> <span class='ocrx_word' id='word_1_332' title='bbox 3165 1944 3413 2008; x_wconf 78' lang='lat' dir='ltr'><strong>graviora</strong></span> 
     </span>
    </p>
   </div>
   <div class='ocr_carea' id='block_1_48' title="bbox 1841 2023 3407 2093">
    <p class='ocr_par' dir='ltr' id='par_1_48' title="bbox 1841 2023 3407 2093">
     <span class='ocr_line' id='line_1_48' title="bbox 1841 2023 3407 2093; baseline 0.014 -26"><span class='ocrx_word' id='word_1_333' title='bbox 1841 2030 2060 2085; x_wconf 83' lang='lat' dir='ltr'><strong>peccata</strong></span> <span class='ocrx_word' id='word_1_334' title='bbox 2112 2023 2483 2075; x_wconf 80' lang='lat' dir='ltr'><strong>eummiscrim</strong></span> <span class='ocrx_word' id='word_1_335' title='bbox 2569 2026 2687 2078; x_wconf 71' lang='lat' dir='ltr'><strong>Ila-c</strong></span> <span class='ocrx_word' id='word_1_336' title='bbox 2756 2044 2878 2079; x_wconf 80' lang='lat' dir='ltr'><strong>eum</strong></span> <span class='ocrx_word' id='word_1_337' title='bbox 2945 2031 3034 2082; x_wconf 89' lang='lat' dir='ltr'><strong>ille</strong></span> <span class='ocrx_word' id='word_1_338' title='bbox 3089 2035 3407 2093; x_wconf 62' lang='lat' dir='ltr'><strong>audivisset.</strong></span> 
     </span>
    </p>
   </div>
   <div class='ocr_carea' id='block_1_49' title="bbox 1838 2114 3413 2192">
    <p class='ocr_par' dir='ltr' id='par_1_49' title="bbox 1838 2114 3413 2192">
     <span class='ocr_line' id='line_1_49' title="bbox 1838 2114 3413 2192; baseline 0.01 -29"><span class='ocrx_word' id='word_1_339' title='bbox 1838 2127 2075 2165; x_wconf 84' lang='lat' dir='ltr'><strong>mu:rore</strong></span> <span class='ocrx_word' id='word_1_340' title='bbox 2123 2117 2296 2164; x_wconf 81' lang='lat' dir='ltr'><strong>multo</strong></span> <span class='ocrx_word' id='word_1_341' title='bbox 2343 2114 2575 2173; x_wconf 76' lang='lat' dir='ltr'><strong>affectus</strong></span> <span class='ocrx_word' id='word_1_342' title='bbox 2606 2129 2708 2175; x_wconf 82' lang='lat' dir='ltr'><strong>est.</strong></span> <span class='ocrx_word' id='word_1_343' title='bbox 2775 2137 3011 2189; x_wconf 77' lang='lat' dir='ltr'><strong>eumque</strong></span> <span class='ocrx_word' id='word_1_344' title='bbox 3068 2125 3296 2192; x_wconf 76' lang='lat' dir='ltr'><strong>rogavit.</strong></span> <span class='ocrx_word' id='word_1_345' title='bbox 3355 2137 3413 2179; x_wconf 81' lang='lat' dir='ltr'><strong>ut</strong></span> 
     </span>
    </p>
   </div>
   <div class='ocr_carea' id='block_1_50' title="bbox 1842 2205 3403 2274">
    <p class='ocr_par' dir='ltr' id='par_1_50' title="bbox 1842 2205 3403 2274">
     <span class='ocr_line' id='line_1_50' title="bbox 1842 2205 3403 2274; baseline 0.01 -19"><span class='ocrx_word' id='word_1_346' title='bbox 1842 2205 2156 2271; x_wconf 63' lang='lat' dir='ltr'><strong>singniatim</strong></span> <span class='ocrx_word' id='word_1_347' title='bbox 2192 2206 2439 2259; x_wconf 86' lang='lat' dir='ltr'><strong>fraudem</strong></span> <span class='ocrx_word' id='word_1_348' title='bbox 2480 2209 2681 2261; x_wconf 83' lang='lat' dir='ltr'><strong>diaboli</strong></span> <span class='ocrx_word' id='word_1_349' title='bbox 2727 2225 3011 2274; x_wconf 72' lang='lat' dir='ltr'><strong>narraret;</strong></span> <span class='ocrx_word' id='word_1_350' title='bbox 3056 2217 3168 2269; x_wconf 67' lang='lat' dir='ltr'><strong>haec</strong></span> <span class='ocrx_word' id='word_1_351' title='bbox 3217 2222 3403 2270; x_wconf 68' lang='lat' dir='ltr'><strong>duom</strong></span> 
     </span>
    </p>
   </div>
   <div class='ocr_carea' id='block_1_51' title="bbox 1835 2302 3409 2377">
    <p class='ocr_par' dir='ltr' id='par_1_51' title="bbox 1835 2302 3409 2377">
     <span class='ocr_line' id='line_1_51' title="bbox 1835 2302 3409 2377; baseline 0.009 -29"><span class='ocrx_word' id='word_1_352' title='bbox 1835 2312 1894 2348; x_wconf 87' lang='lat' dir='ltr'><strong>ea</strong></span> <span class='ocrx_word' id='word_1_353' title='bbox 1926 2314 1979 2349; x_wconf 81' lang='lat' dir='ltr'><strong>re</strong></span> <span class='ocrx_word' id='word_1_354' title='bbox 2040 2314 2363 2366; x_wconf 87' lang='lat' dir='ltr'><strong>procurans.</strong></span> <span class='ocrx_word' id='word_1_355' title='bbox 2403 2302 2662 2368; x_wconf 83' lang='lat' dir='ltr'><strong>primum,</strong></span> <span class='ocrx_word' id='word_1_356' title='bbox 2714 2308 2859 2372; x_wconf 91' lang='lat' dir='ltr'><strong>quod</strong></span> <span class='ocrx_word' id='word_1_357' title='bbox 2902 2312 3155 2373; x_wconf 72' lang='lat' dir='ltr'><strong>Sperabat</strong></span> <span class='ocrx_word' id='word_1_358' title='bbox 3204 2318 3409 2377; x_wconf 83' lang='lat' dir='ltr'><strong>peccati</strong></span> 
     </span>
    </p>
   </div>
   <div class='ocr_carea' id='block_1_52' title="bbox 1835 2391 3407 2469">
    <p class='ocr_par' dir='ltr' id='par_1_52' title="bbox 1835 2391 3407 2469">
     <span class='ocr_line' id='line_1_52' title="bbox 1835 2391 3407 2469; baseline 0.01 -28"><span class='ocrx_word' id='word_1_359' title='bbox 1835 2391 2177 2445; x_wconf 77' lang='lat' dir='ltr'><strong>confessione</strong></span> <span class='ocrx_word' id='word_1_360' title='bbox 2247 2402 2311 2445; x_wconf 83' lang='lat' dir='ltr'><strong>ad</strong></span> <span class='ocrx_word' id='word_1_361' title='bbox 2369 2400 2747 2461; x_wconf 70' lang='lat' dir='ltr'><strong>pmniteutiam</strong></span> <span class='ocrx_word' id='word_1_362' title='bbox 2803 2401 2952 2451; x_wconf 89' lang='lat' dir='ltr'><strong>illum</strong></span> <span class='ocrx_word' id='word_1_363' title='bbox 2992 2402 3166 2453; x_wconf 87' lang='lat' dir='ltr'><strong>virum</strong></span> <span class='ocrx_word' id='word_1_364' title='bbox 3216 2420 3407 2469; x_wconf 48' lang='lat' dir='ltr'><strong>prove-</strong></span> 
     </span>
    </p>
   </div>
   <div class='ocr_carea' id='block_1_53' title="bbox 1832 2484 3403 2561">
    <p class='ocr_par' dir='ltr' id='par_1_53' title="bbox 1832 2484 3403 2561">
     <span class='ocr_line' id='line_1_53' title="bbox 1832 2484 3403 2561; baseline 0.009 -26"><span class='ocrx_word' id='word_1_365' title='bbox 1832 2484 2108 2543; x_wconf 80' lang='lat' dir='ltr'><strong>cundum;</strong></span> <span class='ocrx_word' id='word_1_366' title='bbox 2150 2486 2369 2546; x_wconf 87' lang='lat' dir='ltr'><strong>deinde,</strong></span> <span class='ocrx_word' id='word_1_367' title='bbox 2395 2489 2538 2554; x_wconf 85' lang='lat' dir='ltr'><strong>quod</strong></span> <span class='ocrx_word' id='word_1_368' title='bbox 2574 2504 2637 2540; x_wconf 74' lang='lat' dir='ltr'><strong>ex</strong></span> <span class='ocrx_word' id='word_1_369' title='bbox 2669 2489 2856 2543; x_wconf 78' lang='lat' dir='ltr'><strong>fratris</strong></span> <span class='ocrx_word' id='word_1_370' title='bbox 2890 2497 3045 2561; x_wconf 89' lang='lat' dir='ltr'><strong>lapsu</strong></span> <span class='ocrx_word' id='word_1_371' title='bbox 3089 2509 3403 2550; x_wconf 84' lang='lat' dir='ltr'><strong>cautionem</strong></span> 
     </span>
    </p>
   </div>
   <div class='ocr_carea' id='block_1_54' title="bbox 1835 2578 3407 2655">
    <p class='ocr_par' dir='ltr' id='par_1_54' title="bbox 1835 2578 3407 2655">
     <span class='ocr_line' id='line_1_54' title="bbox 1835 2578 3407 2655; baseline 0.006 -26"><span class='ocrx_word' id='word_1_372' title='bbox 1835 2578 1939 2630; x_wconf 66' lang='lat' dir='ltr'><strong>sibi</strong></span> <span class='ocrx_word' id='word_1_373' title='bbox 1974 2579 2027 2629; x_wconf 91' lang='lat' dir='ltr'><strong>in</strong></span> <span class='ocrx_word' id='word_1_374' title='bbox 2076 2588 2356 2646; x_wconf 87' lang='lat' dir='ltr'><strong>posterum</strong></span> <span class='ocrx_word' id='word_1_375' title='bbox 2423 2596 2616 2649; x_wconf 82' lang='lat' dir='ltr'><strong>parare</strong></span> <span class='ocrx_word' id='word_1_376' title='bbox 2676 2586 2950 2651; x_wconf 70' lang='lat' dir='ltr'><strong>cupiebat.</strong></span> <span class='ocrx_word' id='word_1_377' title='bbox 2983 2588 3071 2639; x_wconf 89' lang='lat' dir='ltr'><strong>Ide</strong></span> <span class='ocrx_word' id='word_1_378' title='bbox 3117 2590 3275 2655; x_wconf 61' lang='lat' dir='ltr'><strong>igitur</strong></span> <span class='ocrx_word' id='word_1_379' title='bbox 3334 2594 3407 2641; x_wconf 71' lang='lat' dir='ltr'><strong>Sir</strong></span> 
     </span>
    </p>
   </div>
   <div class='ocr_carea' id='block_1_55' title="bbox 1837 2672 2297 2739">
    <p class='ocr_par' dir='ltr' id='par_1_55' title="bbox 1837 2672 2297 2739">
     <span class='ocr_line' id='line_1_55' title="bbox 1837 2672 2297 2739; baseline 0.007 -19"><span class='ocrx_word' id='word_1_380' title='bbox 1837 2685 2061 2723; x_wconf 72' lang='lat' dir='ltr'><strong>narrare</strong></span> <span class='ocrx_word' id='word_1_381' title='bbox 2092 2672 2297 2739; x_wconf 76' lang='lat' dir='ltr'><strong>ccepit:</strong></span> 
     </span>
    </p>
   </div>
   <div class='ocr_carea' id='block_1_56' title="bbox 1905 2761 3411 2831">
    <p class='ocr_par' dir='ltr' id='par_1_56' title="bbox 1905 2761 3411 2831">
     <span class='ocr_line' id='line_1_56' title="bbox 1905 2761 3411 2831; baseline 0.012 -18"><span class='ocrx_word' id='word_1_382' title='bbox 1905 2761 2069 2815; x_wconf 72' lang='lat' dir='ltr'><strong>XXII.</strong></span> <span class='ocrx_word' id='word_1_383' title='bbox 2098 2763 2233 2816; x_wconf 92' lang='lat' dir='ltr'><strong>Cum</strong></span> <span class='ocrx_word' id='word_1_384' title='bbox 2274 2768 2665 2819; x_wconf 78' lang='lat' dir='ltr'><strong>exercitatione</strong></span> <span class='ocrx_word' id='word_1_385' title='bbox 2707 2786 2783 2821; x_wconf 72' lang='lat' dir='ltr'><strong>aet</strong></span> <span class='ocrx_word' id='word_1_386' title='bbox 2809 2784 2959 2825; x_wconf 74' lang='lat' dir='ltr'><strong>orata</strong></span> <span class='ocrx_word' id='word_1_387' title='bbox 3019 2784 3072 2824; x_wconf 82' lang='lat' dir='ltr'><strong>et</strong></span> <span class='ocrx_word' id='word_1_388' title='bbox 3128 2776 3278 2830; x_wconf 84' lang='lat' dir='ltr'><strong>valde</strong></span> <span class='ocrx_word' id='word_1_389' title='bbox 3336 2779 3411 2831; x_wconf 74' lang='lat' dir='ltr'><strong>Ia-</strong></span> 
     </span>
    </p>
   </div>
   <div class='ocr_carea' id='block_1_57' title="bbox 1834 2854 3401 2936">
    <p class='ocr_par' dir='ltr' id='par_1_57' title="bbox 1834 2854 3401 2936">
     <span class='ocr_line' id='line_1_57' title="bbox 1834 2854 3401 2936; baseline 0.011 -30"><span class='ocrx_word' id='word_1_390' title='bbox 1834 2854 2049 2907; x_wconf 79' lang='lat' dir='ltr'><strong>b0t&#39;i0sa</strong></span> <span class='ocrx_word' id='word_1_391' title='bbox 2089 2872 2219 2909; x_wconf 82' lang='lat' dir='ltr'><strong>n-us</strong></span> <span class='ocrx_word' id='word_1_392' title='bbox 2262 2856 2510 2921; x_wconf 87' lang='lat' dir='ltr'><strong>fuissem,</strong></span> <span class='ocrx_word' id='word_1_393' title='bbox 2562 2869 2617 2913; x_wconf 79' lang='lat' dir='ltr'><strong>et</strong></span> <span class='ocrx_word' id='word_1_394' title='bbox 2688 2862 2797 2914; x_wconf 81' lang='lat' dir='ltr'><strong>Deo</strong></span> <span class='ocrx_word' id='word_1_395' title='bbox 2851 2866 2949 2930; x_wconf 84' lang='lat' dir='ltr'>ipsi</span> <span class='ocrx_word' id='word_1_396' title='bbox 3006 2867 3401 2936; x_wconf 72' lang='lat' dir='ltr'><strong>quinquaginta</strong></span> 
     </span>
    </p>
   </div>
   <div class='ocr_carea' id='block_1_58' title="bbox 1832 2949 3405 3022">
    <p class='ocr_par' dir='ltr' id='par_1_58' title="bbox 1832 2949 3405 3022">
     <span class='ocr_line' id='line_1_58' title="bbox 1832 2949 3405 3022; baseline 0.01 -24"><span class='ocrx_word' id='word_1_397' title='bbox 1832 2962 2007 2999; x_wconf 79' lang='lat' dir='ltr'><strong>annos</strong></span> <span class='ocrx_word' id='word_1_398' title='bbox 2040 2949 2360 3003; x_wconf 73' lang='lat' dir='ltr'><strong>innocenter</strong></span> <span class='ocrx_word' id='word_1_399' title='bbox 2408 2952 2735 3017; x_wconf 76' lang='lat' dir='ltr'><strong>servissent;</strong></span> <span class='ocrx_word' id='word_1_400' title='bbox 2782 2966 3068 3022; x_wconf 79' lang='lat' dir='ltr'><strong>postquam</strong></span> <span class='ocrx_word' id='word_1_401' title='bbox 3124 2960 3346 3013; x_wconf 87' lang='lat' dir='ltr'><strong>multam</strong></span> <span class='ocrx_word' id='word_1_402' title='bbox 3378 2980 3405 3013; x_wconf 83' lang='lat' dir='ltr'><strong>a</strong></span> 
     </span>
    </p>
   </div>
   <div class='ocr_carea' id='block_1_59' title="bbox 1835 3040 3399 3121">
    <p class='ocr_par' dir='ltr' id='par_1_59' title="bbox 1835 3040 3399 3121">
     <span class='ocr_line' id='line_1_59' title="bbox 1835 3040 3399 3121; baseline 0.008 -30"><span class='ocrx_word' id='word_1_403' title='bbox 1835 3040 2068 3107; x_wconf 75' lang='lat' dir='ltr'><strong>benigno</strong></span> <span class='ocrx_word' id='word_1_404' title='bbox 2091 3042 2199 3093; x_wconf 63' lang='lat' dir='ltr'><strong>Deo</strong></span> <span class='ocrx_word' id='word_1_405' title='bbox 2227 3042 2453 3109; x_wconf 81' lang='lat' dir='ltr'><strong>gratiam</strong></span> <span class='ocrx_word' id='word_1_406' title='bbox 2485 3045 2689 3109; x_wconf 68' lang='lat' dir='ltr'><strong>accepi,</strong></span> <span class='ocrx_word' id='word_1_407' title='bbox 2721 3048 2997 3114; x_wconf 85' lang='lat' dir='ltr'><strong>multaque</strong></span> <span class='ocrx_word' id='word_1_408' title='bbox 3026 3050 3282 3104; x_wconf 81' lang='lat' dir='ltr'><strong>tuiracuia</strong></span> <span class='ocrx_word' id='word_1_409' title='bbox 3310 3069 3399 3121; x_wconf 76' lang='lat' dir='ltr'><strong>per</strong></span> 
     </span>
    </p>
   </div>
   <div class='ocr_carea' id='block_1_60' title="bbox 1834 3136 3400 3204">
    <p class='ocr_par' dir='ltr' id='par_1_60' title="bbox 1834 3136 3400 3204">
     <span class='ocr_line' id='line_1_60' title="bbox 1834 3136 3400 3204; baseline 0.006 -20"><span class='ocrx_word' id='word_1_410' title='bbox 1834 3149 1917 3185; x_wconf 87' lang='lat' dir='ltr'><strong>me</strong></span> <span class='ocrx_word' id='word_1_411' title='bbox 1947 3136 2237 3186; x_wconf 83' lang='lat' dir='ltr'><strong>scelestum</strong></span> <span class='ocrx_word' id='word_1_412' title='bbox 2294 3137 2531 3203; x_wconf 80' lang='lat' dir='ltr'><strong>perfecta</strong></span> <span class='ocrx_word' id='word_1_413' title='bbox 2559 3148 2687 3189; x_wconf 84' lang='lat' dir='ltr'><strong>sunt</strong></span> <span class='ocrx_word' id='word_1_414' title='bbox 2712 3157 2723 3199; x_wconf 82' lang='lat'>;</span> <span class='ocrx_word' id='word_1_415' title='bbox 2786 3151 3060 3204; x_wconf 73' lang='lat' dir='ltr'><strong>postremo</strong></span> <span class='ocrx_word' id='word_1_416' title='bbox 3102 3143 3327 3198; x_wconf 84' lang='lat' dir='ltr'><strong>Satanas</strong></span> <span class='ocrx_word' id='word_1_417' title='bbox 3352 3149 3400 3198; x_wconf 82' lang='grc' dir='ltr'>ιι.</span> 
     </span>
    </p>
   </div>
   <div class='ocr_carea' id='block_1_61' title="bbox 137 3227 1721 3304">
    <p class='ocr_par' dir='ltr' id='par_1_61' title="bbox 137 3227 1721 3304">
     <span class='ocr_line' id='line_1_61' title="bbox 137 3227 1721 3304; baseline 0.012 -31"><span class='ocrx_word' id='word_1_418' title='bbox 137 3227 420 3291; x_wconf 89' lang='lat' dir='ltr'><strong>quomodo</strong></span> <span class='ocrx_word' id='word_1_419' title='bbox 442 3237 631 3293; x_wconf 90' lang='lat' dir='ltr'><strong>potero</strong></span> <span class='ocrx_word' id='word_1_420' title='bbox 655 3229 705 3281; x_wconf 92' lang='lat' dir='ltr'><strong>iu</strong></span> <span class='ocrx_word' id='word_1_421' title='bbox 727 3232 925 3284; x_wconf 68' lang='lat' dir='ltr'><strong>caelum</strong></span> <span class='ocrx_word' id='word_1_422' title='bbox 951 3235 1140 3286; x_wconf 87' lang='lat' dir='ltr'><strong>oculos</strong></span> <span class='ocrx_word' id='word_1_423' title='bbox 1167 3238 1375 3304; x_wconf 77' lang='lat' dir='ltr'><strong>erigere</strong></span> <span class='ocrx_word' id='word_1_424' title='bbox 1395 3238 1415 3286; x_wconf 71' lang='lat'><strong>2’</strong></span> <span class='ocrx_word' id='word_1_425' title='bbox 1437 3238 1721 3301; x_wconf 85' lang='lat' dir='ltr'><strong>Quomodo</strong></span> 
     </span>
    </p>
   </div>
   <div class='ocr_carea' id='block_1_62' title="bbox 1831 3227 3405 3304">
    <p class='ocr_par' dir='ltr' id='par_1_62' title="bbox 1831 3228 3405 3303">
     <span class='ocr_line' id='line_1_62' title="bbox 1831 3228 3405 3303; baseline 0.01 -30"><span class='ocrx_word' id='word_1_426' title='bbox 1831 3228 2063 3294; x_wconf 82' lang='lat' dir='ltr'><strong>puellam</strong></span> <span class='ocrx_word' id='word_1_427' title='bbox 2107 3230 2395 3294; x_wconf 72' lang='lat' dir='ltr'><strong>quamdam</strong></span> <span class='ocrx_word' id='word_1_428' title='bbox 2458 3228 2733 3297; x_wconf 71' lang='lat' dir='ltr'><strong>ingressus</strong></span> <span class='ocrx_word' id='word_1_429' title='bbox 2780 3241 2860 3284; x_wconf 90' lang='lat' dir='ltr'><strong>est</strong></span> <span class='ocrx_word' id='word_1_430' title='bbox 2896 3249 2908 3284; x_wconf 90' lang='lat'>:</span> <span class='ocrx_word' id='word_1_431' title='bbox 2939 3236 3093 3303; x_wconf 87' lang='lat' dir='ltr'><strong>cujus</strong></span> <span class='ocrx_word' id='word_1_432' title='bbox 3152 3251 3405 3303; x_wconf 77' lang='lat' dir='ltr'><strong>parentes</strong></span> 
     </span>
    </p>
   </div>
   <div class='ocr_carea' id='block_1_63' title="bbox 139 3316 1719 3391">
    <p class='ocr_par' dir='ltr' id='par_1_63' title="bbox 139 3316 1719 3391">
     <span class='ocr_line' id='line_1_63' title="bbox 139 3316 1719 3391; baseline 0.013 -27"><span class='ocrx_word' id='word_1_433' title='bbox 139 3316 315 3381; x_wconf 81' lang='lat' dir='ltr'><strong>ipsius</strong></span> <span class='ocrx_word' id='word_1_434' title='bbox 372 3316 575 3371; x_wconf 73' lang='lat' dir='ltr'><strong>Chrisd</strong></span> <span class='ocrx_word' id='word_1_435' title='bbox 632 3322 845 3375; x_wconf 85' lang='lat' dir='ltr'><strong>Domini</strong></span> <span class='ocrx_word' id='word_1_436' title='bbox 904 3340 1103 3377; x_wconf 85' lang='lat' dir='ltr'><strong>nomen</strong></span> <span class='ocrx_word' id='word_1_437' title='bbox 1168 3329 1383 3381; x_wconf 86' lang='lat' dir='ltr'><strong>audebo</strong></span> <span class='ocrx_word' id='word_1_438' title='bbox 1444 3331 1719 3391; x_wconf 82' lang='lat' dir='ltr'><strong>invocare.</strong></span> 
     </span>
    </p>
   </div>
   <div class='ocr_carea' id='block_1_64' title="bbox 138 3410 1723 3481">
    <p class='ocr_par' dir='ltr' id='par_1_64' title="bbox 138 3410 1723 3481">
     <span class='ocr_line' id='line_1_64' title="bbox 138 3410 1723 3481; baseline 0.009 -22"><span class='ocrx_word' id='word_1_439' title='bbox 138 3422 308 3475; x_wconf 89' lang='lat' dir='ltr'><strong>quem</strong></span> <span class='ocrx_word' id='word_1_440' title='bbox 380 3410 668 3476; x_wconf 84' lang='lat' dir='ltr'><strong>rcprobavi</strong></span> <span class='ocrx_word' id='word_1_441' title='bbox 704 3427 767 3466; x_wconf 85' lang='lat' dir='ltr'><strong>ac</strong></span> <span class='ocrx_word' id='word_1_442' title='bbox 818 3413 1085 3481; x_wconf 88' lang='lat' dir='ltr'><strong>dereliqui</strong></span> <span class='ocrx_word' id='word_1_443' title='bbox 1112 3416 1133 3468; x_wconf 88' lang='lat'><strong>?</strong></span> <span class='ocrx_word' id='word_1_444' title='bbox 1161 3416 1447 3481; x_wconf 85' lang='lat' dir='ltr'><strong>Quomodo</strong></span> <span class='ocrx_word' id='word_1_445' title='bbox 1508 3420 1723 3473; x_wconf 90' lang='lat' dir='ltr'><strong>audebo</strong></span> 
     </span>
    </p>
   </div>
   <div class='ocr_carea' id='block_1_65' title="bbox 140 3494 1722 3575">
    <p class='ocr_par' dir='ltr' id='par_1_65' title="bbox 140 3494 1722 3575">
     <span class='ocr_line' id='line_1_65' title="bbox 140 3494 1722 3575; baseline 0.011 -29"><span class='ocrx_word' id='word_1_446' title='bbox 140 3494 349 3564; x_wconf 80' lang='lat' dir='ltr'><strong>aliquid</strong></span> <span class='ocrx_word' id='word_1_447' title='bbox 408 3513 473 3550; x_wconf 82' lang='lat' dir='ltr'><strong>ex</strong></span> <span class='ocrx_word' id='word_1_448' title='bbox 537 3500 707 3565; x_wconf 87' lang='lat' dir='ltr'><strong>ipsius</strong></span> <span class='ocrx_word' id='word_1_449' title='bbox 768 3501 926 3555; x_wconf 88' lang='lat' dir='ltr'><strong>bouis</strong></span> <span class='ocrx_word' id='word_1_450' title='bbox 991 3506 1283 3575; x_wconf 83' lang='lat' dir='ltr'><strong>attingere.</strong></span> <span class='ocrx_word' id='word_1_451' title='bbox 1323 3509 1413 3575; x_wconf 90' lang='lat' dir='ltr'><strong>qui</strong></span> <span class='ocrx_word' id='word_1_452' title='bbox 1463 3511 1643 3562; x_wconf 90' lang='lat' dir='ltr'><strong>anima</strong></span> <span class='ocrx_word' id='word_1_453' title='bbox 1669 3520 1722 3563; x_wconf 90' lang='lat' dir='ltr'><strong>et</strong></span> 
     </span>
    </p>
   </div>
   <div class='ocr_carea' id='block_1_66' title="bbox 140 3592 1721 3669">
    <p class='ocr_par' dir='ltr' id='par_1_66' title="bbox 140 3592 1721 3669">
     <span class='ocr_line' id='line_1_66' title="bbox 140 3592 1721 3669; baseline 0.009 -28"><span class='ocrx_word' id='word_1_454' title='bbox 140 3603 382 3658; x_wconf 78' lang='lat' dir='ltr'><strong>corpore</strong></span> <span class='ocrx_word' id='word_1_455' title='bbox 422 3592 636 3645; x_wconf 86' lang='lat' dir='ltr'><strong>adulter</strong></span> <span class='ocrx_word' id='word_1_456' title='bbox 664 3606 854 3646; x_wconf 86' lang='lat' dir='ltr'><strong>contra</strong></span> <span class='ocrx_word' id='word_1_457' title='bbox 898 3598 1071 3665; x_wconf 84' lang='lat' dir='ltr'><strong>ipsum</strong></span> <span class='ocrx_word' id='word_1_458' title='bbox 1126 3599 1220 3658; x_wconf 88' lang='lat' dir='ltr'><strong>fui.</strong></span> <span class='ocrx_word' id='word_1_459' title='bbox 1260 3610 1313 3652; x_wconf 91' lang='lat' dir='ltr'><strong>et</strong></span> <span class='ocrx_word' id='word_1_460' title='bbox 1348 3600 1721 3669; x_wconf 84' lang='lat' dir='ltr'><strong>intemperan-</strong></span> 
     </span>
    </p>
   </div>
   <div class='ocr_carea' id='block_1_67' title="bbox 141 3683 1721 3763">
    <p class='ocr_par' dir='ltr' id='par_1_67' title="bbox 141 3683 1721 3763">
     <span class='ocr_line' id='line_1_67' title="bbox 141 3683 1721 3763; baseline 0.01 -29"><span class='ocrx_word' id='word_1_461' title='bbox 141 3683 230 3735; x_wconf 79' lang='lat' dir='ltr'><strong>tia:</strong></span> <span class='ocrx_word' id='word_1_462' title='bbox 261 3684 588 3738; x_wconf 86' lang='lat' dir='ltr'><strong>libidinibus</strong></span> <span class='ocrx_word' id='word_1_463' title='bbox 633 3688 897 3755; x_wconf 88' lang='lat' dir='ltr'><strong>meipsum</strong></span> <span class='ocrx_word' id='word_1_464' title='bbox 949 3692 1268 3745; x_wconf 85' lang='lat' dir='ltr'><strong>commiseui</strong></span> <span class='ocrx_word' id='word_1_465' title='bbox 1296 3693 1584 3763; x_wconf 85' lang='lat' dir='ltr'><strong>?Cumque</strong></span> <span class='ocrx_word' id='word_1_466' title='bbox 1610 3711 1721 3749; x_wconf 73' lang='lat' dir='ltr'><strong>ca:-</strong></span> 
     </span>
    </p>
   </div>
   <div class='ocr_carea' id='block_1_68' title="bbox 139 3772 1723 3848">
    <p class='ocr_par' dir='ltr' id='par_1_68' title="bbox 139 3772 1723 3848">
     <span class='ocr_line' id='line_1_68' title="bbox 139 3772 1723 3848; baseline 0.01 -24"><span class='ocrx_word' id='word_1_467' title='bbox 139 3772 311 3840; x_wconf 86' lang='lat' dir='ltr'><strong>pisset</strong></span> <span class='ocrx_word' id='word_1_468' title='bbox 356 3792 603 3837; x_wconf 85' lang='lat' dir='ltr'><strong>narrare.</strong></span> <span class='ocrx_word' id='word_1_469' title='bbox 666 3794 775 3846; x_wconf 91' lang='lat' dir='ltr'><strong>quo</strong></span> <span class='ocrx_word' id='word_1_470' title='bbox 837 3790 996 3847; x_wconf 87' lang='lat' dir='ltr'><strong>pacto</strong></span> <span class='ocrx_word' id='word_1_471' title='bbox 1052 3797 1142 3833; x_wconf 88' lang='lat' dir='ltr'><strong>res</strong></span> <span class='ocrx_word' id='word_1_472' title='bbox 1186 3798 1243 3836; x_wconf 86' lang='lat' dir='ltr'><strong>se</strong></span> <span class='ocrx_word' id='word_1_473' title='bbox 1297 3783 1584 3848; x_wconf 81' lang='lat' dir='ltr'><strong>habuerat,</strong></span> <span class='ocrx_word' id='word_1_474' title='bbox 1619 3788 1723 3840; x_wconf 88' lang='lat' dir='ltr'><strong>illis</strong></span> 
     </span>
    </p>
   </div>
   <div class='ocr_carea' id='block_1_69' title="bbox 139 3867 1721 3940">
    <p class='ocr_par' dir='ltr' id='par_1_69' title="bbox 139 3867 1721 3940">
     <span class='ocr_line' id='line_1_69' title="bbox 139 3867 1721 3940; baseline 0.011 -26"><span class='ocrx_word' id='word_1_475' title='bbox 139 3867 326 3918; x_wconf 89' lang='lat' dir='ltr'><strong>omnia</strong></span> <span class='ocrx_word' id='word_1_476' title='bbox 376 3867 665 3922; x_wconf 68' lang='lat' dir='ltr'><strong>confessus</strong></span> <span class='ocrx_word' id='word_1_477' title='bbox 717 3880 794 3923; x_wconf 87' lang='lat' dir='ltr'><strong>est</strong></span> <span class='ocrx_word' id='word_1_478' title='bbox 846 3888 858 3923; x_wconf 92' lang='lat'>:</span> <span class='ocrx_word' id='word_1_479' title='bbox 894 3874 985 3940; x_wconf 90' lang='lat' dir='ltr'><strong>qui</strong></span> <span class='ocrx_word' id='word_1_480' title='bbox 1024 3876 1191 3927; x_wconf 89' lang='lat' dir='ltr'><strong>multa</strong></span> <span class='ocrx_word' id='word_1_481' title='bbox 1248 3878 1465 3928; x_wconf 85' lang='lat' dir='ltr'><strong>tristitia</strong></span> <span class='ocrx_word' id='word_1_482' title='bbox 1502 3880 1570 3930; x_wconf 92' lang='lat' dir='ltr'><strong>ob</strong></span> <span class='ocrx_word' id='word_1_483' title='bbox 1604 3894 1721 3931; x_wconf 85' lang='lat' dir='ltr'><strong>eam</strong></span> 
     </span>
    </p>
   </div>
   <div class='ocr_carea' id='block_1_70' title="bbox 142 3957 1724 4037">
    <p class='ocr_par' dir='ltr' id='par_1_70' title="bbox 142 3957 1724 4037">
     <span class='ocr_line' id='line_1_70' title="bbox 142 3957 1724 4037; baseline 0.01 -29"><span class='ocrx_word' id='word_1_484' title='bbox 142 3971 255 4009; x_wconf 88' lang='lat' dir='ltr'><strong>rem</strong></span> <span class='ocrx_word' id='word_1_485' title='bbox 314 3957 519 4021; x_wconf 70' lang='lat' dir='ltr'><strong>affecti,</strong></span> <span class='ocrx_word' id='word_1_486' title='bbox 576 3971 630 4013; x_wconf 90' lang='lat' dir='ltr'><strong>et</strong></span> <span class='ocrx_word' id='word_1_487' title='bbox 685 3962 792 4023; x_wconf 89' lang='lat' dir='ltr'><strong>his.</strong></span> <span class='ocrx_word' id='word_1_488' title='bbox 843 3979 962 4031; x_wconf 70' lang='lat' dir='ltr'><strong>qua:</strong></span> <span class='ocrx_word' id='word_1_489' title='bbox 1008 3966 1243 4019; x_wconf 82' lang='lat' dir='ltr'><strong>diver5ts</strong></span> <span class='ocrx_word' id='word_1_490' title='bbox 1298 3968 1474 4020; x_wconf 90' lang='lat' dir='ltr'><strong>modis</strong></span> <span class='ocrx_word' id='word_1_491' title='bbox 1536 3986 1724 4037; x_wconf 86' lang='lat' dir='ltr'><strong>passus</strong></span> 
     </span>
    </p>
   </div>
   <div class='ocr_carea' id='block_1_71' title="bbox 142 4048 1718 4121">
    <p class='ocr_par' dir='ltr' id='par_1_71' title="bbox 142 4048 1718 4121">
     <span class='ocr_line' id='line_1_71' title="bbox 142 4048 1718 4121; baseline 0.011 -22"><span class='ocrx_word' id='word_1_492' title='bbox 142 4048 348 4111; x_wconf 83' lang='lat' dir='ltr'><strong>fuerat.</strong></span> <span class='ocrx_word' id='word_1_493' title='bbox 394 4055 674 4114; x_wconf 80' lang='lat' dir='ltr'><strong>commoti,</strong></span> <span class='ocrx_word' id='word_1_494' title='bbox 705 4071 802 4121; x_wconf 84' lang='lat' dir='ltr'><strong>pro</strong></span> <span class='ocrx_word' id='word_1_495' title='bbox 837 4058 1050 4110; x_wconf 85' lang='lat' dir='ltr'><strong>viribus</strong></span> <span class='ocrx_word' id='word_1_496' title='bbox 1101 4076 1226 4112; x_wconf 92' lang='lat' dir='ltr'><strong>eum</strong></span> <span class='ocrx_word' id='word_1_497' title='bbox 1256 4063 1520 4114; x_wconf 82' lang='lat' dir='ltr'><strong>consolati</strong></span> <span class='ocrx_word' id='word_1_498' title='bbox 1575 4075 1718 4116; x_wconf 90' lang='lat' dir='ltr'><strong>sunt.</strong></span> 
     </span>
    </p>
   </div>
   <div class='ocr_carea' id='block_1_72' title="bbox 141 4138 1723 4222">
    <p class='ocr_par' dir='ltr' id='par_1_72' title="bbox 141 4138 1723 4222">
     <span class='ocr_line' id='line_1_72' title="bbox 141 4138 1723 4222; baseline 0.009 -29"><span class='ocrx_word' id='word_1_499' title='bbox 141 4138 391 4209; x_wconf 86' lang='lat' dir='ltr'><strong>Cumque</strong></span> <span class='ocrx_word' id='word_1_500' title='bbox 419 4144 831 4201; x_wconf 83' lang='lat' dir='ltr'><strong>benedictiones</strong></span> <span class='ocrx_word' id='word_1_501' title='bbox 860 4150 908 4201; x_wconf 89' lang='lat' dir='ltr'><strong>ei</strong></span> <span class='ocrx_word' id='word_1_502' title='bbox 934 4152 1231 4206; x_wconf 87' lang='lat' dir='ltr'><strong>dedissent.</strong></span> <span class='ocrx_word' id='word_1_503' title='bbox 1264 4164 1317 4205; x_wconf 92' lang='lat' dir='ltr'><strong>et</strong></span> <span class='ocrx_word' id='word_1_504' title='bbox 1346 4154 1545 4206; x_wconf 85' lang='lat' dir='ltr'><strong>multas</strong></span> <span class='ocrx_word' id='word_1_505' title='bbox 1564 4166 1723 4222; x_wconf 83' lang='lat' dir='ltr'><strong>atque</strong></span> 
     </span>
    </p>
   </div>
   <div class='ocr_carea' id='block_1_73' title="bbox 144 4239 1723 4303">
    <p class='ocr_par' dir='ltr' id='par_1_73' title="bbox 144 4239 1723 4303">
     <span class='ocr_line' id='line_1_73' title="bbox 144 4239 1723 4303; baseline 0.008 -20"><span class='ocrx_word' id='word_1_506' title='bbox 144 4241 386 4285; x_wconf 81' lang='lat' dir='ltr'><strong>attentas</strong></span> <span class='ocrx_word' id='word_1_507' title='bbox 415 4249 609 4300; x_wconf 86' lang='lat' dir='ltr'><strong>preces</strong></span> <span class='ocrx_word' id='word_1_508' title='bbox 640 4252 740 4302; x_wconf 90' lang='lat' dir='ltr'><strong>pro</strong></span> <span class='ocrx_word' id='word_1_509' title='bbox 769 4252 838 4290; x_wconf 91' lang='lat' dir='ltr'><strong>eo</strong></span> <span class='ocrx_word' id='word_1_510' title='bbox 862 4244 927 4291; x_wconf 85' lang='lat' dir='ltr'><strong>ad</strong></span> <span class='ocrx_word' id='word_1_511' title='bbox 962 4239 1131 4293; x_wconf 84' lang='lat' dir='ltr'><strong>Dcum</strong></span> <span class='ocrx_word' id='word_1_512' title='bbox 1174 4244 1470 4303; x_wconf 87' lang='lat' dir='ltr'><strong>misissent.</strong></span> <span class='ocrx_word' id='word_1_513' title='bbox 1500 4260 1528 4296; x_wconf 84' lang='lat' dir='ltr'><strong>a</strong></span> <span class='ocrx_word' id='word_1_514' title='bbox 1556 4259 1614 4297; x_wconf 87' lang='lat' dir='ltr'><strong>se</strong></span> <span class='ocrx_word' id='word_1_515' title='bbox 1637 4244 1723 4298; x_wconf 86' lang='lat' dir='ltr'><strong>di-</strong></span> 
     </span>
    </p>
   </div>
   <div class='ocr_carea' id='block_1_74' title="bbox 144 4332 439 4374">
    <p class='ocr_par' dir='ltr' id='par_1_74' title="bbox 144 4332 439 4374">
     <span class='ocr_line' id='line_1_74' title="bbox 144 4332 439 4374; baseline 0.007 -3"><span class='ocrx_word' id='word_1_516' title='bbox 144 4332 439 4374; x_wconf 66' lang='grc' dir='ltr'>ηιιδετυιιι.</span> 
     </span>
    </p>
   </div>
   <div class='ocr_carea' id='block_1_75' title="bbox 211 4430 1721 4513">
    <p class='ocr_par' dir='ltr' id='par_1_75' title="bbox 211 4430 1721 4513">
     <span class='ocr_line' id='line_1_75' title="bbox 211 4430 1721 4513; baseline 0.009 -27"><span class='ocrx_word' id='word_1_517' title='bbox 211 4430 332 4486; x_wconf 75' lang='lat' dir='ltr'><strong>XX.</strong></span> <span class='ocrx_word' id='word_1_518' title='bbox 370 4430 509 4486; x_wconf 89' lang='lat' dir='ltr'><strong>Cum</strong></span> <span class='ocrx_word' id='word_1_519' title='bbox 568 4444 749 4487; x_wconf 82' lang='lat' dir='ltr'><strong>autem</strong></span> <span class='ocrx_word' id='word_1_520' title='bbox 785 4436 889 4490; x_wconf 91' lang='lat' dir='ltr'><strong>iter</strong></span> <span class='ocrx_word' id='word_1_521' title='bbox 943 4438 1167 4504; x_wconf 88' lang='lat' dir='ltr'><strong>faceret,</strong></span> <span class='ocrx_word' id='word_1_522' title='bbox 1205 4440 1366 4497; x_wconf 83' lang='lat' dir='ltr'><strong>frater</strong></span> <span class='ocrx_word' id='word_1_523' title='bbox 1419 4445 1642 4513; x_wconf 79' lang='lat' dir='ltr'><strong>quidam</strong></span> <span class='ocrx_word' id='word_1_524' title='bbox 1671 4448 1721 4501; x_wconf 86' lang='lat' dir='ltr'><strong>ei</strong></span> 
     </span>
    </p>
   </div>
   <div class='ocr_carea' id='block_1_76' title="bbox 144 4524 1718 4603">
    <p class='ocr_par' dir='ltr' id='par_1_76' title="bbox 144 4524 1718 4603">
     <span class='ocr_line' id='line_1_76' title="bbox 144 4524 1718 4603; baseline 0.009 -29"><span class='ocrx_word' id='word_1_525' title='bbox 144 4535 410 4583; x_wconf 84' lang='lat' dir='ltr'><strong>occurrit,</strong></span> <span class='ocrx_word' id='word_1_526' title='bbox 448 4538 577 4577; x_wconf 86' lang='lat' dir='ltr'><strong>vere</strong></span> <span class='ocrx_word' id='word_1_527' title='bbox 607 4524 888 4581; x_wconf 86' lang='lat' dir='ltr'><strong>Christum</strong></span> <span class='ocrx_word' id='word_1_528' title='bbox 918 4530 971 4582; x_wconf 91' lang='lat' dir='ltr'><strong>in</strong></span> <span class='ocrx_word' id='word_1_529' title='bbox 994 4532 1177 4598; x_wconf 83' lang='lat' dir='ltr'><strong>seipse</strong></span> <span class='ocrx_word' id='word_1_530' title='bbox 1201 4532 1408 4587; x_wconf 88' lang='lat' dir='ltr'><strong>habens</strong></span> <span class='ocrx_word' id='word_1_531' title='bbox 1437 4553 1447 4585; x_wconf 94' lang='lat'><strong>:</strong></span> <span class='ocrx_word' id='word_1_532' title='bbox 1473 4537 1567 4603; x_wconf 86' lang='lat' dir='ltr'><strong>qui</strong></span> <span class='ocrx_word' id='word_1_533' title='bbox 1595 4551 1718 4589; x_wconf 91' lang='lat' dir='ltr'><strong>cum</strong></span> 
     </span>
    </p>
   </div>
   <div class='ocr_carea' id='block_1_77' title="bbox 1830 3318 3404 3389">
    <p class='ocr_par' dir='ltr' id='par_1_77' title="bbox 1830 3318 3404 3389">
     <span class='ocr_line' id='line_1_77' title="bbox 1830 3318 3404 3389; baseline 0.01 -21"><span class='ocrx_word' id='word_1_534' title='bbox 1830 3334 1952 3369; x_wconf 89' lang='lat' dir='ltr'><strong>eum</strong></span> <span class='ocrx_word' id='word_1_535' title='bbox 1989 3318 2329 3371; x_wconf 73' lang='lat' dir='ltr'><strong>audivissent</strong></span> <span class='ocrx_word' id='word_1_536' title='bbox 2357 3320 2560 3371; x_wconf 76' lang='lat' dir='ltr'><strong>Christi</strong></span> <span class='ocrx_word' id='word_1_537' title='bbox 2596 3323 2825 3388; x_wconf 67' lang='lat' dir='ltr'><strong>gratiam</strong></span> <span class='ocrx_word' id='word_1_538' title='bbox 2858 3325 2991 3376; x_wconf 89' lang='lat' dir='ltr'><strong>mihi</strong></span> <span class='ocrx_word' id='word_1_539' title='bbox 3020 3328 3232 3389; x_wconf 81' lang='lat' dir='ltr'><strong>adesse.</strong></span> <span class='ocrx_word' id='word_1_540' title='bbox 3258 3330 3404 3384; x_wconf 84' lang='lat' dir='ltr'><strong>illam</strong></span> 
     </span>
    </p>
   </div>
   <div class='ocr_carea' id='block_1_78' title="bbox 1827 3408 3405 3485">
    <p class='ocr_par' dir='ltr' id='par_1_78' title="bbox 1827 3408 3405 3485">
     <span class='ocr_line' id='line_1_78' title="bbox 1827 3408 3405 3485; baseline 0.009 -25"><span class='ocrx_word' id='word_1_541' title='bbox 1827 3408 1892 3460; x_wconf 86' lang='lat' dir='ltr'><strong>ad</strong></span> <span class='ocrx_word' id='word_1_542' title='bbox 1938 3425 2020 3460; x_wconf 91' lang='lat' dir='ltr'><strong>me</strong></span> <span class='ocrx_word' id='word_1_543' title='bbox 2056 3410 2328 3461; x_wconf 75' lang='lat' dir='ltr'><strong>duxerunt</strong></span> <span class='ocrx_word' id='word_1_544' title='bbox 2372 3423 2429 3462; x_wconf 89' lang='lat' dir='ltr'><strong>ut</strong></span> <span class='ocrx_word' id='word_1_545' title='bbox 2456 3414 2633 3464; x_wconf 86' lang='lat' dir='ltr'><strong>curari</strong></span> <span class='ocrx_word' id='word_1_546' title='bbox 2685 3425 2886 3481; x_wconf 86' lang='lat' dir='ltr'><strong>posset.</strong></span> <span class='ocrx_word' id='word_1_547' title='bbox 2925 3415 3174 3485; x_wconf 85' lang='lat' dir='ltr'><strong>Cumque</strong></span> <span class='ocrx_word' id='word_1_548' title='bbox 3205 3436 3289 3473; x_wconf 92' lang='lat' dir='ltr'><strong>me</strong></span> <span class='ocrx_word' id='word_1_549' title='bbox 3317 3436 3405 3475; x_wconf 89' lang='lat' dir='ltr'><strong>ro-</strong></span> 
     </span>
    </p>
   </div>
   <div class='ocr_carea' id='block_1_79' title="bbox 1827 3504 3403 3573">
    <p class='ocr_par' dir='ltr' id='par_1_79' title="bbox 1827 3504 3403 3573">
     <span class='ocr_line' id='line_1_79' title="bbox 1827 3504 3403 3573; baseline 0.01 -21"><span class='ocrx_word' id='word_1_550' title='bbox 1827 3511 2065 3569; x_wconf 77' lang='lat' dir='ltr'><strong>gassent,</strong></span> <span class='ocrx_word' id='word_1_551' title='bbox 2100 3511 2157 3553; x_wconf 92' lang='lat' dir='ltr'><strong>ut</strong></span> <span class='ocrx_word' id='word_1_552' title='bbox 2189 3518 2286 3569; x_wconf 89' lang='lat' dir='ltr'><strong>pro</strong></span> <span class='ocrx_word' id='word_1_553' title='bbox 2339 3504 2427 3555; x_wconf 90' lang='lat' dir='ltr'><strong>illa</strong></span> <span class='ocrx_word' id='word_1_554' title='bbox 2485 3505 2651 3556; x_wconf 78' lang='lat' dir='ltr'><strong>Deum</strong></span> <span class='ocrx_word' id='word_1_555' title='bbox 2690 3522 2926 3566; x_wconf 86' lang='lat' dir='ltr'><strong>orarent.</strong></span> <span class='ocrx_word' id='word_1_556' title='bbox 2967 3510 3015 3561; x_wconf 84' lang='lat' dir='ltr'><strong>id</strong></span> <span class='ocrx_word' id='word_1_557' title='bbox 3046 3510 3179 3573; x_wconf 87' lang='lat' dir='ltr'><strong>feci;</strong></span> <span class='ocrx_word' id='word_1_558' title='bbox 3235 3523 3289 3567; x_wconf 90' lang='lat' dir='ltr'><strong>et</strong></span> <span class='ocrx_word' id='word_1_559' title='bbox 3320 3513 3403 3567; x_wconf 69' lang='lat' dir='ltr'><strong>di~</strong></span> 
     </span>
    </p>
   </div>
   <div class='ocr_carea' id='block_1_80' title="bbox 1830 3593 3402 3668">
    <p class='ocr_par' dir='ltr' id='par_1_80' title="bbox 1830 3593 3402 3668">
     <span class='ocr_line' id='line_1_80' title="bbox 1830 3593 3402 3668; baseline 0.012 -27"><span class='ocrx_word' id='word_1_560' title='bbox 1830 3593 1951 3644; x_wconf 87' lang='lat' dir='ltr'><strong>vina</strong></span> <span class='ocrx_word' id='word_1_561' title='bbox 1985 3610 2084 3660; x_wconf 89' lang='lat' dir='ltr'><strong>opc</strong></span> <span class='ocrx_word' id='word_1_562' title='bbox 2119 3600 2322 3646; x_wconf 83' lang='lat' dir='ltr'><strong>laetum</strong></span> <span class='ocrx_word' id='word_1_563' title='bbox 2353 3606 2455 3657; x_wconf 89' lang='lat' dir='ltr'><strong>est,</strong></span> <span class='ocrx_word' id='word_1_564' title='bbox 2513 3608 2569 3649; x_wconf 89' lang='lat' dir='ltr'><strong>ut</strong></span> <span class='ocrx_word' id='word_1_565' title='bbox 2622 3598 2871 3666; x_wconf 87' lang='lat' dir='ltr'><strong>impurus</strong></span> <span class='ocrx_word' id='word_1_566' title='bbox 2918 3603 3146 3668; x_wconf 83' lang='lat' dir='ltr'><strong>Spiritus</strong></span> <span class='ocrx_word' id='word_1_567' title='bbox 3191 3606 3259 3658; x_wconf 89' lang='lat' dir='ltr'><strong>ab</strong></span> <span class='ocrx_word' id='word_1_568' title='bbox 3313 3607 3402 3660; x_wconf 69' lang='lat' dir='ltr'><strong>illa</strong></span> 
     </span>
    </p>
   </div>
   <div class='ocr_carea' id='block_1_81' title="bbox 1827 3684 3398 3765">
    <p class='ocr_par' dir='ltr' id='par_1_81' title="bbox 1827 3684 3398 3765">
     <span class='ocr_line' id='line_1_81' title="bbox 1827 3684 3398 3765; baseline 0.009 -28"><span class='ocrx_word' id='word_1_569' title='bbox 1827 3684 2153 3737; x_wconf 81' lang='lat' dir='ltr'><strong>diseederet.</strong></span> <span class='ocrx_word' id='word_1_570' title='bbox 2186 3687 2261 3738; x_wconf 85' lang='lat' dir='ltr'><strong>Illi</strong></span> <span class='ocrx_word' id='word_1_571' title='bbox 2290 3704 2412 3739; x_wconf 89' lang='lat' dir='ltr'><strong>eum</strong></span> <span class='ocrx_word' id='word_1_572' title='bbox 2442 3690 2666 3742; x_wconf 80' lang='lat' dir='ltr'><strong>ontuiuo</strong></span> <span class='ocrx_word' id='word_1_573' title='bbox 2701 3706 2818 3743; x_wconf 88' lang='lat' dir='ltr'><strong>eam</strong></span> <span class='ocrx_word' id='word_1_574' title='bbox 2868 3695 3049 3746; x_wconf 87' lang='lat' dir='ltr'><strong>curari</strong></span> <span class='ocrx_word' id='word_1_575' title='bbox 3106 3710 3398 3765; x_wconf 89' lang='lat' dir='ltr'><strong>cuperent.</strong></span> 
     </span>
    </p>
   </div>
   <div class='ocr_carea' id='block_1_82' title="bbox 1828 3776 3401 3859">
    <p class='ocr_par' dir='ltr' id='par_1_82' title="bbox 1828 3776 3401 3859">
     <span class='ocr_line' id='line_1_82' title="bbox 1828 3776 3401 3859; baseline 0.011 -33"><span class='ocrx_word' id='word_1_576' title='bbox 1828 3776 1966 3827; x_wconf 87' lang='lat' dir='ltr'><strong>duos</strong></span> <span class='ocrx_word' id='word_1_577' title='bbox 1998 3777 2113 3829; x_wconf 88' lang='lat' dir='ltr'><strong>dies</strong></span> <span class='ocrx_word' id='word_1_578' title='bbox 2142 3779 2281 3842; x_wconf 82' lang='lat' dir='ltr'><strong>apud</strong></span> <span class='ocrx_word' id='word_1_579' title='bbox 2328 3795 2411 3832; x_wconf 89' lang='lat' dir='ltr'><strong>me</strong></span> <span class='ocrx_word' id='word_1_580' title='bbox 2464 3782 2696 3846; x_wconf 82' lang='lat' dir='ltr'><strong>puellam</strong></span> <span class='ocrx_word' id='word_1_581' title='bbox 2758 3782 3128 3851; x_wconf 79' lang='lat' dir='ltr'><strong>reliquerunt,</strong></span> <span class='ocrx_word' id='word_1_582' title='bbox 3185 3789 3401 3859; x_wconf 82' lang='lat' dir='ltr'><strong>ipsique</strong></span> 
     </span>
    </p>
   </div>
   <div class='ocr_carea' id='block_1_83' title="bbox 1832 3868 3400 3935">
    <p class='ocr_par' dir='ltr' id='par_1_83' title="bbox 1832 3868 3400 3935">
     <span class='ocr_line' id='line_1_83' title="bbox 1832 3868 3400 3935; baseline 0.011 -17"><span class='ocrx_word' id='word_1_583' title='bbox 1832 3868 1882 3918; x_wconf 91' lang='lat' dir='ltr'><strong>in</strong></span> <span class='ocrx_word' id='word_1_584' title='bbox 1911 3868 2129 3919; x_wconf 87' lang='lat' dir='ltr'><strong>domum</strong></span> <span class='ocrx_word' id='word_1_585' title='bbox 2154 3886 2307 3920; x_wconf 88' lang='lat' dir='ltr'><strong>suam</strong></span> <span class='ocrx_word' id='word_1_586' title='bbox 2327 3874 2531 3923; x_wconf 81' lang='lat' dir='ltr'><strong>reversi</strong></span> <span class='ocrx_word' id='word_1_587' title='bbox 2556 3884 2701 3924; x_wconf 87' lang='lat' dir='ltr'><strong>sunt.</strong></span> <span class='ocrx_word' id='word_1_588' title='bbox 2737 3874 2915 3929; x_wconf 80' lang='lat' dir='ltr'><strong>Mente</strong></span> <span class='ocrx_word' id='word_1_589' title='bbox 2938 3893 3067 3930; x_wconf 89' lang='lat' dir='ltr'><strong>veru</strong></span> <span class='ocrx_word' id='word_1_590' title='bbox 3090 3895 3400 3935; x_wconf 72' lang='lat' dir='ltr'><strong>excaecatus</strong></span> 
     </span>
    </p>
   </div>
   <div class='ocr_carea' id='block_1_84' title="bbox 1826 3962 3397 4036">
    <p class='ocr_par' dir='ltr' id='par_1_84' title="bbox 1826 3962 3397 4036">
     <span class='ocr_line' id='line_1_84' title="bbox 1826 3962 3397 4036; baseline 0.011 -25"><span class='ocrx_word' id='word_1_591' title='bbox 1826 3976 1947 4029; x_wconf 78' lang='lat' dir='ltr'><strong>ego.</strong></span> <span class='ocrx_word' id='word_1_592' title='bbox 1983 3962 2048 4013; x_wconf 89' lang='lat' dir='ltr'><strong>ad</strong></span> <span class='ocrx_word' id='word_1_593' title='bbox 2079 3963 2219 4014; x_wconf 80' lang='lat' dir='ltr'><strong>illam</strong></span> <span class='ocrx_word' id='word_1_594' title='bbox 2259 3963 2390 4022; x_wconf 80' lang='lat' dir='ltr'><strong>exii.</strong></span> <span class='ocrx_word' id='word_1_595' title='bbox 2423 3974 2477 4016; x_wconf 91' lang='lat' dir='ltr'><strong>et</strong></span> <span class='ocrx_word' id='word_1_596' title='bbox 2528 3965 2774 4019; x_wconf 88' lang='lat' dir='ltr'><strong>libidinis</strong></span> <span class='ocrx_word' id='word_1_597' title='bbox 2808 3970 3032 4022; x_wconf 88' lang='lat' dir='ltr'><strong>stimulo</strong></span> <span class='ocrx_word' id='word_1_598' title='bbox 3086 3984 3397 4036; x_wconf 86' lang='lat' dir='ltr'><strong>superatus.</strong></span> 
     </span>
    </p>
   </div>
   <div class='ocr_carea' id='block_1_85' title="bbox 1827 4053 3400 4133">
    <p class='ocr_par' dir='ltr' id='par_1_85' title="bbox 1827 4053 3400 4133">
     <span class='ocr_line' id='line_1_85' title="bbox 1827 4053 3400 4133; baseline 0.01 -29"><span class='ocrx_word' id='word_1_599' title='bbox 1827 4068 2005 4119; x_wconf 89' lang='lat' dir='ltr'><strong>neque</strong></span> <span class='ocrx_word' id='word_1_600' title='bbox 2044 4053 2210 4105; x_wconf 93' lang='lat' dir='ltr'><strong>Deum</strong></span> <span class='ocrx_word' id='word_1_601' title='bbox 2241 4054 2371 4107; x_wconf 87' lang='lat' dir='ltr'><strong>hora</strong></span> <span class='ocrx_word' id='word_1_602' title='bbox 2402 4056 2490 4107; x_wconf 85' lang='lat' dir='ltr'><strong>illa</strong></span> <span class='ocrx_word' id='word_1_603' title='bbox 2512 4056 2562 4107; x_wconf 92' lang='lat' dir='ltr'><strong>in</strong></span> <span class='ocrx_word' id='word_1_604' title='bbox 2592 4070 2772 4111; x_wconf 86' lang='lat' dir='ltr'><strong>tuente</strong></span> <span class='ocrx_word' id='word_1_605' title='bbox 2796 4061 3023 4117; x_wconf 83' lang='lat' dir='ltr'><strong>habens.</strong></span> <span class='ocrx_word' id='word_1_606' title='bbox 3055 4079 3231 4132; x_wconf 80' lang='lat' dir='ltr'><strong>neque</strong></span> <span class='ocrx_word' id='word_1_607' title='bbox 3255 4070 3400 4133; x_wconf 69' lang='lat' dir='ltr'><strong>quod</strong></span> 
     </span>
    </p>
   </div>
   <div class='ocr_carea' id='block_1_86' title="bbox 1831 4146 3400 4222">
    <p class='ocr_par' dir='ltr' id='par_1_86' title="bbox 1831 4146 3400 4222">
     <span class='ocr_line' id='line_1_86' title="bbox 1831 4146 3400 4222; baseline 0.009 -27"><span class='ocrx_word' id='word_1_608' title='bbox 1831 4154 1937 4195; x_wconf 89' lang='lat' dir='ltr'><strong>tam</strong></span> <span class='ocrx_word' id='word_1_609' title='bbox 2016 4146 2292 4198; x_wconf 68' lang='lat' dir='ltr'><strong>diuturnre</strong></span> <span class='ocrx_word' id='word_1_610' title='bbox 2367 4149 2782 4203; x_wconf 75' lang='lat' dir='ltr'><strong>exercitationis</strong></span> <span class='ocrx_word' id='word_1_611' title='bbox 2852 4153 3068 4207; x_wconf 86' lang='lat' dir='ltr'><strong>labores</strong></span> <span class='ocrx_word' id='word_1_612' title='bbox 3117 4162 3400 4222; x_wconf 87' lang='lat' dir='ltr'><strong>perderen.</strong></span> 
     </span>
    </p>
   </div>
   <div class='ocr_carea' id='block_1_87' title="bbox 1828 4237 3395 4309">
    <p class='ocr_par' dir='ltr' id='par_1_87' title="bbox 1828 4237 3395 4309">
     <span class='ocr_line' id='line_1_87' title="bbox 1828 4237 3395 4309; baseline 0.008 -20"><span class='ocrx_word' id='word_1_613' title='bbox 1828 4237 2097 4304; x_wconf 80' lang='lat' dir='ltr'><strong>cogitans.</strong></span> <span class='ocrx_word' id='word_1_614' title='bbox 2135 4238 2227 4289; x_wconf 88' lang='lat' dir='ltr'><strong>sed</strong></span> <span class='ocrx_word' id='word_1_615' title='bbox 2248 4239 2426 4291; x_wconf 89' lang='lat' dir='ltr'><strong>omnia</strong></span> <span class='ocrx_word' id='word_1_616' title='bbox 2456 4241 2474 4306; x_wconf 89' lang='lat'>(</span> <span class='ocrx_word' id='word_1_617' title='bbox 2505 4248 2562 4291; x_wconf 84' lang='lat' dir='ltr'><strong>ut</strong></span> <span class='ocrx_word' id='word_1_618' title='bbox 2589 4244 2902 4295; x_wconf 85' lang='lat' dir='ltr'><strong>summatim</strong></span> <span class='ocrx_word' id='word_1_619' title='bbox 2936 4246 3138 4299; x_wconf 70' lang='lat' dir='ltr'><strong>dicam:</strong></span> <span class='ocrx_word' id='word_1_620' title='bbox 3169 4248 3395 4309; x_wconf 81' lang='lat' dir='ltr'><strong>oblitus.</strong></span> 
     </span>
    </p>
   </div>
   <div class='ocr_carea' id='block_1_88' title="bbox 1825 4329 3393 4404">
    <p class='ocr_par' dir='ltr' id='par_1_88' title="bbox 1825 4329 3393 4404">
     <span class='ocr_line' id='line_1_88' title="bbox 1825 4329 3393 4404; baseline 0.007 -23"><span class='ocrx_word' id='word_1_621' title='bbox 1825 4336 1882 4381; x_wconf 88' lang='lat' dir='ltr'><strong>et</strong></span> <span class='ocrx_word' id='word_1_622' title='bbox 1912 4329 2219 4396; x_wconf 80' lang='lat' dir='ltr'><strong>gehennam</strong></span> <span class='ocrx_word' id='word_1_623' title='bbox 2269 4338 2649 4390; x_wconf 83' lang='lat' dir='ltr'><strong>contemnens.</strong></span> <span class='ocrx_word' id='word_1_624' title='bbox 2694 4332 2759 4385; x_wconf 86' lang='lat' dir='ltr'><strong>ad</strong></span> <span class='ocrx_word' id='word_1_625' title='bbox 2807 4336 2980 4402; x_wconf 85' lang='lat' dir='ltr'><strong>stupri</strong></span> <span class='ocrx_word' id='word_1_626' title='bbox 3026 4341 3393 4404; x_wconf 80' lang='lat' dir='ltr'><strong>perniciosam</strong></span> 
     </span>
    </p>
   </div>
   <div class='ocr_carea' id='block_1_89' title="bbox 1829 4419 3401 4494">
    <p class='ocr_par' dir='ltr' id='par_1_89' title="bbox 1829 4419 3401 4494">
     <span class='ocr_line' id='line_1_89' title="bbox 1829 4419 3401 4494; baseline 0.01 -23"><span class='ocrx_word' id='word_1_627' title='bbox 1829 4419 2038 4471; x_wconf 84' lang='lat' dir='ltr'><strong>ruinam</strong></span> <span class='ocrx_word' id='word_1_628' title='bbox 2098 4420 2289 4471; x_wconf 89' lang='lat' dir='ltr'><strong>cecidi.</strong></span> <span class='ocrx_word' id='word_1_629' title='bbox 2346 4419 2594 4489; x_wconf 86' lang='lat' dir='ltr'><strong>Cumque</strong></span> <span class='ocrx_word' id='word_1_630' title='bbox 2630 4427 2863 4490; x_wconf 88' lang='lat' dir='ltr'><strong>puellam</strong></span> <span class='ocrx_word' id='word_1_631' title='bbox 2916 4429 3222 4494; x_wconf 85' lang='lat' dir='ltr'><strong>vitiassem,</strong></span> <span class='ocrx_word' id='word_1_632' title='bbox 3257 4435 3401 4487; x_wconf 87' lang='lat' dir='ltr'><strong>malo</strong></span> 
     </span>
    </p>
   </div>
   <div class='ocr_carea' id='block_1_90' title="bbox 1830 4510 3403 4595">
    <p class='ocr_par' dir='ltr' id='par_1_90' title="bbox 1830 4510 3403 4595">
     <span class='ocr_line' id='line_1_90' title="bbox 1830 4510 3403 4595; baseline 0.011 -33"><span class='ocrx_word' id='word_1_633' title='bbox 1830 4510 2031 4563; x_wconf 89' lang='lat' dir='ltr'><strong>malum</strong></span> <span class='ocrx_word' id='word_1_634' title='bbox 2068 4525 2262 4562; x_wconf 89' lang='lat' dir='ltr'><strong>curare</strong></span> <span class='ocrx_word' id='word_1_635' title='bbox 2287 4512 2453 4569; x_wconf 87' lang='lat' dir='ltr'><strong>volui.</strong></span> <span class='ocrx_word' id='word_1_636' title='bbox 2482 4513 2729 4578; x_wconf 87' lang='lat' dir='ltr'><strong>quinimo</strong></span> <span class='ocrx_word' id='word_1_637' title='bbox 2770 4518 2966 4570; x_wconf 90' lang='lat' dir='ltr'><strong>minori</strong></span> <span class='ocrx_word' id='word_1_638' title='bbox 3026 4522 3169 4575; x_wconf 88' lang='lat' dir='ltr'><strong>malo</strong></span> <span class='ocrx_word' id='word_1_639' title='bbox 3225 4527 3403 4595; x_wconf 77' lang='lat' dir='ltr'><strong>majus</strong></span> 
     </span>
    </p>
   </div>
   <div class='ocr_carea' id='block_1_91' title="bbox 142 4585 3401 4689">
    <p class='ocr_par' dir='ltr' id='par_1_91' title="bbox 142 4585 3401 4689">
     <span class='ocr_line' id='line_1_91' title="bbox 142 4585 3401 4689; baseline 0.011 -53"><span class='ocrx_word' id='word_1_640' title='bbox 142 4630 265 4669; x_wconf 64' lang='lat' dir='ltr'><strong>eum</strong></span> <span class='ocrx_word' id='word_1_641' title='bbox 304 4618 621 4679; x_wconf 49' lang='lat' dir='ltr'><strong>“Massa.</strong></span> <span class='ocrx_word' id='word_1_642' title='bbox 659 4620 837 4689; x_wconf 48' lang='lat' dir='ltr'><strong>coegit</strong></span> <span class='ocrx_word' id='word_1_643' title='bbox 875 4624 927 4673; x_wconf 64' lang='lat' dir='ltr'><strong>in</strong></span> <span class='ocrx_word' id='word_1_644' title='bbox 961 4585 1115 4675; x_wconf 41' lang='lat' dir='ltr'><strong>sum},</strong></span> <span class='ocrx_word' id='word_1_645' title='bbox 1144 4627 1340 4679; x_wconf 62' lang='lat' dir='ltr'><strong>cenam</strong></span> <span class='ocrx_word' id='word_1_646' title='bbox 1390 4585 1717 4683; x_wconf 27' lang='lat' dir='ltr'><strong>divale—rga;</strong></span> <span class='ocrx_word' id='word_1_647' title='bbox 1756 4585 1799 4638; x_wconf 80' lang='grc' dir='ltr'><strong>Ῑ)</strong></span> <span class='ocrx_word' id='word_1_648' title='bbox 1833 4602 2038 4654; x_wconf 74' lang='lat' dir='ltr'><strong>addidi.</strong></span> <span class='ocrx_word' id='word_1_649' title='bbox 2076 4603 2207 4654; x_wconf 70' lang='lat' dir='ltr'><strong>Nam</strong></span> <span class='ocrx_word' id='word_1_650' title='bbox 2245 4602 2537 4657; x_wconf 73' lang='lat' dir='ltr'><strong>dedecoris</strong></span> <span class='ocrx_word' id='word_1_651' title='bbox 2609 4607 2754 4659; x_wconf 87' lang='lat' dir='ltr'><strong>illius</strong></span> <span class='ocrx_word' id='word_1_652' title='bbox 2814 4619 3008 4664; x_wconf 84' lang='lat' dir='ltr'><strong>auctor</strong></span> <span class='ocrx_word' id='word_1_653' title='bbox 3048 4613 3262 4670; x_wconf 72' lang='lat' dir='ltr'><strong>dromon</strong></span> <span class='ocrx_word' id='word_1_654' title='bbox 3313 4632 3401 4672; x_wconf 72' lang='lat' dir='ltr'><strong>me</strong></span> 
     </span>
    </p>
   </div>
   <div class='ocr_carea' id='block_1_92' title="bbox 142 4711 1724 4779">
    <p class='ocr_par' dir='ltr' id='par_1_92' title="bbox 142 4711 1724 4779">
     <span class='ocr_line' id='line_1_92' title="bbox 142 4711 1724 4779; baseline 0.011 -19"><span class='ocrx_word' id='word_1_655' title='bbox 142 4722 381 4776; x_wconf 88' lang='lat' dir='ltr'><strong>cumque</strong></span> <span class='ocrx_word' id='word_1_656' title='bbox 426 4711 544 4779; x_wconf 86' lang='lat' dir='ltr'><strong>ejus</strong></span> <span class='ocrx_word' id='word_1_657' title='bbox 597 4712 766 4779; x_wconf 89' lang='lat' dir='ltr'><strong>pedes</strong></span> <span class='ocrx_word' id='word_1_658' title='bbox 831 4713 1071 4770; x_wconf 81' lang='lat' dir='ltr'><strong>lavisset.</strong></span> <span class='ocrx_word' id='word_1_659' title='bbox 1101 4727 1156 4768; x_wconf 86' lang='lat' dir='ltr'><strong>et</strong></span> <span class='ocrx_word' id='word_1_660' title='bbox 1209 4719 1391 4772; x_wconf 79' lang='lat' dir='ltr'><strong>omnia</strong></span> <span class='ocrx_word' id='word_1_661' title='bbox 1438 4720 1724 4777; x_wconf 79' lang='lat' dir='ltr'><strong>charitatis</strong></span> 
     </span>
    </p>
   </div>
   <div class='ocr_carea' id='block_1_93' title="bbox 142 4786 1722 4882">
    <p class='ocr_par' dir='ltr' id='par_1_93' title="bbox 142 4786 1722 4882">
     <span class='ocr_line' id='line_1_93' title="bbox 142 4786 1722 4882; baseline 0.011 -32"><span class='ocrx_word' id='word_1_662' title='bbox 142 4786 317 4851; x_wconf 81' lang='lat' dir='ltr'><strong>oﬂicia</strong></span> <span class='ocrx_word' id='word_1_663' title='bbox 349 4800 426 4853; x_wconf 92' lang='lat' dir='ltr'><strong>illi</strong></span> <span class='ocrx_word' id='word_1_664' title='bbox 460 4803 828 4869; x_wconf 56' lang='lat' dir='ltr'><strong>prastitisset,</strong></span> <span class='ocrx_word' id='word_1_665' title='bbox 882 4820 1075 4874; x_wconf 84' lang='lat' dir='ltr'><strong>panem</strong></span> <span class='ocrx_word' id='word_1_666' title='bbox 1127 4813 1400 4876; x_wconf 83' lang='lat' dir='ltr'><strong>apposuit.</strong></span> <span class='ocrx_word' id='word_1_667' title='bbox 1433 4813 1722 4882; x_wconf 86' lang='lat' dir='ltr'><strong>ipsumque</strong></span> 
     </span>
    </p>
   </div>
   <div class='ocr_carea' id='block_1_94' title="bbox 143 4888 1720 4963">
    <p class='ocr_par' dir='ltr' id='par_1_94' title="bbox 143 4888 1720 4963">
     <span class='ocr_line' id='line_1_94' title="bbox 143 4888 1720 4963; baseline 0.011 -24"><span class='ocrx_word' id='word_1_668' title='bbox 143 4888 474 4942; x_wconf 77' lang='lat' dir='ltr'><strong>adhortatus</strong></span> <span class='ocrx_word' id='word_1_669' title='bbox 503 4902 603 4949; x_wconf 85' lang='lat' dir='ltr'><strong>est,</strong></span> <span class='ocrx_word' id='word_1_670' title='bbox 642 4902 700 4944; x_wconf 89' lang='lat' dir='ltr'><strong>ut</strong></span> <span class='ocrx_word' id='word_1_671' title='bbox 732 4896 1008 4963; x_wconf 84' lang='lat' dir='ltr'><strong>particeps</strong></span> <span class='ocrx_word' id='word_1_672' title='bbox 1054 4897 1213 4952; x_wconf 80' lang='lat' dir='ltr'><strong>fieret</strong></span> <span class='ocrx_word' id='word_1_673' title='bbox 1264 4916 1452 4955; x_wconf 84' lang='lat' dir='ltr'><strong>earum</strong></span> <span class='ocrx_word' id='word_1_674' title='bbox 1490 4904 1720 4958; x_wconf 88' lang='lat' dir='ltr'><strong>benedi-</strong></span> 
     </span>
    </p>
   </div>
   <div class='ocr_carea' id='block_1_95' title="bbox 144 4983 1721 5064">
    <p class='ocr_par' dir='ltr' id='par_1_95' title="bbox 144 4983 1721 5064">
     <span class='ocr_line' id='line_1_95' title="bbox 144 4983 1721 5064; baseline 0.011 -31"><span class='ocrx_word' id='word_1_675' title='bbox 144 4983 416 5041; x_wconf 86' lang='lat' dir='ltr'><strong>ctionum,</strong></span> <span class='ocrx_word' id='word_1_676' title='bbox 441 4998 575 5051; x_wconf 87' lang='lat' dir='ltr'><strong>quas</strong></span> <span class='ocrx_word' id='word_1_677' title='bbox 602 4985 746 5038; x_wconf 86' lang='lat' dir='ltr'><strong>Deus</strong></span> <span class='ocrx_word' id='word_1_678' title='bbox 774 4990 1036 5042; x_wconf 84' lang='lat' dir='ltr'><strong>imsisset.</strong></span> <span class='ocrx_word' id='word_1_679' title='bbox 1068 4990 1160 5045; x_wconf 86' lang='lat' dir='ltr'><strong>Ille</strong></span> <span class='ocrx_word' id='word_1_680' title='bbox 1201 5007 1334 5048; x_wconf 83' lang='lat' dir='ltr'><strong>vero</strong></span> <span class='ocrx_word' id='word_1_681' title='bbox 1365 5010 1488 5047; x_wconf 89' lang='lat' dir='ltr'><strong>cum</strong></span> <span class='ocrx_word' id='word_1_682' title='bbox 1527 5011 1721 5064; x_wconf 80' lang='lat' dir='ltr'><strong>pecca-</strong></span> 
     </span>
    </p>
   </div>
   <div class='ocr_carea' id='block_1_96' title="bbox 147 5077 1716 5153">
    <p class='ocr_par' dir='ltr' id='par_1_96' title="bbox 147 5077 1716 5153">
     <span class='ocr_line' id='line_1_96' title="bbox 147 5077 1716 5153; baseline 0.013 -31"><span class='ocrx_word' id='word_1_683' title='bbox 147 5081 327 5125; x_wconf 84' lang='lat' dir='ltr'><strong>torum</strong></span> <span class='ocrx_word' id='word_1_684' title='bbox 356 5089 583 5126; x_wconf 89' lang='lat' dir='ltr'><strong>suorum</strong></span> <span class='ocrx_word' id='word_1_685' title='bbox 632 5077 735 5129; x_wconf 89' lang='lat' dir='ltr'><strong>sibi</strong></span> <span class='ocrx_word' id='word_1_686' title='bbox 787 5080 1040 5135; x_wconf 86' lang='lat' dir='ltr'><strong>conscius</strong></span> <span class='ocrx_word' id='word_1_687' title='bbox 1086 5095 1251 5146; x_wconf 87' lang='lat' dir='ltr'><strong>esset,</strong></span> <span class='ocrx_word' id='word_1_688' title='bbox 1308 5097 1501 5153; x_wconf 88' lang='lat' dir='ltr'><strong>pectus</strong></span> <span class='ocrx_word' id='word_1_689' title='bbox 1556 5102 1716 5142; x_wconf 86' lang='lat' dir='ltr'><strong>suum</strong></span> 
     </span>
    </p>
   </div>
   <div class='ocr_carea' id='block_1_97' title="bbox 148 5164 1717 5243">
    <p class='ocr_par' dir='ltr' id='par_1_97' title="bbox 148 5164 1717 5243">
     <span class='ocr_line' id='line_1_97' title="bbox 148 5164 1717 5243; baseline 0.014 -29"><span class='ocrx_word' id='word_1_690' title='bbox 148 5164 389 5230; x_wconf 82' lang='lat' dir='ltr'><strong>pulsans,</strong></span> <span class='ocrx_word' id='word_1_691' title='bbox 412 5164 506 5217; x_wconf 86' lang='lat' dir='ltr'><strong>ditt</strong></span> <span class='ocrx_word' id='word_1_692' title='bbox 535 5169 1015 5225; x_wconf 87' lang='lat' dir='ltr'><strong>recusabatcibum</strong></span> <span class='ocrx_word' id='word_1_693' title='bbox 1039 5190 1275 5229; x_wconf 89' lang='lat' dir='ltr'><strong>sumere.</strong></span> <span class='ocrx_word' id='word_1_694' title='bbox 1294 5181 1361 5232; x_wconf 83' lang='lat' dir='ltr'><strong>At</strong></span> <span class='ocrx_word' id='word_1_695' title='bbox 1386 5178 1478 5232; x_wconf 87' lang='lat' dir='ltr'><strong>Dei</strong></span> <span class='ocrx_word' id='word_1_696' title='bbox 1504 5195 1717 5243; x_wconf 83' lang='lat' dir='ltr'><strong>servus,</strong></span> 
     </span>
    </p>
   </div>
   <div class='ocr_carea' id='block_1_98' title="bbox 147 5256 1721 5339">
    <p class='ocr_par' dir='ltr' id='par_1_98' title="bbox 147 5256 1721 5339">
     <span class='ocr_line' id='line_1_98' title="bbox 147 5256 1721 5339; baseline 0.013 -31"><span class='ocrx_word' id='word_1_697' title='bbox 147 5256 289 5324; x_wconf 77' lang='lat' dir='ltr'><strong>apud</strong></span> <span class='ocrx_word' id='word_1_698' title='bbox 316 5273 483 5323; x_wconf 80' lang='lat' dir='ltr'><strong>quem</strong></span> <span class='ocrx_word' id='word_1_699' title='bbox 532 5258 622 5313; x_wconf 87' lang='lat' dir='ltr'><strong>ille</strong></span> <span class='ocrx_word' id='word_1_700' title='bbox 656 5261 974 5329; x_wconf 79' lang='lat' dir='ltr'><strong>diverterat,</strong></span> <span class='ocrx_word' id='word_1_701' title='bbox 1021 5267 1088 5319; x_wconf 91' lang='lat' dir='ltr'><strong>ad</strong></span> <span class='ocrx_word' id='word_1_702' title='bbox 1119 5270 1290 5338; x_wconf 90' lang='lat' dir='ltr'><strong>ipsius</strong></span> <span class='ocrx_word' id='word_1_703' title='bbox 1341 5272 1503 5339; x_wconf 70' lang='lat' dir='ltr'><strong>pedes</strong></span> <span class='ocrx_word' id='word_1_704' title='bbox 1538 5288 1594 5327; x_wconf 83' lang='lat' dir='ltr'><strong>se</strong></span> <span class='ocrx_word' id='word_1_705' title='bbox 1621 5283 1721 5328; x_wconf 80' lang='lat' dir='ltr'><strong>ao-</strong></span> 
     </span>
    </p>
   </div>
   <div class='ocr_carea' id='block_1_99' title="bbox 148 5348 1722 5430">
    <p class='ocr_par' dir='ltr' id='par_1_99' title="bbox 148 5348 1722 5430">
     <span class='ocr_line' id='line_1_99' title="bbox 148 5348 1722 5430; baseline 0.012 -29"><span class='ocrx_word' id='word_1_706' title='bbox 148 5348 319 5415; x_wconf 83' lang='lat' dir='ltr'><strong>jecit;</strong></span> <span class='ocrx_word' id='word_1_707' title='bbox 356 5364 486 5403; x_wconf 88' lang='lat' dir='ltr'><strong>eum</strong></span> <span class='ocrx_word' id='word_1_708' title='bbox 515 5354 828 5417; x_wconf 85' lang='lat' dir='ltr'><strong>consolans,</strong></span> <span class='ocrx_word' id='word_1_709' title='bbox 862 5366 917 5410; x_wconf 92' lang='lat' dir='ltr'><strong>et</strong></span> <span class='ocrx_word' id='word_1_710' title='bbox 956 5359 1313 5430; x_wconf 82' lang='lat' dir='ltr'><strong>jurejurando</strong></span> <span class='ocrx_word' id='word_1_711' title='bbox 1339 5361 1635 5425; x_wconf 83' lang='lat' dir='ltr'><strong>afllrmans.</strong></span> <span class='ocrx_word' id='word_1_712' title='bbox 1664 5381 1722 5419; x_wconf 89' lang='lat' dir='ltr'><strong>se</strong></span> 
     </span>
    </p>
   </div>
   <div class='ocr_carea' id='block_1_100' title="bbox 149 5441 1714 5524">
    <p class='ocr_par' dir='ltr' id='par_1_100' title="bbox 149 5441 1714 5524">
     <span class='ocr_line' id='line_1_100' title="bbox 149 5441 1714 5524; baseline 0.012 -33"><span class='ocrx_word' id='word_1_713' title='bbox 149 5455 260 5493; x_wconf 83' lang='lat' dir='ltr'><strong>non</strong></span> <span class='ocrx_word' id='word_1_714' title='bbox 292 5441 451 5510; x_wconf 88' lang='lat' dir='ltr'><strong>prius</strong></span> <span class='ocrx_word' id='word_1_715' title='bbox 475 5458 507 5496; x_wconf 89' lang='lat' dir='ltr'><strong>e</strong></span> <span class='ocrx_word' id='word_1_716' title='bbox 541 5452 682 5497; x_wconf 83' lang='lat' dir='ltr'><strong>terra</strong></span> <span class='ocrx_word' id='word_1_717' title='bbox 729 5458 1128 5513; x_wconf 80' lang='lat' dir='ltr'><strong>surrecturum.</strong></span> <span class='ocrx_word' id='word_1_718' title='bbox 1154 5468 1315 5523; x_wconf 86' lang='lat' dir='ltr'><strong>quam</strong></span> <span class='ocrx_word' id='word_1_719' title='bbox 1354 5456 1714 5524; x_wconf 82' lang='lat' dir='ltr'><strong>promisisset,</strong></span> 
     </span>
    </p>
   </div>
   <div class='ocr_carea' id='block_1_101' title="bbox 148 5532 1717 5615">
    <p class='ocr_par' dir='ltr' id='par_1_101' title="bbox 148 5532 1717 5615">
     <span class='ocr_line' id='line_1_101' title="bbox 148 5532 1717 5615; baseline 0.011 -30"><span class='ocrx_word' id='word_1_720' title='bbox 148 5546 205 5585; x_wconf 78' lang='lat' dir='ltr'><strong>se</strong></span> <span class='ocrx_word' id='word_1_721' title='bbox 228 5532 449 5587; x_wconf 88' lang='lat' dir='ltr'><strong>illorum</strong></span> <span class='ocrx_word' id='word_1_722' title='bbox 514 5551 634 5604; x_wconf 68' lang='lat' dir='ltr'><strong>qua:</strong></span> <span class='ocrx_word' id='word_1_723' title='bbox 684 5542 931 5608; x_wconf 83' lang='lat' dir='ltr'><strong>apposita</strong></span> <span class='ocrx_word' id='word_1_724' title='bbox 965 5542 1183 5598; x_wconf 73' lang='lat' dir='ltr'><strong>fuerant</strong></span> <span class='ocrx_word' id='word_1_725' title='bbox 1218 5547 1538 5615; x_wconf 69' lang='lat' dir='ltr'><strong>participem</strong></span> <span class='ocrx_word' id='word_1_726' title='bbox 1567 5549 1717 5601; x_wconf 84' lang='lat' dir='ltr'><strong>futu-</strong></span> 
     </span>
    </p>
   </div>
   <div class='ocr_carea' id='block_1_102' title="bbox 150 5625 1715 5701">
    <p class='ocr_par' dir='ltr' id='par_1_102' title="bbox 150 5625 1715 5701">
     <span class='ocr_line' id='line_1_102' title="bbox 150 5625 1715 5701; baseline 0.01 -26"><span class='ocrx_word' id='word_1_727' title='bbox 150 5637 293 5678; x_wconf 90' lang='lat' dir='ltr'><strong>rum.</strong></span> <span class='ocrx_word' id='word_1_728' title='bbox 335 5625 391 5679; x_wconf 92' lang='lat' dir='ltr'><strong>ld</strong></span> <span class='ocrx_word' id='word_1_729' title='bbox 436 5642 563 5682; x_wconf 90' lang='lat' dir='ltr'><strong>cum</strong></span> <span class='ocrx_word' id='word_1_730' title='bbox 592 5630 680 5683; x_wconf 90' lang='lat' dir='ltr'><strong>ille</strong></span> <span class='ocrx_word' id='word_1_731' title='bbox 733 5635 1094 5701; x_wconf 84' lang='lat' dir='ltr'><strong>promisisset.</strong></span> <span class='ocrx_word' id='word_1_732' title='bbox 1140 5637 1232 5691; x_wconf 87' lang='lat' dir='ltr'><strong>Dei</strong></span> <span class='ocrx_word' id='word_1_733' title='bbox 1282 5654 1473 5694; x_wconf 81' lang='lat' dir='ltr'><strong>servus</strong></span> <span class='ocrx_word' id='word_1_734' title='bbox 1513 5651 1715 5695; x_wconf 79' lang='lat' dir='ltr'><strong>eterra</strong></span> 
     </span>
    </p>
   </div>
   <div class='ocr_carea' id='block_1_103' title="bbox 151 5719 1715 5800">
    <p class='ocr_par' dir='ltr' id='par_1_103' title="bbox 151 5719 1715 5800">
     <span class='ocr_line' id='line_1_103' title="bbox 151 5719 1715 5800; baseline 0.009 -31"><span class='ocrx_word' id='word_1_735' title='bbox 151 5719 413 5781; x_wconf 77' lang='lat' dir='ltr'><strong>surrexit,</strong></span> <span class='ocrx_word' id='word_1_736' title='bbox 477 5729 540 5773; x_wconf 89' lang='lat' dir='ltr'><strong>ut</strong></span> <span class='ocrx_word' id='word_1_737' title='bbox 584 5721 768 5775; x_wconf 90' lang='lat' dir='ltr'><strong>cibum</strong></span> <span class='ocrx_word' id='word_1_738' title='bbox 828 5738 1089 5783; x_wconf 85' lang='lat' dir='ltr'><strong>sumeret.</strong></span> <span class='ocrx_word' id='word_1_739' title='bbox 1137 5729 1327 5784; x_wconf 75' lang='lat' dir='ltr'><strong>Postea</strong></span> <span class='ocrx_word' id='word_1_740' title='bbox 1390 5744 1520 5784; x_wconf 68' lang='grc' dir='ltr'><strong>νει-υ</strong></span> <span class='ocrx_word' id='word_1_741' title='bbox 1555 5746 1715 5800; x_wconf 83' lang='lat' dir='ltr'><strong>quam</strong></span> 
     </span>
    </p>
   </div>
   <div class='ocr_carea' id='block_1_104' title="bbox 236 5860 736 5932">
    <p class='ocr_par' dir='ltr' id='par_1_104' title="bbox 236 5860 736 5932">
     <span class='ocr_line' id='line_1_104' title="bbox 236 5860 736 5932; baseline 0.018 -22"><span class='ocrx_word' id='word_1_742' title='bbox 236 5862 250 5890; x_wconf 85' lang='grc'>¹</span> <span class='ocrx_word' id='word_1_743' title='bbox 288 5860 328 5913; x_wconf 91' lang='lat' dir='ltr'><strong>ll</strong></span> <span class='ocrx_word' id='word_1_744' title='bbox 367 5862 504 5932; x_wconf 75' lang='lat' dir='ltr'><strong>Reg.</strong></span> <span class='ocrx_word' id='word_1_745' title='bbox 532 5877 608 5926; x_wconf 74' lang='lat' dir='ltr'><strong>XI,</strong></span> <span class='ocrx_word' id='word_1_746' title='bbox 656 5864 736 5919; x_wconf 76' lang='lat' dir='ltr'><strong>l5.</strong></span> 
     </span>
    </p>
   </div>
   <div class='ocr_carea' id='block_1_105' title="bbox 443 5957 1098 6021">
    <p class='ocr_par' dir='ltr' id='par_1_105' title="bbox 443 5957 1098 6021">
     <span class='ocr_line' id='line_1_105' title="bbox 443 5957 1098 6021; baseline 0.009 -6"><span class='ocrx_word' id='word_1_747' title='bbox 443 5957 718 6018; x_wconf 65' lang='grc' dir='ltr'><strong>Ρλτιοι,</strong></span> <span class='ocrx_word' id='word_1_748' title='bbox 751 5960 869 6020; x_wconf 81' lang='lat' dir='ltr'><strong>Gtt.</strong></span> <span class='ocrx_word' id='word_1_749' title='bbox 893 5958 1098 6021; x_wconf 70' lang='lat' dir='ltr'><strong>CXIV.</strong></span> 
     </span>
    </p>
   </div>
   <div class='ocr_carea' id='block_1_106' title="bbox 1831 4691 3396 4779">
    <p class='ocr_par' dir='ltr' id='par_1_106' title="bbox 1831 4691 3396 4779">
     <span class='ocr_line' id='line_1_106' title="bbox 1831 4691 3396 4779; baseline 0.011 -34"><span class='ocrx_word' id='word_1_750' title='bbox 1831 4692 2118 4751; x_wconf 86' lang='lat' dir='ltr'><strong>invadens.</strong></span> <span class='ocrx_word' id='word_1_751' title='bbox 2157 4691 2404 4759; x_wconf 82' lang='lat' dir='ltr'><strong>ejusdem</strong></span> <span class='ocrx_word' id='word_1_752' title='bbox 2433 4697 2626 4761; x_wconf 58' lang='lat' dir='ltr'><strong>puellae</strong></span> <span class='ocrx_word' id='word_1_753' title='bbox 2659 4697 2861 4751; x_wconf 67' lang='lat' dir='ltr'><strong>aedem</strong></span> <span class='ocrx_word' id='word_1_754' title='bbox 2903 4700 2955 4752; x_wconf 90' lang='lat' dir='ltr'><strong>in</strong></span> <span class='ocrx_word' id='word_1_755' title='bbox 2990 4716 3227 4759; x_wconf 89' lang='lat' dir='ltr'><strong>mentem</strong></span> <span class='ocrx_word' id='word_1_756' title='bbox 3263 4722 3396 4779; x_wconf 70' lang='lat' dir='ltr'><strong>sug-</strong></span> 
     </span>
    </p>
   </div>
   <div class='ocr_carea' id='block_1_107' title="bbox 1826 4782 3395 4859">
    <p class='ocr_par' dir='ltr' id='par_1_107' title="bbox 1826 4782 3395 4859">
     <span class='ocr_line' id='line_1_107' title="bbox 1826 4782 3395 4859; baseline 0.011 -25"><span class='ocrx_word' id='word_1_757' title='bbox 1826 4782 2014 4850; x_wconf 78' lang='lat' dir='ltr'><strong>gessit.</strong></span> <span class='ocrx_word' id='word_1_758' title='bbox 2047 4782 2231 4849; x_wconf 84' lang='lat' dir='ltr'><strong>Itaque</strong></span> <span class='ocrx_word' id='word_1_759' title='bbox 2275 4795 2396 4849; x_wconf 86' lang='lat' dir='ltr'><strong>pust</strong></span> <span class='ocrx_word' id='word_1_760' title='bbox 2424 4796 2673 4852; x_wconf 85' lang='lat' dir='ltr'><strong>Stttpt‘ttm</strong></span> <span class='ocrx_word' id='word_1_761' title='bbox 2711 4789 2855 4854; x_wconf 91' lang='lat' dir='ltr'><strong>quod</strong></span> <span class='ocrx_word' id='word_1_762' title='bbox 2902 4791 3220 4859; x_wconf 82' lang='lat' dir='ltr'><strong>intulerant,</strong></span> <span class='ocrx_word' id='word_1_763' title='bbox 3251 4798 3395 4851; x_wconf 87' lang='lat' dir='ltr'><strong>illam</strong></span> 
     </span>
    </p>
   </div>
   <div class='ocr_carea' id='block_1_108' title="bbox 1828 4873 3391 4959">
    <p class='ocr_par' dir='ltr' id='par_1_108' title="bbox 1828 4873 3391 4959">
     <span class='ocr_line' id='line_1_108' title="bbox 1828 4873 3391 4959; baseline 0.008 -33"><span class='ocrx_word' id='word_1_764' title='bbox 1828 4873 1999 4941; x_wconf 80' lang='lat' dir='ltr'><strong>ipsam</strong></span> <span class='ocrx_word' id='word_1_765' title='bbox 2035 4873 2305 4933; x_wconf 82' lang='lat' dir='ltr'><strong>interfeci.</strong></span> <span class='ocrx_word' id='word_1_766' title='bbox 2338 4876 2564 4943; x_wconf 83' lang='lat' dir='ltr'><strong>ejusque</strong></span> <span class='ocrx_word' id='word_1_767' title='bbox 2590 4891 2791 4947; x_wconf 85' lang='lat' dir='ltr'><strong>corpus</strong></span> <span class='ocrx_word' id='word_1_768' title='bbox 2827 4881 2880 4935; x_wconf 87' lang='lat' dir='ltr'><strong>in</strong></span> <span class='ocrx_word' id='word_1_769' title='bbox 2908 4882 3133 4939; x_wconf 81' lang='lat' dir='ltr'><strong>ﬂuvium</strong></span> <span class='ocrx_word' id='word_1_770' title='bbox 3166 4889 3391 4959; x_wconf 87' lang='lat' dir='ltr'><strong>projeci.</strong></span> 
     </span>
    </p>
   </div>
   <div class='ocr_carea' id='block_1_109' title="bbox 1828 4964 3398 5038">
    <p class='ocr_par' dir='ltr' id='par_1_109' title="bbox 1828 4964 3398 5038">
     <span class='ocr_line' id='line_1_109' title="bbox 1828 4964 3398 5038; baseline 0.011 -20"><span class='ocrx_word' id='word_1_771' title='bbox 1828 4965 1903 5018; x_wconf 86' lang='lat' dir='ltr'><strong>De</strong></span> <span class='ocrx_word' id='word_1_772' title='bbox 1930 4978 2054 5038; x_wconf 86' lang='lat' dir='ltr'><strong>mea</strong></span> <span class='ocrx_word' id='word_1_773' title='bbox 2086 4964 2248 5033; x_wconf 78' lang='lat' dir='ltr'><strong>igitur</strong></span> <span class='ocrx_word' id='word_1_774' title='bbox 2268 4976 2448 5017; x_wconf 87' lang='lat' dir='ltr'><strong>sa.ute</strong></span> <span class='ocrx_word' id='word_1_775' title='bbox 2506 4965 2827 5036; x_wconf 78' lang='lat' dir='ltr'><strong>desperans,</strong></span> <span class='ocrx_word' id='word_1_776' title='bbox 2851 4974 3101 5038; x_wconf 80' lang='lat' dir='ltr'><strong>discessi.</strong></span> <span class='ocrx_word' id='word_1_777' title='bbox 3160 4990 3216 5032; x_wconf 88' lang='lat' dir='ltr'><strong>et</strong></span> <span class='ocrx_word' id='word_1_778' title='bbox 3251 4995 3398 5036; x_wconf 84' lang='lat' dir='ltr'><strong>nunc</strong></span> 
     </span>
    </p>
   </div>
   <div class='ocr_carea' id='block_1_110' title="bbox 1819 5036 3400 5127">
    <p class='ocr_par' dir='ltr' id='par_1_110' title="bbox 1819 5036 3400 5127">
     <span class='ocr_line' id='line_1_110' title="bbox 1819 5036 3400 5127; baseline 0.013 -19"><span class='ocrx_word' id='word_1_779' title='bbox 1819 5057 1871 5109; x_wconf 92' lang='lat' dir='ltr'><strong>in</strong></span> <span class='ocrx_word' id='word_1_780' title='bbox 1909 5036 2171 5108; x_wconf 80' lang='lat' dir='ltr'><strong>mundum</strong></span> <span class='ocrx_word' id='word_1_781' title='bbox 2206 5069 2468 5108; x_wconf 83' lang='lat' dir='ltr'><strong>revertor.</strong></span> <span class='ocrx_word' id='word_1_782' title='bbox 2488 5056 2774 5122; x_wconf 71' lang='lat' dir='ltr'><strong>Quomodo</strong></span> <span class='ocrx_word' id='word_1_783' title='bbox 2810 5065 2957 5118; x_wconf 89' lang='lat' dir='ltr'><strong>enim</strong></span> <span class='ocrx_word' id='word_1_784' title='bbox 2983 5067 3037 5119; x_wconf 93' lang='lat' dir='ltr'><strong>in</strong></span> <span class='ocrx_word' id='word_1_785' title='bbox 3059 5068 3181 5124; x_wconf 65' lang='lat' dir='ltr'><strong>cadi</strong></span> <span class='ocrx_word' id='word_1_786' title='bbox 3207 5073 3400 5127; x_wconf 84' lang='lat' dir='ltr'><strong>altitu-</strong></span> 
     </span>
    </p>
   </div>
   <div class='ocr_carea' id='block_1_111' title="bbox 1819 5143 3395 5219">
    <p class='ocr_par' dir='ltr' id='par_1_111' title="bbox 1819 5143 3395 5219">
     <span class='ocr_line' id='line_1_111' title="bbox 1819 5143 3395 5219; baseline 0.013 -22"><span class='ocrx_word' id='word_1_787' title='bbox 1819 5143 2003 5197; x_wconf 85' lang='lat' dir='ltr'><strong>dinem</strong></span> <span class='ocrx_word' id='word_1_788' title='bbox 2064 5145 2253 5197; x_wconf 90' lang='lat' dir='ltr'><strong>oculos</strong></span> <span class='ocrx_word' id='word_1_789' title='bbox 2310 5147 2524 5213; x_wconf 75' lang='lat' dir='ltr'><strong>erigere</strong></span> <span class='ocrx_word' id='word_1_790' title='bbox 2584 5152 2819 5216; x_wconf 81' lang='lat' dir='ltr'><strong>potero?</strong></span> <span class='ocrx_word' id='word_1_791' title='bbox 2853 5154 2985 5209; x_wconf 82' lang='lat' dir='ltr'><strong>Nam</strong></span> <span class='ocrx_word' id='word_1_792' title='bbox 3022 5158 3067 5211; x_wconf 91' lang='lat' dir='ltr'><strong>si</strong></span> <span class='ocrx_word' id='word_1_793' title='bbox 3113 5160 3395 5219; x_wconf 87' lang='lat' dir='ltr'><strong>Christum</strong></span> 
     </span>
    </p>
   </div>
   <div class='ocr_carea' id='block_1_112' title="bbox 1821 5236 3396 5309">
    <p class='ocr_par' dir='ltr' id='par_1_112' title="bbox 1821 5236 3396 5309">
     <span class='ocr_line' id='line_1_112' title="bbox 1821 5236 3396 5309; baseline 0.011 -20"><span class='ocrx_word' id='word_1_794' title='bbox 1821 5236 1999 5305; x_wconf 86' lang='lat' dir='ltr'><strong>ipsum</strong></span> <span class='ocrx_word' id='word_1_795' title='bbox 2040 5237 2326 5289; x_wconf 83' lang='lat' dir='ltr'><strong>nominare</strong></span> <span class='ocrx_word' id='word_1_796' title='bbox 2356 5253 2525 5292; x_wconf 86' lang='lat' dir='ltr'><strong>ausus</strong></span> <span class='ocrx_word' id='word_1_797' title='bbox 2576 5241 2752 5305; x_wconf 87' lang='lat' dir='ltr'><strong>fuero.</strong></span> <span class='ocrx_word' id='word_1_798' title='bbox 2784 5262 2927 5299; x_wconf 82' lang='lat' dir='ltr'><strong>nunc</strong></span> <span class='ocrx_word' id='word_1_799' title='bbox 2984 5250 3121 5307; x_wconf 66' lang='lat' dir='ltr'><strong>ignis</strong></span> <span class='ocrx_word' id='word_1_800' title='bbox 3160 5252 3230 5307; x_wconf 82' lang='lat' dir='ltr'><strong>de</strong></span> <span class='ocrx_word' id='word_1_801' title='bbox 3255 5256 3396 5309; x_wconf 71' lang='lat' dir='ltr'><strong>emta</strong></span> 
     </span>
    </p>
   </div>
   <div class='ocr_carea' id='block_1_113' title="bbox 1824 5328 2717 5387">
    <p class='ocr_par' dir='ltr' id='par_1_113' title="bbox 1824 5328 2717 5387">
     <span class='ocr_line' id='line_1_113' title="bbox 1824 5328 2717 5387; baseline 0.01 -10"><span class='ocrx_word' id='word_1_802' title='bbox 1824 5328 2163 5383; x_wconf 75' lang='lat' dir='ltr'><strong>descendens</strong></span> <span class='ocrx_word' id='word_1_803' title='bbox 2190 5337 2296 5381; x_wconf 79' lang='lat' dir='ltr'><strong>stat</strong></span> <span class='ocrx_word' id='word_1_804' title='bbox 2324 5344 2373 5381; x_wconf 90' lang='lat' dir='ltr'><strong>m</strong></span> <span class='ocrx_word' id='word_1_805' title='bbox 2407 5344 2717 5387; x_wconf 86' lang='lat' dir='ltr'><strong>consumet.</strong></span> 
     </span>
    </p>
   </div>
   <div class='ocr_carea' id='block_1_114' title="bbox 2459 5441 2763 5502">
    <p class='ocr_par' dir='ltr' id='par_1_114' title="bbox 2459 5441 2763 5502">
     <span class='ocr_line' id='line_1_114' title="bbox 2459 5441 2763 5502; baseline 0.01 -5"><span class='ocrx_word' id='word_1_806' title='bbox 2459 5441 2679 5502; x_wconf 70' lang='lat' dir='ltr'><strong>CAPUT</strong></span> <span class='ocrx_word' id='word_1_807' title='bbox 2706 5445 2763 5501; x_wconf 85' lang='lat' dir='ltr'><strong>V.</strong></span> 
     </span>
    </p>
   </div>
   <div class='ocr_carea' id='block_1_115' title="bbox 2149 5530 3080 5611">
    <p class='ocr_par' dir='ltr' id='par_1_115' title="bbox 2149 5530 3080 5611">
     <span class='ocr_line' id='line_1_115' title="bbox 2149 5530 3080 5611; baseline 0.016 -27"><span class='ocrx_word' id='word_1_808' title='bbox 2149 5530 2462 5593; x_wconf 68' lang='lat' dir='ltr'><strong>Panian</strong></span> <span class='ocrx_word' id='word_1_809' title='bbox 2490 5537 2543 5588; x_wconf 75' lang='lat' dir='ltr'><strong>in</strong></span> <span class='ocrx_word' id='word_1_810' title='bbox 2570 5539 2807 5605; x_wconf 73' lang='lat' dir='ltr'><strong>sepulcra</strong></span> <span class='ocrx_word' id='word_1_811' title='bbox 2842 5557 3080 5611; x_wconf 75' lang='lat' dir='ltr'><strong>peracta.</strong></span> 
     </span>
    </p>
   </div>
   <div class='ocr_carea' id='block_1_116' title="bbox 1904 5638 3391 5735">
    <p class='ocr_par' dir='ltr' id='par_1_116' title="bbox 1904 5638 3391 5735">
     <span class='ocr_line' id='line_1_116' title="bbox 1904 5638 3391 5735; baseline 0.017 -41"><span class='ocrx_word' id='word_1_812' title='bbox 1904 5638 2089 5695; x_wconf 68' lang='grc' dir='ltr'>χχιιι</span> <span class='ocrx_word' id='word_1_813' title='bbox 2120 5642 2242 5695; x_wconf 71' lang='grc' dir='ltr'><strong>ηαεο</strong></span> <span class='ocrx_word' id='word_1_814' title='bbox 2264 5652 2319 5696; x_wconf 74' lang='lat' dir='ltr'><strong>et</strong></span> <span class='ocrx_word' id='word_1_815' title='bbox 2340 5646 2462 5699; x_wconf 79' lang='lat' dir='ltr'><strong>talia</strong></span> <span class='ocrx_word' id='word_1_816' title='bbox 2483 5650 2722 5721; x_wconf 83' lang='lat' dir='ltr'><strong>cumille</strong></span> <span class='ocrx_word' id='word_1_817' title='bbox 2753 5657 3207 5729; x_wconf 83' lang='lat' dir='ltr'><strong>multislacrymis</strong></span> <span class='ocrx_word' id='word_1_818' title='bbox 3220 5674 3276 5718; x_wconf 89' lang='lat' dir='ltr'><strong>et</strong></span> <span class='ocrx_word' id='word_1_819' title='bbox 3298 5682 3391 5735; x_wconf 77' lang='lat' dir='ltr'><strong>gu-</strong></span> 
     </span>
    </p>
   </div>
   <div class='ocr_carea' id='block_1_117' title="bbox 1831 5734 3395 5813">
    <p class='ocr_par' dir='ltr' id='par_1_117' title="bbox 1831 5734 3395 5813">
     <span class='ocr_line' id='line_1_117' title="bbox 1831 5734 3395 5813; baseline 0.019 -27"><span class='ocrx_word' id='word_1_820' title='bbox 1831 5734 2057 5787; x_wconf 80' lang='lat' dir='ltr'><strong>mitibus</strong></span> <span class='ocrx_word' id='word_1_821' title='bbox 2088 5736 2341 5790; x_wconf 75' lang='lat' dir='ltr'><strong>maximis</strong></span> <span class='ocrx_word' id='word_1_822' title='bbox 2380 5752 2684 5805; x_wconf 78' lang='lat' dir='ltr'><strong>enarraret.</strong></span> <span class='ocrx_word' id='word_1_823' title='bbox 2717 5745 2853 5799; x_wconf 81' lang='lat' dir='ltr'><strong>alter</strong></span> <span class='ocrx_word' id='word_1_824' title='bbox 2908 5750 2999 5803; x_wconf 80' lang='lat' dir='ltr'><strong>Dei</strong></span> <span class='ocrx_word' id='word_1_825' title='bbox 3036 5767 3229 5810; x_wconf 73' lang='lat' dir='ltr'><strong>servus</strong></span> 
     </span>
    </p>
   </div>
   <div class='ocr_carea' id='block_1_118' title="bbox 2926 5984 2998 6035">
    <p class='ocr_par' dir='ltr' id='par_1_118' title="bbox 2926 5984 2998 6035">
     <span class='ocr_line' id='line_1_118' title="bbox 2926 5984 2998 6035; baseline -0.014 0"><span class='ocrx_word' id='word_1_826' title='bbox 2926 5984 2998 6035; x_wconf 58' lang='grc' dir='ltr'><strong>ΞΩ</strong></span> 
     </span>
    </p>
   </div>
  </div>
