4178 6484
743 435 886 505 1227

1959 440 2243 501 nmsrs
2281 437 2742 523 JANUARIUS.

3899 447 4026 510 1228

743 558 1002 623 audiens,
1047 557 1233 611 divina
1269 559 1442 628 gratia
1477 567 1867 627 compunctus,
1901 559 1954 611 in
1987 559 2108 628 cjus
2141 556 2342 610 collum
2373 558 2421 613 Α
2453 563 2643 620 petere
2675 555 3035 612 audebo?Da
3064 560 3302 623 veniam,
3339 562 3726 629 benignissime
3781 565 4026 619 Domine.

740 651 966 711 cecidit,
1003 666 1248 721 eumque
1289 650 1546 704 osculans
1579 668 1591 703 :
1624 650 1839 716 Quaeso,
1899 652 2099 718 inquit,
2144 648 2333 710 frater,

744 760 808 798 ne
844 745 1029 796 animo
1062 743 1310 807 decidas,
1335 759 1518 812 neque
1556 745 1621 796 de
1677 745 1853 798 salute
1896 753 1987 796 tua
2017 743 2276 809 desperes
2318 762 2328 796 :

742 837 837 890 Sed
893 839 1130 892 credens
1189 837 1531 906 pmnitentim
1604 838 1784 889 locum
1845 853 1989 892 esse.
2060 835 2331 905 I1!('I‘_\°l|t:t."

737 929 976 984 fundens
1008 929 1245 999 benigno
1301 930 1413 984 Deo
1471 930 1756 983 confitere.
1786 931 2012 984 Multum
2043 930 2192 984 enim
2233 928 2331 981 mi-

737 1023 981 1077 sericors
1031 1031 1116 1078 est
1170 1025 1458 1087 Dominus,
1511 1037 1562 1078 et
1603 1025 1773 1079 multa
1807 1035 1884 1078 est
1925 1023 2326 1086 misericordia.

735 1132 840 1184 qua
873 1132 972 1170 nos
1003 1134 1220 1187 semper
1250 1121 1631 1188 prosequitur.
1667 1119 1856 1184 Quoad
1901 1132 2118 1188 tempus
2160 1118 2328 1171 habe-

733 1201 880 1271 inus,
911 1211 1294 1279 paenitentiam
1325 1228 1572 1280 agamus.
1609 1213 1741 1267 Nam
1774 1213 1817 1265 si
1847 1212 2174 1282 pcenitentia
2213 1227 2322 1265 non

734 1311 898 1363 esset,
932 1302 1212 1371 quomodo
1237 1303 1407 1356 David
1445 1312 1564 1372 post
1591 1305 1896 1373 prophetia:
1929 1304 2158 1366 donum,
2199 1314 2324 1372 post

732 1411 991 1464 regnum,
1020 1404 1144 1464 post
1172 1395 1387 1449 Domini
1443 1396 1848 1457 testimonium,
1877 1395 1926 1447 in
1977 1395 2236 1448 adulterii
2267 1406 2322 1449 et

736 1485 901 1538 raedis
929 1484 1250 1538 barathrum
1294 1486 1501 1554 lapsus,
1529 1487 1709 1540 verbis
1746 1496 1797 1539 et
1855 1502 1909 1540 re
1941 1487 2320 1554 paenitentiam

733 1579 1053 1634 ostendens,
1090 1578 1280 1630 talium
1306 1589 1660 1647 peccatorum
1696 1581 2078 1634 remissionem
2101 1582 2318 1650 assequi

734 1669 1048 1736 potuisset?
1077 1668 1130 1723 Si
1174 1669 1513 1739 pmuitentite
1545 1671 1698 1723 locus
1751 1688 1856 1723 nou
1895 1681 1996 1731 est,
2037 1673 2320 1739 qumnodo

735 1762 792 1813 Β.
829 1762 1044 1824 Petrus,
1084 1763 1461 1831 apostolorum
1502 1765 1780 1831 princeps,
1846 1765 2166 1833 primusque
2223 1763 2313 1817 di-

735 1856 1000 1924 scipulus.
1036 1855 1128 1923 qui
1160 1854 1342 1908 claves
1369 1856 1493 1908 cadi
1523 1872 1549 1909 a
1579 1856 1688 1908 Deo
1722 1856 1935 1924 accepit
1969 1856 2015 1920 ',
2045 1872 2168 1909 cum
2215 1856 2318 1909 [)o-

735 1949 945 2002 minuu:
971 1947 1249 2002 Christum
1283 1964 1392 2000 non
1453 1948 1641 2010 semel,
1673 1964 1777 2000 non
1816 1949 1921 2010 bis,
1964 1948 2058 2001 scd
2112 1961 2192 2002 ter
2223 1966 2317 2002 nc-

734 2051 920 2112 gasset
956 2042 997 2105 ³,
1045 2051 1099 2095 et
1132 2052 1255 2110 post
1300 2041 1412 2094 hanc
1447 2056 1631 2094 amare
1685 2041 1948 2104 flevisset,
1985 2057 2092 2094 non
2140 2042 2316 2096 solum

733 2137 850 2206 cjus
883 2138 1092 2206 peccati
1147 2137 1531 2190 remissionem
1598 2136 1932 2214 impetravit,
1964 2137 2056 2190 sed
2113 2138 2317 2206 majore

734 2232 902 2284 etiam
971 2232 1179 2283 honore
1227 2231 1424 2298 dignus
1485 2229 1586 2282 fuit
1649 2231 1905 2290 habitus,
1958 2231 2311 2282 rationalium

732 2321 939 2376 Christi
993 2323 1176 2375 ovium
1237 2333 1422 2391 pastor
1483 2322 1935 2377 eil‘eetus"?.\'isi
1988 2322 2315 2391 pmnitentia

733 2421 903 2475 eSset,
941 2413 1219 2482 quomodo
1257 2429 1404 2474 eum.
1439 2411 1531 2481 qui
1567 2414 1708 2481 apud
1730 2413 2049 2467 Corinthios
2075 2413 2316 2466 fornica-

737 2515 826 2557 tus
860 2505 1059 2568 fuerat,
1109 2506 1313 2557 assumi
1376 2505 1669 2574 Apostolus
1699 2505 2011 2558 mandasset
2050 2523 2060 2556 :
2094 2505 2192 2570 Ne,
2235 2508 2317 2558 in-

734 2594 953 2664 quiens,
999 2594 1471 2648 circumveniatur
1499 2610 1525 2646 a
1553 2594 1752 2648 Satana
1784 2594 1839 2647 δῖ’

805 2685 995 2738 XXIV.
1029 2685 1207 2741 Iliset
1267 2685 1466 2740 talibus
1525 2685 1708 2738 verbis
1733 2701 1856 2740 cum
1907 2686 2025 2754 ejus
2070 2685 2314 2740 animum

737 2778 893 2831 valde
920 2777 1299 2851 confirmasset
1338 2793 1501 2830 verus
1531 2787 1583 2830 et
1613 2777 1931 2829 misericors
1965 2777 2154 2834 frater.
2188 2795 2313 2831 eum

737 2872 972 2940 rogavit,
1018 2880 1076 2924 ut
1109 2885 1294 2924 secum
1327 2886 1432 2923 una
1479 2885 1700 2924 manere
1726 2871 1927 2923 vellet:
1959 2886 2198 2940 cumque
2226 2873 2314 2925 ille

735 2966 941 3026 nollet,
983 2963 1048 3018 ad
1101 2965 1258 3033 cujus
1288 2964 1454 3034 pedes
1488 2964 1578 3016 Dei
1627 2979 1821 3017 servus
1849 2979 1904 3016 se
1937 2965 2155 3033 abjecit,
2190 2979 2316 3018 ecs-

734 3072 842 3125 que
873 3057 1171 3119 osculatus,
1224 3057 1378 3109 illum
1419 3057 1631 3117 orabat,
1662 3072 1725 3107 ne
1745 3054 1813 3109 ab
1843 3069 1909 3108 eo
1937 3065 2312 3122 separaretur,

735 3147 985 3217 cogitans
1021 3163 1083 3201 ac
1111 3157 1384 3207 metuens,
1426 3163 1494 3200 ne
1529 3148 1717 3216 aliquo
1773 3147 1935 3199 modo
1967 3146 2020 3198 iu
2052 3146 2316 3215 despera-

2443 644 2575 698 Esto
2608 648 2882 717 propitius
2910 649 3042 703 mihi
3080 651 3325 721 indigno,
3359 653 3501 708 bone
3539 655 3790 716 Domine.
3853 672 4027 726 neque

2439 741 2638 808 perdas
2688 758 2773 794 me
2799 759 2924 797 cum
2961 748 3296 814 turpissimis
3321 747 3480 802 factis
3525 751 3699 804 meis:
3744 766 3857 803 non
3888 765 4028 804 enim

2437 850 2620 902 parva:
2672 846 2800 888 sinit
2865 837 3173 906 impietates
3233 855 3385 894 meae.
3449 840 3712 912 Stuprum
3754 844 4030 905 commisi,

2435 925 2638 978 ea-deru
2669 926 2794 989 feci,
2839 932 3164 999 sanguinem
3195 931 3544 988 inuocentern
3574 935 3770 989 effudi.
3791 936 3874 990 Ad
3911 935 4025 990 h:ec

2434 1019 2616 1071 omnia
2652 1020 2912 1075 miserum
2966 1038 3168 1090 corpus
3197 1025 3374 1094 aquis,
3409 1026 3540 1081 feris
3590 1042 3651 1081 ac
3702 1027 4028 1082 volucribus

2432 1127 2617 1166 escam
2649 1114 2797 1168 dedi.
2853 1115 2916 1169 Et
2976 1133 3148 1180 nunc,
3189 1119 3439 1182 Domine,
3482 1120 3578 1174 tibi
3608 1122 3801 1175 scienti
3839 1123 4029 1176 omnia

2431 1200 2719 1268 confiteor,
2754 1202 2947 1258 harum
2986 1222 3171 1261 rerum
3207 1210 3418 1263 veniam
3450 1225 3478 1264 a
3513 1220 3564 1264 te
3601 1213 3914 1281 postulans.
3950 1214 4025 1267 Ne

2432 1307 2516 1345 me
2541 1291 2833 1361 deSpicias,
2875 1293 3123 1357 lton‘iiue,
3157 1297 3250 1350 sed
3289 1313 3388 1368 pro
3421 1308 3512 1351 tua
3540 1301 3925 1354 misericordia
3961 1313 4019 1356 et

2431 1387 2484 1439 in
2520 1387 2772 1441 homines
2801 1388 3090 1452 eharitate,
3117 1391 3379 1446 miserere
3440 1395 3544 1446 mei
3597 1394 3836 1449 hominis
3873 1396 4024 1464 impii

2428 1492 2591 1549 atque
2649 1481 2879 1551 indigni,
2935 1493 2991 1536 et
3051 1484 3186 1538 mihi
3243 1488 3520 1554 copiosam
3580 1489 4020 1542 ruiscricordiam

2429 1585 2574 1626 tuam
2607 1575 2914 1646 impertias,
2948 1591 3278 1647 omnemque
3331 1578 3674 1648 iniquitatem
3715 1597 3893 1634 meam
3928 1597 4022 1635 re-

2428 1671 2606 1725 mitte.
2646 1684 2712 1720 ne
2751 1669 2803 1722 in
2838 1670 3048 1738 peccati
3084 1669 3412 1739 profundam
3445 1672 3760 1740 voraginem
3795 1672 4018 1726 demer-

2425 1778 2546 1814 sum
2579 1761 2779 1815 obruat
2815 1778 2902 1817 me
2934 1762 3454 1817 vastatorisinimici
3480 1765 3739 1832 procella,
3762 1780 3828 1819 ne
3849 1766 4021 1820 draco

2423 1855 2602 1924 abyssi
2638 1871 2720 1908 me
2753 1854 3005 1908 devoret.

2492 1948 2682 2002 XXVI.
2713 1949 2823 2003 liae
2861 1951 3133 2003 constanti
3192 1953 3513 2019 prenitentia
3567 1962 3622 2005 et
3658 1951 4017 2006 confessione

2425 2053 2573 2100 usus,
2608 2038 2798 2091 decem
2839 2054 3012 2092 annos
3075 2039 3128 2091 in
3165 2041 3424 2107 spelunca
3475 2043 3758 2111 transegit,
3800 2042 3888 2094 vel
3960 2043 4015 2093 in

2422 2131 2676 2197 sepulcro
2707 2131 2892 2198 potius
2921 2131 3114 2184 duram
3161 2133 3326 2185 vitam
3362 2136 3622 2197 tolerans,
3681 2151 3712 2188 e
3767 2134 3891 2187 loco
3924 2134 4016 2185 illo

2423 2241 2530 2277 non
2561 2225 2716 2286 exiit,
2753 2240 2928 2294 neque
2980 2241 3106 2279 cum
3159 2227 3341 2296 aliquo
3381 2240 3633 2281 versatus
3685 2237 3789 2289 est,
3826 2243 4009 2295 mque

2420 2335 2750 2387 quemquam
2784 2320 3060 2374 allocutus
3096 2336 3109 2372 :
3153 2321 3246 2374 sed
3275 2322 3478 2374 amaris
3509 2321 3782 2391 Iaervmis,
3828 2321 4009 2389 gemi-

2423 2411 2571 2465 tibus
2601 2422 2654 2465 et
2677 2413 2928 2465 lamentis
2951 2413 3394 2469 intolerabiEibus
3423 2416 3701 2482 multaque
3735 2429 4012 2481 compun-

2420 2505 2597 2557 etione
2643 2521 2803 2558 omne
2837 2516 3054 2575 tempus
3112 2508 3398 2577 transegit.
3429 2507 3516 2560 bis
3560 2507 3614 2559 in
3657 2505 4011 2560 hcbdomada

2415 2598 2636 2666 jauuam
2656 2599 2928 2666 spelunca:
2953 2600 3224 2668 aperiens,
3243 2609 3295 2653 et
3317 2601 3486 2662 olera,
3504 2615 3624 2669 qua:
3659 2611 3816 2651 erant
3837 2614 4012 2667 prope

2419 2689 2621 2741 ostium
2657 2691 2922 2758 sepulcri.
2950 2691 3040 2743 ubi
3099 2691 3212 2760 ipse
3267 2692 3543 2749 manebat.
3597 2691 3906 2760 colligens;
3941 2705 4007 2742 ex

2420 2781 2618 2848 quibus
2654 2790 2864 2834 tantum
2894 2781 3240 2843 comedebat,
3272 2792 3538 2850 quantum
3570 2783 3674 2835 sibi
3715 2782 3849 2834 satis
3881 2796 4008 2834 esse

2421 2874 2683 2942 putabat;
2713 2883 2878 2942 atque
2916 2875 2968 2927 in
3003 2875 3324 2944 speluncam
3358 2875 3764 2936 revertebatur,
3803 2874 4010 2927 multas

2419 2965 2530 3018 Deo
2593 2967 2795 3034 gratias
2851 2982 3039 3032 agens,
3102 2968 3362 3036 omnique
3417 2977 3661 3035 tempore
3720 2968 4006 3034 precibus.

2419 3059 2619 3128 vigiliis
2645 3068 2699 3112 et
2722 3058 3089 3114 confessionis
3126 3060 3548 3129 perseverantia
3586 3058 3722 3112 dans
3752 3075 4005 3128 operam.

2419 3150 2787 3216 Quamobrem
2822 3151 3096 3221 benignus
3128 3151 3290 3210 Deus.
3326 3154 3419 3221 qui
3466 3168 3573 3204 nou
3613 3151 3729 3202 vult
3763 3160 4001 3203 mortem

735 3243 940 3295 tionem
963 3240 1250 3300 incideret,
1274 3240 1581 3294 etauimam
1607 3255 1760 3293 suam
1786 3241 2012 3294 omnino
2029 3240 2306 3310 perderet.
2341 3253 2380 3307 ε
2417 3245 2725 3314 peccatoris
2754 3246 2794 3306 ‘,
2822 3245 2917 3299 sed
2976 3245 3393 3299 conversionem
3443 3253 3498 3297 et
3544 3244 3731 3302 vitam,
3780 3251 4000 3294 tantum

733 3334 868 3387 Cum
901 3348 1030 3387 vero
1058 3335 1414 3387 vehementer
1437 3348 1564 3385 eum
1587 3332 1911 3392 admonens,
1933 3347 2128 3400 rogans
2148 3342 2312 3398 atque

732 3427 1051 3489 obsecrans,
1095 3425 1169 3478 illi
1205 3424 1541 3494 persuadere
1576 3439 1683 3476 non
1732 3434 1937 3491 posset,
1970 3434 2196 3477 sanctus
2226 3425 2310 3476 vir

735 3519 1004 3588 angustiis
1029 3531 1384 3585 compressus
1413 3525 1468 3568 et
1499 3515 1694 3584 spiritu
1717 3516 2103 3585 ingemiscens,
2146 3526 2312 3585 atque

735 3627 836 3680 pro
860 3625 926 3664 eo
955 3624 1283 3679 magnopere
1320 3608 1492 3662 Deum
1538 3619 1815 3676 precatus.
1876 3609 2027 3661 illum
2086 3608 2313 3674 dimisit,

733 3719 859 3758 cum
912 3701 1324 3756 benedictiones
1379 3700 1542 3754 etiam
1577 3699 1836 3761 dedisset,
1895 3701 2095 3768 quibus
2139 3701 2311 3756 invia

739 3806 1006 3851 uteretur.
1032 3795 1280 3863 Cumque
1311 3809 1414 3847 uua
1451 3808 1574 3848 cum
1630 3793 1721 3846 illo
1755 3808 1925 3861 usque
1980 3792 2046 3845 ad
2083 3793 2313 3862 quinde-

737 3891 844 3941 cini
879 3888 1130 3941 milliaria
1161 3888 1367 3946 ivisset,
1406 3901 1512 3938 nou
1541 3883 1826 3938 desinebat
1860 3884 2038 3952 ipsqu
2072 3884 2305 3950 hortari,

738 3984 955 4052 longam
1005 3981 1070 4035 de
1134 3979 1459 4049 paenitentia
1515 3979 1823 4032 orationem
1886 3976 2114 4030 habens.
2173 3977 2310 4030 Eum

736 4073 937 4129 deinde
1003 4074 1306 4137 amplexus,
1357 4081 1566 4124 etcum
1621 4069 1877 4139 lacrymis
1924 4070 2223 4132 osculatus,
2250 4084 2312 4125 ac

739 4183 838 4236 pro
868 4167 986 4236 ipso
1022 4166 1194 4220 Deum
1236 4176 1514 4234 precatus,
1551 4163 1605 4217 in
1644 4163 1898 4218 cellulam
1929 4177 2082 4216 suam
2124 4178 2312 4216 rever-

737 4275 832 4314 SUS
855 4269 960 4314 CSI.

807 4349 970 4403 XXV.
999 4347 1239 4404 Jacobus
1276 4355 1458 4402 autem
1493 4361 1617 4400 cum
1644 4345 1762 4408 viae,
1801 4361 1922 4414 quae
1955 4345 2007 4399 iu
2043 4346 2308 4399 mundum

736 4442 994 4506 ducebat,
1063 4457 1122 4494 se
1175 4441 1433 4501 dedisset,
1487 4441 1542 4494 in
1607 4440 1802 4492 itinere
1862 4450 1999 4492 erat.
2064 4437 2310 4507 Cumque

738 4548 946 4603 partem
982 4532 1275 4604 quamdam
1310 4532 1410 4585 viae
1443 4531 1819 4600 transegisset,
1855 4539 1908 4583 et
1959 4531 2182 4600 paulum
2213 4529 2307 4583 de-

2418 3345 2472 3388 et
2505 3346 2610 3388 tam
2642 3337 2875 3389 multum
2930 3335 3174 3390 laborem
3207 3352 3313 3388 non
3361 3336 3577 3387 inanem
3611 3349 3793 3402 neque
3830 3333 4004 3386 inuti-

2419 3425 2522 3479 lem
2550 3442 2670 3480 esse
2703 3443 2894 3495 passus
2942 3435 3043 3480 est.
3077 3427 3208 3496 Ejus
3257 3425 3403 3478 enim
3440 3439 3629 3492 puram
3663 3434 3719 3477 et
3770 3425 4008 3494 diligen-

2422 3521 2686 3572 tissimam
2725 3519 3103 3587 paenitentiam
3157 3517 3469 3580 attendens,
3518 3526 3797 3570 tantorum
3829 3528 3888 3569 et
3923 3529 4008 3569 ta-

2418 3612 2550 3664 lium
2575 3623 2928 3681 peccatorum
2961 3611 3174 3664 vcniam
3205 3609 3256 3663 ei
3288 3607 3460 3662 dedit.

3023 3746 3250 3802 CAPUT
3276 3745 3359 3800 \‘l.

2470 3863 2655 3917 Pluvia
2701 3865 3004 3932 impetrata.
3037 3861 3158 3915 Alia
3195 3859 3478 3913 miracula.
3507 3856 3692 3912 Sancti
3721 3859 3918 3912 obitus.

2490 3976 2702 4030 XXVII.
2728 3975 2975 4042 Cumque
3001 3984 3053 4027 et
3079 3984 3272 4027 sancto
3297 3973 3372 4025 illi
3401 3971 3631 4032 homini,
3656 3982 3713 4024 et
3741 3971 4007 4024 omnibus

2415 4069 2538 4122 aliis
2569 4067 2909 4136 pceuitentiaa
2942 4067 3049 4117 vim
3091 4063 3434 4117 manifestam
3473 4064 3616 4115 Deus
3656 4062 3772 4130 ipse
3820 4063 4006 4117 facere

2414 4161 2602 4223 vellet,
2655 4157 2926 4228 permisit,
2983 4166 3042 4209 ut
3097 4155 3620 4208 vehementissimus
3671 4155 3902 4221 squalor
3949 4164 4007 4208 et

2414 4253 2611 4321 pluviae
2651 4248 2881 4319 penuria
2931 4257 3099 4300 totam
3153 4246 3299 4297 illam
3361 4244 3636 4313 regionem
3697 4245 4003 4298 detineret.

2415 4347 2602 4414 Itaque
2636 4352 2756 4412 post
2788 4341 2956 4394 multa
2976 4339 3204 4410 jejunia,
3242 4353 3435 4406 preces
3461 4337 4002 4404 etsupplicationes.

2415 4436 2718 4489 revelatum
2781 4433 2884 4484 fuit
2934 4431 3178 4484 civitatis
3237 4429 3384 4482 illius
3435 4428 3853 4496 religiosissime
3884 4430 4005 4495 cri-

2416 4539 2602 4592 sc0po,
2639 4522 2758 4573 viro
2787 4530 2974 4574 saneto
2997 4530 3053 4572 et
3093 4519 3264 4572 Deum
3322 4513 3623 4574 metuenti.
3647 4533 3770 4570 esse
3799 4533 4001 4586 quern-

736 4627 1018 4688 clinassei,
1074 4635 1234 4679 vetus
1280 4623 1556 4692 quoddam
1613 4623 1921 4690 sepulcrum
1971 4622 2200 4684 invenit,
2242 4623 2304 4674 ad
2344 4605 2386 4660 Ι)
2415 4614 2538 4668 dam
2567 4612 2867 4675 hominem,
2903 4627 2965 4664 ea
3009 4611 3062 4662 in
3107 4609 3330 4678 regione
3361 4609 3413 4660 in
3443 4608 3702 4676 sepulcro
3735 4608 4001 4661 habitan-

735 4718 964 4788 ‘figu'ram
993 4718 1269 4787 speluncae
1303 4715 1528 4778 factum,
1561 4715 1614 4768 in
1649 4728 1758 4781 quo
1794 4713 2026 4782 plurima
2061 4725 2308 4767 mortuo-

737 4827 856 4864 rum
886 4826 1005 4864 ossa
1047 4810 1284 4878 reposita
1326 4817 1502 4872 erant,
1535 4821 1656 4875 qua:
1713 4807 1977 4874 temporis
2036 4816 2308 4860 vetustate

735 4903 848 4958 fere
881 4912 941 4956 ut
968 4901 1144 4972 pulvis
1177 4907 1483 4954 evaserant.
1517 4898 1636 4964 Quo
1689 4897 1993 4966 ingressus,
2037 4913 2161 4950 cum
2187 4912 2308 4950 ossa

735 4995 825 5048 illa
879 4995 933 5048 in
986 5007 1154 5046 unum
1207 4989 1536 5059 collegisset,
1572 4987 1626 5040 in
1662 4987 1898 5055 quodam
1966 4988 2304 5040 monumenti

733 5086 934 5157 angulo
973 5101 1038 5138 ea
1095 5083 1339 5152 reposuit
1375 5099 1388 5134 :
1425 5094 1659 5148 cumque
1723 5088 1964 5131 veterem
2031 5078 2302 5146 spelunca:

729 5182 949 5247 januam
981 5178 1326 5241 occlusisset,
1371 5183 1427 5228 et
1489 5188 1665 5242 genua
1715 5171 1766 5224 in
1802 5180 1946 5224 terra
2009 5171 2300 5238 posuisset,

729 5284 925 5344 pectus
945 5271 1260 5332 verberans,
1304 5279 1499 5334 magno
1529 5279 1653 5319 cum
1688 5263 1892 5332 ejulatu
1926 5275 1988 5314 ac
2034 5262 2300 5314 lamenta-

733 5365 880 5418 tione
909 5363 981 5415 ita
1013 5361 1123 5414 Deo
1147 5357 1513 5413 confitebatur
1542 5373 1553 5408 :
1588 5352 1874 5420 Quomodo
1909 5352 1974 5404 ad
2012 5362 2085 5415 te,
2135 5351 2297 5414 Deus,

732 5453 921 5508 oculos
967 5447 1418 5520 crigam‘iQuale
1474 5443 1840 5499 confessionis
1895 5457 2032 5496 mea:
2085 5441 2302 5497 initium

732 5547 969 5602 faciam?
997 5544 1118 5610 Quo
1147 5545 1349 5605 animo,
1381 5552 1596 5610 quaque
1626 5535 1960 5590 conscientia
1988 5535 2179 5598 fretus,
2204 5536 2303 5588 im-

733 5643 878 5712 piam
903 5640 1142 5710 linguam
1183 5645 1240 5692 et
1287 5635 1429 5690 labia
1460 5632 1718 5688 sordibus
1753 5631 1912 5700 plena
1941 5643 2180 5696 ,movere
2207 5645 2271 5699 ag

729 5730 992 5804 grediar?
1022 5730 1262 5784 Primum
1307 5726 1630 5804 cujusquam
1672 5718 1884 5791 peccati
1915 5717 2300 5772 remissionem

2415 4717 2547 4768 tem,
2581 4705 2768 4758 habitu
2800 4702 3022 4772 quidem
3048 4700 3332 4762 humilem,
3358 4699 3452 4752 sed
3484 4700 3684 4767 spiritu
3723 4711 3780 4750 et
3805 4699 3998 4751 animo

2415 4805 2664 4848 sanctum
2691 4811 2704 4858 ;
2729 4792 2820 4862 qui
2851 4793 2892 4845 si
2929 4791 2996 4844 ab
3025 4790 3158 4858 ipsis
3196 4803 3514 4858 persuasus,
3532 4789 3703 4841 Deum
3734 4800 3996 4855 premitus

2410 4889 2626 4947 fuisset.
2662 4885 2843 4939 omnia
2895 4885 3031 4936 mala
3083 4898 3204 4951 qua:
3237 4881 3309 4933 illi
3345 4879 3550 4948 regioni
3612 4879 3999 4941 imminerent,

2411 4987 2702 5034 averteret.
2743 4975 3136 5030 Sanctissimus
3173 4972 3336 5040 igitur
3383 4972 3678 5040 episcopus
3720 4988 3852 5025 eum
3883 4983 4001 5024 to.u

2409 5072 2558 5124 clero
2584 5068 2748 5138 jussit
2774 5081 2965 5120 oumes
3011 5061 3330 5133 congregari
3386 5062 3452 5112 ad
3511 5061 3783 5113 visionem
3847 5062 4000 5113 illam

2408 5160 2758 5222 audiendarn,
2788 5171 2950 5228 quam
2973 5155 3055 5210 eis
3086 5164 3409 5206 narraturus
3429 5161 3568 5206 erat.
3602 5163 3660 5204 ut
3706 5168 3834 5205 cum
3861 5167 4001 5220 sup-

2409 5255 2797 5326 plicationibus
2825 5250 2892 5304 ad
2917 5250 3234 5318 speluncam
3272 5247 3377 5299 sibi
3416 5246 3733 5304 revelatam,
3764 5248 3834 5298 ad
3869 5262 4000 5300 eum

2407 5349 2653 5401 divinum
2680 5345 2960 5398 hominem
2994 5339 3228 5394 adirent.
3273 5337 3411 5392 Cum
3446 5336 3500 5390 id
3531 5336 3734 5390 factum
3770 5338 3996 5396 fuisset.

2406 5451 2461 5495 et
2487 5439 2553 5492 ad
2586 5453 2712 5491 eum
2748 5438 2928 5490 locum
2959 5431 3256 5494 venissent,
3282 5431 3488 5499 justum
3516 5429 3669 5481 illum
3706 5428 3996 5480 hominem

2405 5529 2756 5588 invenerunt,
2788 5523 3082 5591 multisque
3115 5519 3373 5590 precibus
3393 5519 3462 5571 ab
3492 5533 3558 5571 co
3592 5518 3897 5586 petierunt,
3933 5526 3998 5569 ut

2400 5634 2592 5674 eorum
2625 5615 2866 5686 regionis
2890 5613 3266 5673 misereretur,
3320 5619 3375 5663 et
3410 5608 3579 5662 Deum
3615 5607 3834 5675 precari
3873 5607 3997 5658 vel-

2401 5712 2496 5773 let,
2526 5708 2594 5763 ab
2622 5721 2799 5776 eoque
2821 5706 3115 5774 impetrare
3135 5710 3195 5755 ut
3224 5699 3428 5770 popqu
3455 5713 3557 5753 suo
3586 5698 3998 5752 reconciliare.

826 5907 844 5934 '
876 5908 1060 5963 Matth.
1105 5924 1214 5972 xvi,
1281 5905 1362 5960 I9.
1453 5905 1473 5936 ³
1507 5901 1697 5958 Matth.
1729 5915 1879 5965 xxvi,
1913 5902 1998 5955 74.
2077 5900 2277 5954 ‘Joan.
2342 5913 2452 5963 xvi,
2484 5897 2573 5950 Π.
2657 5895 2676 5926 ⁸
2721 5891 2761 5946 ΙΙ
2795 5889 2920 5945 Cor.
2981 5901 3039 5952 It,
3104 5883 3188 5937 Η.
3270 5885 3290 5915 ⁸
3324 5880 3523 5936 Ezeeh.
3560 5895 3717 5943 xvur,
3756 5878 3853 5935 32.
