4178 6484
167 418 309 481 1229

1231 409 1405 472 VITA
1447 411 1546 471 SS.
1590 409 1764 471 CYRI
1806 407 1900 467 ET
1938 408 2278 470 JOANNIS.

3287 408 3419 470 1230

164 540 275 593 tur,
309 539 365 583 et
393 534 719 597 praesentem
747 526 1056 596 squalorem
1088 523 1388 595 depellens.
1416 523 1656 593 pluviam
1690 520 1743 573 in
1779 526 1819 581 Α
1852 528 1959 572 tate
1994 518 2084 571 illa
2112 534 2271 572 aerea
2315 517 2529 571 liberati
2560 528 2686 572 sunt
2716 534 2728 571 :
2756 524 2811 570 et
2866 517 3116 587 hymnos,
3147 518 3418 587 supplica-

164 637 359 676 eorum
386 630 591 675 terram
625 619 959 675 demitteret.

238 712 476 766 XXVIII.
519 713 609 765 Ille
640 711 775 767 nihil
828 712 1054 764 omnino
1078 710 1157 765 eis
1189 710 1552 780 respondens.
1583 724 1741 760 suum

166 814 364 872 pectus
390 803 742 869 verberabat,
782 819 958 872 neque
986 804 1037 855 in
1083 805 1282 857 coelum
1316 802 1503 857 oculos
1535 801 1744 867 erigere

167 898 399 959 audens,
425 897 476 950 id
507 908 715 950 tantum
740 896 956 951 dicebat
992 915 1001 946 :
1038 896 1314 965 Propitius
1334 906 1472 951 esto.
1504 894 1743 954 Christe,

170 990 358 1042 mullis
389 990 526 1044 meis
558 989 951 1059 impietatibus.
1007 990 1309 1059 Episcopus
1352 1005 1483 1042 vero
1534 1004 1656 1042 cum
1693 988 1746 1041 in

171 1082 672 1151 supplicationibus
697 1091 860 1151 atque
901 1082 1308 1135 hortationibus
1349 1093 1747 1149 perseveraret,

174 1189 352 1242 neque
384 1189 706 1242 responsum
736 1174 955 1243 aliquod
987 1175 1055 1227 ab
1101 1190 1165 1228 eo
1216 1176 1507 1243 reciperet,
1541 1176 1634 1227 illo
1664 1191 1747 1227 rc-

172 1269 325 1329 Iicto,
358 1268 450 1336 qui
502 1283 567 1320 eo
603 1278 883 1331 venerant,
936 1268 1299 1322 lamentantes
1336 1268 1539 1321 reversi
1597 1278 1746 1320 sunt.

168 1361 422 1429 Cumque
452 1360 515 1414 ad
540 1361 828 1414 ecclesiam
862 1361 1165 1422 venissent,
1212 1361 1319 1413 illic
1348 1375 1541 1413 rursus
1574 1361 1747 1429 lacry-

171 1459 389 1502 mentes
440 1458 491 1503 et
527 1449 802 1518 supplices
835 1464 862 1501 a
914 1450 1150 1517 benigno
1183 1449 1293 1501 Deo
1321 1451 1586 1501 malorum
1620 1450 1753 1501 libe-

175 1543 446 1594 rationem
496 1544 833 1609 quaerebant.
873 1541 1007 1594 Cum
1062 1557 1190 1593 vero
1238 1542 1423 1593 multis
1449 1540 1642 1595 diebus
1673 1542 1751 1594 la-

175 1644 488 1687 mentantes
532 1650 591 1687 ac
635 1636 947 1704 jejuaantes
974 1634 1139 1686 Deum
1182 1634 1555 1701 implorarent,
1589 1647 1645 1684 ut
1674 1634 1755 1686 eis

173 1726 470 1777 subvenire
506 1724 703 1789 vellet,
747 1726 943 1778 iterum
968 1725 1145 1777 eidem
1174 1725 1429 1793 episcopo
1458 1727 1751 1779 revelatum

176 1829 285 1881 ρδι,
318 1829 373 1871 et
407 1819 553 1871 clara
589 1832 689 1868 vox
749 1817 933 1869 audita
997 1816 1119 1877 fuit,
1173 1831 1292 1882 quae
1331 1818 1401 1869 ita
1429 1818 1564 1870 dixit
1602 1839 1613 1871 ;
1651 1815 1751 1869 Abi

178 1910 243 1961 ad
276 1924 494 1961 servum
531 1924 709 1961 meum
734 1908 1018 1973 Iacobum,
1045 1926 1205 1978 quem
1232 1912 1451 1979 tibijani
1488 1910 1748 1973 revelavi,

176 2005 338 2071 eique
372 2002 722 2070 persuadeas.
757 2014 812 2053 ut
842 2001 1018 2055 dehis
1053 2002 1219 2055 rebus
1251 2018 1333 2055 me
1369 2018 1527 2057 orare
1568 2004 1699 2057 velit
1736 2023 1749 2056 :

174 2110 242 2147 eo
277 2110 425 2146 enim
458 2102 669 2157 orante,
712 2093 777 2146 iis
808 2093 964 2146 malis
1003 2108 1121 2161 quze
1169 2094 1375 2163 regioni
1417 2096 1751 2162 impendent,

180 2187 341 2237 liberi
377 2185 548 2237 eritis.

254 2275 447 2329 XXIX.
496 2275 765 2330 Reversus
797 2278 963 2346 igitur
994 2292 1115 2329 cum
1144 2287 1256 2331 toto
1287 2276 1435 2331 clero
1468 2285 1521 2329 et
1554 2279 1755 2346 pepulo

176 2381 407 2422 sanctus
435 2368 527 2421 Dei
561 2369 815 2422 sacerdos
842 2370 1098 2438 pergebat
1150 2371 1337 2423 divino
1388 2371 1592 2423 homini
1624 2387 1755 2438 sup-

178 2460 507 2529 plicationes
529 2459 907 2512 atl'erre.Timc
927 2460 1014 2512 ille
1046 2460 1268 2523 invitus,
1294 2470 1352 2512 ut
1372 2460 1522 2513 brevi
1553 2460 1753 2520 dicam,

180 2561 236 2601 et
304 2549 488 2600 multis
543 2549 1037 2615 supplicationibus
1106 2551 1399 2613 adductus,
1459 2560 1514 2603 et
1562 2550 1755 2602 abillo

182 2653 379 2694 sancto
410 2642 668 2709 episcopo
692 2656 1007 2708 persuasus,
1051 2641 1194 2708 quod
1222 2641 1405 2693 divina
1427 2642 1757 2694 revelatioue

181 2733 252 2785 ad
305 2738 649 2786 commissus
692 2732 951 2791 venisset,
986 2734 1183 2785 creetis
1225 2735 1275 2785 iii
1330 2735 1525 2785 coelum
1559 2735 1754 2795 oculis,

186 2826 364 2879 multo
410 2836 652 2892 tempore
706 2834 945 2877 attentas
1002 2838 1191 2891 preces
1245 2824 1479 2877 habuit:
1525 2840 1757 2892 cumque

184 2920 369 2973 adhuc
407 2920 460 2971 iii
490 2921 609 2987 ejus
631 2934 724 2971 ore
760 2932 953 2986 preces
982 2927 1185 2978 essent,
1213 2916 1388 2969 bonus
1427 2926 1483 2969 et
1537 2918 1755 2971 iniseri-

182 3027 315 3065 cors
348 3012 511 3073 Deus,
552 3011 644 3079 qui
683 3011 863 3062 omnia
930 3024 987 3063 se
1039 3009 1411 3062 metuentibus
1444 3010 1659 3063 abunde
1706 3020 1761 3063 et

184 3104 349 3157 facile
376 3103 627 3169 largitur,
664 3116 720 3154 re
752 3103 867 3170 ipsa
904 3101 1036 3153 illud
1068 3102 1377 3154 divinarum
1430 3102 1758 3155 Litterarum

185 3196 399 3247 dictum
436 3195 705 3262 implens:
744 3213 760 3242 ι
795 3195 983 3246 Adhuc
1017 3204 1067 3247 te
1092 3195 1370 3260 loquente,
1399 3194 1598 3253 dicam,
1621 3195 1760 3249 Ecce

188 3289 387 3340 adsum
421 3287 462 3349 ⁷,
498 3306 514 3335 i
558 3286 794 3354 pluviam
825 3286 1051 3338 multam
1088 3286 1139 3338 in
1168 3297 1369 3338 terram
1410 3288 1653 3340 demisit.

264 3376 436 3429 XXX.
465 3378 635 3440 Quam
691 3378 952 3445 majorem
992 3377 1046 3427 in
1105 3376 1323 3427 modum
1365 3376 1638 3439 admirati,
1671 3380 1767 3447 hy-

188 3482 382 3520 mnum
418 3482 516 3535 pro
549 3468 736 3535 gratiis
781 3468 1006 3537 agendis
1038 3467 1379 3520 misericordi
1417 3468 1523 3521 Deo
1555 3482 1609 3522 et
1639 3472 1760 3538 ejus

192 3560 612 3619 iiiagniliccntiaa
646 3559 986 3621 cecinerunt,
1009 3575 1067 3611 ac
1101 3561 1302 3611 reversi
1334 3570 1460 3612 sunt
1490 3560 1763 3613 :divinam

197 3668 333 3706 vero
367 3652 590 3720 gloriam
618 3650 981 3715 celebrantes,
1019 3652 1138 3717 ejus
1184 3667 1371 3705 serves
1406 3652 1593 3705 beatos
1633 3672 1767 3722 prae-

191 3743 474 3801 dicabant.
493 3742 584 3811 qui
603 3757 695 3810 per
711 3742 931 3795 virtutis
947 3744 1418 3807 exercitationem,
1436 3745 1526 3797 tali
1549 3761 1610 3799 ac
1630 3759 1779 3801 tanto

201 3836 415 3887 honore
450 3845 505 3886 et
536 3834 705 3902 gratia
739 3833 886 3902 digni
940 3833 1307 3888 efficerentur.
1346 3836 1420 3889 Eo
1470 3826 1633 3905 igitur
1667 3854 1780 3892 ma-

201 3925 356 3977 ximo
388 3924 658 3977 beneﬁcio
690 3942 718 3975 a
756 3924 991 3992 benigno
1022 3925 1131 3977 Deo
1165 3926 1356 3994 adjuti,
1393 3940 1445 3977 et
1474 3928 1655 3980 divina
1688 3930 1777 3982 illa

198 4018 358 4083 plaga
384 4014 774 4081 Iiberati,quae
827 4030 925 4082 per
956 4013 1049 4067 Dei
1102 4030 1317 4067 servum
1376 4015 1637 4069 Jacobuin
1692 4034 1778 4070 re-

199 4106 360 4171 pulsa
392 4114 497 4165 est,
525 4104 590 4157 ad
625 4104 952 4156 hodiernum
983 4119 1155 4170 usque
1196 4104 1336 4157 diem
1392 4120 1485 4173 per
1538 4106 1777 4175 singulos

198 4211 377 4249 annos
402 4196 549 4249 illius
593 4196 701 4249 diei
744 4198 1062 4248 memoriam
1108 4197 1406 4257 celebrant,
1450 4213 1559 4265 quo
1608 4198 1777 4250 aridi-

256 4339 273 4357 "
310 4337 415 4390 lsa.
457 4352 606 4404 Lviii,
633 4338 686 4395 9.

1216 4513 1361 4524 —.

1851 610 2027 662 tiones
2050 620 2103 661 et
2129 611 2331 678 gratias
2360 608 2609 662 assiduas
2638 608 2857 662 Christo
2886 620 3072 677 agunt.

1920 697 2110 750 ΧΧΧΙ.
2154 698 2303 751 Multi
2339 715 2468 753 vero
2506 700 2735 753 diversis
2765 699 2974 753 morbis
3004 698 3210 753 detenti
3244 717 3273 755 e
3326 719 3420 769 pu-

1850 789 1977 857 piilo
2007 790 2145 856 ipso,
2178 805 2280 841 una
2306 806 2426 842 cuin
2462 790 2740 859 episcopo,
2770 793 3161 845 consolationis
3185 809 3236 845 et
3256 810 3417 847 cura-

1852 885 2012 936 tionis
2050 896 2210 935 cansa
2241 882 2305 934 ad
2330 881 2424 935 Dei
2451 899 2670 937 servum
2696 883 2957 936 Jacobum
2995 886 3382 956 confugiebant
3408 911 3416 941 ;

1849 996 1987 1047 quos
2034 978 2122 1033 ille
2162 981 2283 1032 oleo
2335 962 2523 1032 sancto
2580 990 2794 1044 unctos,
2842 989 2895 1033 et
2947 981 3147 1032 Christi
3202 982 3421 1035 nomine

1852 1073 2190 1135 benedictus,
2219 1073 2290 1126 ita
2318 1074 2566 1133 sanabat,
2606 1083 2663 1125 ut
2694 1071 2915 1125 domum
2962 1072 3165 1123 reversi
3197 1072 3421 1138 gloriam

1852 1167 1945 1218 Dei
1978 1165 2375 1229 collandarent,
2408 1165 2498 1233 qui
2536 1179 2632 1232 per
2654 1179 2869 1217 servum
2904 1180 3061 1217 suum
3081 1165 3419 1217 curationem

1854 1258 1986 1325 ipsis
2013 1256 2285 1310 attulerat.
2326 1256 2527 1311 Otnncs
2552 1256 2738 1325 igitur,
2772 1257 2864 1323 qui
2889 1256 3164 1310 civitatein
3203 1271 3266 1309 ac
3302 1257 3422 1309 lini-

1854 1351 2039 1403 lllllam
2074 1349 2347 1415 regionem
2386 1348 2725 1410 habitabant,
2768 1359 3002 1418 aegrotos
3032 1364 3160 1402 suos
3205 1350 3272 1402 ad
3297 1365 3420 1402 eum

1856 1441 2123 1505 ferebant,
2157 1440 2239 1494 vel
2297 1441 2580 1510 rogabant,
2634 1451 2712 1501 ut,
2754 1440 2885 1508 ipsis
2952 1441 3290 1498 absentibus.
3327 1457 3423 1509 pro

1855 1549 2045 1585 eorum
2078 1524 2253 1585 salUte
2286 1536 2397 1599 ipse
2454 1533 2621 1585 Deum
2678 1542 2859 1585 oraret
2888 1552 2899 1584 :
2931 1549 2993 1587 ac
3029 1534 3209 1586 statim
3240 1535 3424 1587 diviiia

1855 1642 1956 1694 ope
1990 1626 2327 1677 curationem
2360 1626 2794 1692 assequebantur
2827 1645 2836 1676 :
2877 1635 3025 1677 tanta
3063 1628 3205 1677 enim
3257 1626 3427 1696 gratia

1858 1719 1932 1771 illi
1963 1718 2157 1770 collata
2186 1728 2287 1776 est,
2333 1727 2390 1769 ut
2415 1718 2497 1769 vel
2536 1719 2651 1770 solo
2676 1733 2932 1771 sermone
2961 1719 3143 1772 statim
3184 1720 3428 1788 impuros

1858 1812 2087 1880 spiritus
2131 1810 2359 1877 fugaret.

1932 1903 2369 1957 XXXII.Eodeni
2394 1913 2576 1953 autem
2600 1901 2718 1968 ipso
2750 1918 2912 1959 anno.
2945 1919 3054 1969 quo
3074 1902 3426 1955 acerbissima

1859 1999 1945 2051 illa
1981 1998 2249 2065 squaloris
2296 1997 2444 2063 plaga
2503 1995 2713 2063 repulsa
2759 2006 2870 2053 est.
2910 1996 2999 2047 Dei
3048 2012 3237 2049 seivus
3275 1997 3431 2050 Jam-

1859 2089 1961 2143 bus
1989 2089 2281 2142 accersivit
2332 2088 2738 2141 sanctissimum
2785 2089 3143 2157 episc0puni,
3196 2104 3431 2158 eumque

1858 2183 2087 2250 rogavit,
2123 2191 2181 2233 ut
2212 2183 2549 2248 speluncam,
2580 2182 2681 2233 hoc
2712 2192 2816 2243 est,
2844 2184 3157 2249 sepulcrum
3177 2194 3425 2246 curaret,

1860 2275 1910 2327 in
1942 2290 2048 2342 quo
2074 2275 2275 2342 jamdiu
2311 2275 2422 2342 ipse
2456 2274 2793 2326 domicilium
2829 2275 3117 2338 habuerat,
3166 2285 3221 2330 et
3265 2276 3333 2330 ab
3369 2292 3435 2330 eo

1861 2368 2071 2435 petivit,
2103 2377 2159 2419 ut
2187 2376 2437 2419 mortuus
2469 2368 2577 2419 illic
2609 2367 2955 2433 sepeliretur.
2998 2367 3051 2420 Id
3097 2385 3221 2421 cum
3257 2370 3343 2422 ille
3379 2385 3434 2423 se

1858 2464 2129 2513 Iacturuui
2160 2458 2524 2526 promisisset,
2560 2470 2612 2509 et
2660 2460 2711 2510 in
2743 2462 2935 2511 urbem
2969 2476 3230 2513 reversus
3259 2472 3429 2521 esset,

1860 2564 1980 2621 post
2009 2568 2211 2620 paucos
2238 2552 2355 2606 dies
2379 2552 2434 2603 Β.
2462 2552 2698 2605 Jacobus
2717 2548 2769 2604 in
2802 2565 3083 2607 senectute
3110 2556 3247 2608 bona
3271 2557 3432 2618 obiit,

1860 2646 2110 2712 quintum
2150 2654 2199 2694 et
2254 2644 2717 2711 septuagesimum
2784 2659 2984 2696 annum
3038 2659 3222 2713 agens.
3274 2645 3431 2710 Quod

1863 2752 1985 2788 cum
2018 2735 2463 2803 religiosrssiuius
2490 2734 2780 2801 episcopus
2820 2736 3185 2803 cognovisset,
3210 2736 3276 2788 ad
3310 2751 3437 2787 eum

1864 2827 2042 2879 locum
2082 2840 2204 2879 cum
2243 2834 2357 2878 toto
2424 2826 2574 2879 clero
2620 2835 2675 2879 et
2736 2826 2921 2894 probis
2977 2826 3130 2881 laicis
3162 2830 3435 2883 acceSsit:

1864 2920 1955 2986 qui
2012 2934 2135 2972 cum
2187 2917 2523 2971 aroniatiaus
2582 2920 2841 2986 pretiosis
2901 2934 3026 2971 eum
3077 2921 3435 2978 condiissent.

1866 3013 2035 3065 Deum
2069 3012 2244 3079 ipsum
2272 3020 2323 3064 et
2350 3012 2469 3080 ejus
2523 3012 2748 3079 gloriam
2777 3010 3140 3075 celebrantes,
3174 3030 3436 3068 veneran-

1867 3105 1962 3158 das
1998 3107 2113 3172 ejus
2152 3104 2411 3172 reliquias
2462 3105 2513 3155 iii
2573 3105 2665 3157 illo
2695 3106 2813 3171 ipso
2869 3118 3224 3159 monumento
3264 3108 3435 3175 depo-

1870 3209 2120 3251 ευθτιιιιι.

1944 3288 2403 3343 XXXIIIJ’ostea
2462 3304 2683 3345 saueius
2751 3290 2842 3346 Dei
2907 3294 3165 3348 sacerdos
3227 3310 3435 3348 sacram

1872 3382 2041 3434 aedem
2100 3384 2162 3434 ad
2201 3384 2519 3450 speluncam
2570 3383 2879 3445 :edilii-avit,
2908 3386 3135 3453 ejusque
3185 3384 3441 3451 reliquias

1873 3474 2001 3525 illuc
2037 3476 2337 3525 transtulit.
2375 3474 2494 3539 Quo
2530 3492 2582 3527 Ill
2639 3474 2757 3528 loco
2803 3492 2973 3543 usque
3013 3476 3076 3528 ad
3112 3475 3437 3528 hodiernum

1874 3564 2019 3617 diem
2055 3565 2211 3616 multi
2266 3576 2553 3624 curantur.
2591 3582 2651 3619 ac
2706 3576 2811 3617 tota
2868 3568 3062 3618 civitas
3108 3578 3163 3617 et
3212 3565 3439 3617 finitima

1875 3658 2023 3724 regio
2097 3659 2217 3726 ejus
2272 3658 2589 3710 memoriam
2655 3658 2883 3725 singulis
2928 3657 3085 3710 annis
3139 3658 3441 3719 celebrans,

1878 3747 2021 3800 diem
2058 3764 2311 3817 magnum
2337 3750 2530 3802 festum
2554 3750 2684 3816 agit.
2718 3749 2771 3801 in
2799 3750 3025 3817 gloriam
3070 3748 3288 3815 benigni
3324 3747 3441 3810 Dei,

1876 3840 1967 3907 qui
2004 3840 2083 3893 sic
2135 3841 2285 3893 illum
2344 3841 2634 3893 honoravit
2667 3858 2679 3893 :
2712 3856 2873 3907 quem
2923 3855 2978 3894 et
3040 3856 3139 3894 nos
3180 3849 3444 3894 consueto

1878 3944 2029 3983 inore
2070 3939 2125 3982 et
2180 3930 2416 3999 gloriose
2450 3929 2815 3992 celebremus,
2848 3930 3235 3983 benedicentes
3278 3929 3442 3990 Patri,

1873 4020 2011 4073 Filio
2050 4030 2105 4073 et
2136 4022 2364 4088 Spiritui
2395 4032 2603 4083 saneto,
2633 4021 2911 4090 cuigloria
2942 4030 3025 4075 est
3067 4030 3122 4074 et
3157 4020 3445 4080 imperium

1874 4110 1926 4162 in
1960 4112 2153 4165 saecula
2184 4119 2530 4164 szecumrum.
2560 4114 2753 4164 Amen.

208 4510 1883 4541 mm

1852 4514 3432 4549 ἕξιππα-ΞΜ

750 4696 895 4784 DE
972 4695 1461 4784 SANCTIS
1538 4682 2310 4781 MARTYRIBUS
2382 4690 2980 4781 IEGYPTIIS

1161 4908 1552 5022 CYRO
1634 4909 1810 5019 ΕΤ
1888 4907 2486 5021 JOANNE.

789 5129 953 5198 (Anno
982 5134 1163 5187 Christi
1187 5130 1535 5187 280.1anuarli
1563 5131 1645 5180 die
1684 5131 1762 5179 51.
1789 5134 1906 5180 Acta
1924 5137 2198 5179 sanctorum
2224 5130 2445 5181 Bolland.
2470 5131 2535 5181 ad
2560 5132 2683 5181 lianc
2705 5130 2875 5193 diem.)

1789 5310 1854 5322 -ς

283 5446 812 5516 Celeberrimapunt
835 5444 931 5500 SS.
959 5445 1084 5516 Cyri
1109 5452 1166 5499 et
1187 5444 1413 5499 Joannis
1440 5442 1665 5497 nomina
1695 5438 1765 5492 ob
1794 5438 2085 5491 innumera
2109 5437 2267 5507 aegris
2300 5435 2628 5490 mortalibus
2648 5436 2843 5490 collata
2876 5434 2943 5489 ad
2979 5448 3169 5490 eorum
3200 5436 3458 5508 reliquias

218 5542 505 5599 beneﬁcia.
536 5541 611 5595 De
645 5510 731 5593 his
755 5538 828 5592 ita
855 5510 1049 5595 scribit
1080 5536 1348 5590 Baronius
1372 5535 1426 5588 in
1467 5533 1612 5588 notis
1653 5533 1716 5586 ad
1766 5530 2206 5599 Martyrologium
2244 5547 2255 5580 :
2291 5537 2307 5577 i
2344 5527 2476 5582 Acta
2520 5526 2763 5595 ipsorum
2794 5534 2902 5580 tam
2943 5527 3145 5581 Graecis
3168 5543 3330 5597 quam
3364 5528 3458 5583 La-

220 5635 352 5690 tinis
384 5636 542 5689 luere
560 5631 885 5695 notissima;
919 5629 1185 5683 habemus
1216 5639 1273 5683 et
1302 5643 1407 5682 nos
1430 5642 1491 5681 ea
1534 5627 1587 5679 in
1613 5625 1831 5694 quinto,
1856 5622 2089 5690 septimo
2132 5638 2194 5675 ac
2228 5620 2443 5674 decimo
2463 5629 2609 5674 tomo
2639 5622 2989 5689 antiquorum
3016 5620 3173 5675 codd.
3199 5636 3332 5676 mss.
3366 5623 3461 5692 qui

221 5730 498 5799 aliquibus
534 5725 783 5783 ecclesiis
806 5726 989 5781 Romae
1015 5724 1136 5778 usui
1163 5733 1343 5784 erant,
1379 5722 1470 5776 ubi
1505 5718 1805 5776 secundum
1835 5716 2085 5772 ordinem
2110 5717 2377 5772 mensium
2415 5715 2630 5785 scripta:
2652 5715 2921 5771 habentur
2963 5727 3277 5771 sanctorum
3306 5716 3457 5771 Vitae.

226 5828 281 5882 In
305 5827 390 5881 liis
422 5840 555 5895 ago
579 5825 708 5879 Acta
734 5822 1117 5893 praedictorum
1142 5832 1442 5890 martyrum
1475 5831 1620 5874 nacti
1672 5831 1881 5883 sumus,
1910 5825 2132 5871 auctore
2170 5814 2329 5869 Petro
2372 5814 2631 5883 quodam,
2665 5812 2758 5882 qui
2790 5826 2853 5868 ea
2893 5814 3184 5883 exscripsit
3206 5822 3461 5884 poscenti:
