4178 6484
167 486 312 564 1273

160 601 474 668 λυσιτελεῖς
521 608 740 673 πάντως
793 610 887 665 καὶ
943 613 1254 686 ὠφελίμους
1285 621 1762 692 ἀμφοτέροις,τάς

161 695 222 748 δὲ
257 698 524 766 βλάπτειν
579 703 673 754 καὶ
713 703 952 771 μάλιστά
980 724 1042 773 γε
1087 707 1268 779 ψυχὴν
1327 711 1637 781 δυναμένας
1671 718 1766 768 καὶ

167 789 544 859 σφοδροτέραν
562 794 700 863 αὐτῇ
726 795 818 848 τοῦ
839 799 1010 868 πυρὸς
1028 800 1125 872 τὴν
1154 806 1380 871 γέενναν
1402 807 1764 872 ὑπανάτττειν,

164 885 266 950 οὐχ
293 884 324 934 ὁ
353 883 531 948 διδοὺς
560 887 743 951 μόνον,
780 890 916 942 ἀλλὰ
948 894 1039 944 και
1093 897 1120 948 ι
1151 875 1320 950 αἰτῶν
1366 901 1529 957 αὐτὸς
1559 900 1760 953 arma»

163 992 351 1030 τατο·.
397 977 698 1050 Θαυμαστὴ
723 981 779 1033 δέ
812 1000 926 1046 σου,
960 984 1208 1054 βασιλεῦ,
1261 994 1351 1044 καὶ
1385 994 1764 1063 μεγαλόδωρος

166 1067 200 1132 ἡ
229 1070 538 1135 ἐπαγγελία
587 1073 650 1125 Τί
691 1075 800 1144 γὰρ
823 1077 947 1143 ἐμοὶ
980 1078 1040 1130 τὸ
1079 1081 1174 1133 τοῦ
1205 1085 1356 1152 παρὰ
1388 1087 1468 1137 σοὶ
1503 1088 1761 1153 μεγίστου

167 1162 290 1223 Διὸς
325 1164 666 1232 καταστῆναι
693 1167 962 1237 ἀρχιερέα
996 1173 1090 1224 καὶ
1151 1173 1348 1242 βουλῆς
1383 1179 1598 1248 πατέρα
1628 1181 1762 1248 κλη-

169 1253 356 1321 θῆναι,
384 1256 525 1325 lapsi
571 1276 627 1309 τε
656 1258 771 1312 δντι
797 1262 1036 1330 Χριστοῦ
1076 1267 1169 1318 καὶ
1201 1265 1394 1319 θυσίαν
1439 1271 1590 1339 αὐτῷ
1639 1272 1762 1325 καθ’

168 1346 414 1415 ἑκάστην
467 1350 729 1415 αἰνέσεως
779 1353 983 1419 θύοντι,
1031 1359 1133 1428 ἤδη
1158 1359 1213 1412 δὲ
1260 1363 1354 1412 καὶ
1385 1361 1760 1432 ὅλον-ἐμαυτὸν

167 1439 502 1494 καταθύσειν
534 1443 879 1516 ἐπειγομένῳ
908 1450 1002 1500 καὶ
1034 1449 1317 1519 σύμφυτον
1343 1452 1532 1506 θέσθαι
1563 1455 1642 1524 τῷ
1666 1457 1760 1508 τοῦ

168 1537 406 1591 Θανάτου
440 1538 605 1591 αὐτοῦ
641 1540 970 1609 ὁμοιώματι.
1017 1545 1125 1597 Καὶ
1153 1547 1180 1597 ὁ
1213 1545 1468 1614 βασιλεύς
1491 1566 1503 1579 ·
1554 1551 1673 1604 Τίνι
1703 1553 1760 1604 δὲ

169 1627 423 1689 σπεύδεις
446 1629 638 1682 ἑαυτὸν
663 1631 994 1695 καταθῦσαι,
1025 1634 1102 1702 τῷ
1126 1636 1218 1688 ἐπὶ
1249 1639 1474 1692 Ποντίου
1511 1659 1762 1712 σταυρω-

167 1717 319 1772 θέντι
360 1719 595 1772 Πιλάτου
620 1738 635 1786 ;
665 1750 667 1753 -
697 1723 826 1785 Ναὶ,
867 1723 1033 1792 φησὶν
1073 1727 1100 1777 ὁ
1153 1728 1326 1794 μέγας
1370 1729 1650 1796 Ἰγνάτιος,
1683 1733 1761 1804 τῷ

166 1816 266 1880 τὴν
309 1812 588 1880 ἁμαρτίαν
615 1815 1105 1889 ἀνασταυρώσαντι
1143 1822 1238 1872 καὶ
1272 1825 1362 1876 τὸν
1401 1824 1630 1894 εὑρετὴν
1665 1828 1760 1879 αὑ-

1261 503 1434 566 ΥΙΤΑ
1483 509 1550 572 S.
1574 511 1879 573 IGNATII
1921 518 2268 584 DEIFERI.

3315 529 3452 593 127i

1790 636 1837 688 Α
1864 641 1994 686 sunt
2020 635 2250 690 omnino
2284 641 2535 711 utrisque
2583 643 2749 699 utiles
2802 652 2857 698 et
2897 644 3282 701 conducibilcs
3312 664 3326 700 :
3361 663 3455 705 eas

1868 739 2020 788 vero,
2053 741 2176 795 quas
2206 742 2436 798 possunt
2484 734 2681 789 laedere
2713 744 2771 787 et
2810 736 3044 792 maxime
3093 737 3358 802 animam,
3399 746 3457 794 et

1866 818 2332 878 vehementiorem
2364 824 2501 894 ignis
2547 828 2854 897 gehennam
2880 828 2930 882 ei
2967 829 3268 884 accendere
3298 871 3312 891 ,
3342 845 3453 885 non

1867 913 1911 967 is
1965 915 2057 983 qui
2121 915 2214 970 dat
2279 919 2480 982 solum,
2523 921 2618 973 sed
2678 921 2846 975 etiam
2887 921 2980 989 qui
3026 923 3183 989 petit,
3226 932 3281 976 ct
3329 923 3447 992 ipse

1867 1006 2230 1062 miserrimus.
2290 1011 2642 1066 Admirabilis
2694 1025 2898 1076 autem,
2945 1028 2978 1068 0
3029 1014 3348 1082 imperator,
3398 1025 3452 1069 et

1867 1098 2123 1154 muniﬁca
2159 1111 2240 1155 est
2265 1110 2353 1156 tua
2388 1105 2701 1170 promissio.
2736 1105 2874 1171 Quid
2920 1108 3068 1159 enim
3111 1123 3234 1159 ntea-
3261 1110 3451 1170 refert,-

1865 1207 1894 1244 a
1925 1200 1976 1246 te
2031 1194 2250 1248 maximi
2289 1196 2441 1250 Jovis
2473 1199 2736 1252 constitui
2786 1201 3100 1266 pontiﬁcem
3130 1217 3143 1262 ;
3178 1210 3225 1258 et
3267 1203 3451 1254 vocari

1867 1294 2074 1352 patrem
2119 1298 2378 1350 senatus,
2407 1289 2500 1357 qui
2555 1305 2674 1343 sum
2738 1291 2945 1345 Christi
3008 1292 3289 1348 sacerdos.
3318 1292 3449 1346 etci

1863 1379 2112 1445 quotidie
2139 1381 2390 1434 sacriﬁco
2425 1383 2758 1435 sacriﬁcium
2793 1385 2990 1442 laudis.
3024 1393 3082 1438 et
3114 1386 3224 1454 jam
3275 1394 3450 1438 totum

1866 1487 1952 1524 me
1991 1473 2168 1540 ipsum
2206 1490 2444 1543 propero
2473 1476 2780 1538 immolare,
2819 1487 2874 1530 ct
2908 1477 3126 1533 eﬁicere
3167 1479 3452 1548 complan-

1869 1573 2038 1617 latum
2083 1567 2202 1635 ejus
2232 1568 2423 1622 mortis
2455 1568 2803 1622 similitudini
2833 1569 2894 1621 "3
2925 1569 3229 1638 Imperator
3270 1585 3400 1622 vero
3439 1611 3450 1625 .

1861 1654 2116 1716 Cuinam,
2153 1657 2354 1726 inquit,
2392 1659 2623 1713 festinas
2655 1662 2891 1729 leipsum
2941 1662 3250 1722 immolare,
3298 1661 3448 1727 eine,

1863 1747 1955 1815 qui
1991 1766 2019 1801 ιι
2053 1749 2249 1803 Pontio
2283 1751 2459 1804 Pilato
2490 1751 2544 1804 in
2577 1766 2798 1805 crucem
2827 1753 2928 1806 fuit
2955 1753 3159 1807 actus?
3191 1753 3448 1820 Maxime,

1866 1838 2046 1907 inquit
2081 1854 2312 1908 magnus
2351 1839 2616 1908 Ignatius,
2659 1841 2732 1906 ci,
2768 1839 2882 1921 qui_'
2921 1853 3211 1911 peccatum
3266 1844 3450 1896 cruci.

166 1904 266 1972 τῆς
292 1905 539 1958 διάϐολον
589 1907 868 1962 καθελόντι
901 1913 994 1964 καὶ
1035 1914 1215 1966 πᾶσαν
1261 1915 1346 1968 διὰ
1377 1917 1472 1970 τοῦ
1523 1922 1749 1988 σταυροῦ

889 2002 900 2016 ,
1133 2005 1693 2016 ,,,,,,,,,

1866 1930 2002 1996 ﬁxit,
2033 1943 2088 1987 ct
2142 1933 2262 2003 ejus
2329 1933 2682 1989 inventorem
2715 1911 2994 1990 destruxit
3046 1936 3355 1996 diabolum,
3391 1947 3449 1992 et

165 1997 382 2050 ἐκείνου
401 1997 631 2068 δύναμιν
656 2002 1094 2072 καταργήσαντι.
1119 2005 1281 2068 Αὖθις
1301 2006 1395 2060 οὖν
1416 2012 1443 2062 ὁ
1479 2009 1753 2079 βασιλεύς·

167 2088 398 2152 Ἔοικάς
458 2107 568 2160 μοι,
628 2093 816 2161 φησιν,
861 2094 1113 2162 Ἰγνάτιε,
1159 2097 1392 2166 κρίσεως
1443 2101 1612 2171 ὀρθῆς
1663 2105 1758 2157 καὶ

164 2181 364 2249 φρενὸς
393 2181 564 2250 ὑγιῶς
597 2184 829 2254 ἐχούσης
883 2185 1090 2256 ἔρημος
1116 2191 1442 2260 τοπαράπαν
1483 2189 1624 2248 εἶναι
1645 2212 1658 2225 ·
1693 2199 1754 2250 οὐ

164 2275 273 2343 γὰρ
295 2273 364 2326 ἂν
401 2273 543 2328 οὕτω
569 2277 822 2346 φανερῶς
845 2282 964 2340 ταῖς
993 2281 1104 2334 τῶν
1136 2283 1482 2353 Χριστιανῶν
1515 2288 1754 2357 Γραφαῑς

165 2366 508 2449 ἐξηπάτησο,
544 2368 661 2421 ἀλλ’
701 2369 872 2438 ἔγνως
911 2373 1150 2439 πάντως,
1198 2377 1388 2446 ἡλίκον
1419 2381 1624 2448 ἀγαθὸν
1661 2383 1756 2452 βα-

167 2460 397 2521 σιλικοῖς
432 2459 722 2514 πείθεσθαι
753 2463 1090 2533 διατάγμασι
1135 2469 1228 2520 καὶ
1262 2468 1407 2532 θεοῖς
1448 2474 1588 2540 μετὰ
1619 2476 1756 2528 πάν-

161 2569 274 2607 των
305 2552 644 2622 προσφέρειν
675 2552 890 2618 θυσίας.
941 2558 1081 2627 Πρὸς
1110 2558 1282 2613 ταῦτα
1323 2563 1532 2628 μείζονι
1591 2566 1753 2618 πάλιν

163 2646 190 2694 ὁ
214 2642 373 2710 ἅγιος
411 2644 759 2713 χρησάμενος
790 2648 1075 2718 παρρησίᾳ
1098 2664 1114 2680 ⁶
1157 2651 1221 2704 Εἰ
1255 2655 1348 2706 καὶ
1375 2654 1586 2724 θηρίοις
1620 2657 1753 2716 ἁνα-

163 2739 384 2806 λὼσεις,
430 2741 558 2812 ἔφη,
589 2746 638 2796 εί
689 2744 784 2796 καὶ
827 2744 1049 2813 σταυρῷ
1087 2763 1150 2815 με
1182 2751 1549 2816 κατακρινεῖς,
1578 2750 1626 2801 εί
1658 2751 1752 2802 καὶ

165 2834 316 2902 αὐτῷ
349 2834 496 2902 ξίφει
532 2836 628 2888 καὶ
666 2839 799 2906 πυρὶ
841 2835 1211 2905 παραδώσεις,
1268 2839 1304 2892 ἃ.
1335 2841 1431 2909 τῆς
1463 2842 1562 2911 σῆς
1595 2842 1748 2907 ἐξου-

166 2919 286 2988 σίας
315 2928 484 2988 ἐστὶν,
517 2927 618 2979 οὐκ
656 2927 720 2979 ἄν
763 2945 893 2980 ποτε
955 2927 1144 2981 θυσίαν
1181 2930 1290 2997 ἐγὼ
1328 2931 1545 2998 δαίμοσι
1579 2951 1751 3002 προσ-

163 3020 411 3081 ενεγκεῖν
441 3017 754 3085 ἁνάσχοιμι,
783 3015 907 3070 οὔτε
960 3019 1066 3085 γάρ
1094 3020 1324 3072 θάνατον
1366 3021 1600 3088 δέδοικα,
1626 3022 1751 3076 οὔτε

165 3104 320 3156 ποθῶ
368 3107 434 3158 τὰ
482 3107 749 3175 παρόντα,
816 3101 891 3160 ὧν
927 3108 1081 3176 ὑμεῖς
1117 3109 1296 3178 κύριοι
1353 3114 1617 3183 παρέχειν
1652 3114 1751 3178 τὰς

164 3197 512 3263 ἀπολαύσεις,
542 3198 678 3254 ἀλλὰ
699 3199 805 3253 τῶν
833 3199 1133 3270 μελλόντων
1164 3203 1280 3270 scpis
1291 3222 1410 3272 μαι,
1454 3207 1549 3258 καὶ
1585 3223 1752 3258 σπου-

1860 2042 2079 2080 omuent
2106 2029 2226 2096 «δίης
2251 2029 2551 2096 potentiam
2575 2044 2673 2097 per
2694 2043 2914 2088 crucem
2943 2029 3204 2084 abolevit.
3234 2030 3448 2084 Rursus

1858 2126 2041 2170 autem
2101 2117 2447 2187 imperator:
2483 2118 2724 2182 Videris,
2764 2120 2962 2188 inquit,
2996 2119 3150 2180 mihi,
3185 2136 3218 2173 θ
3250 2120 3443 2190 lgnali,

1857 2210 2084 2263 omnino
2138 2218 2289 2264 recto
2335 2225 2523 2282 carere
2556 2211 2768 2279 judicio
2810 2207 2866 2266 et
2919 2227 3050 2266 sana
3085 2220 3291 2266 mente.
3323 2212 3446 2266 Non

1857 2302 2003 2356 enim
2046 2311 2153 2354 tam
2187 2312 2381 2370 aperte
2413 2303 2615 2358 fuisses
2645 2303 2913 2373 deceptus
2945 2304 3250 2374 Scripturis
3272 2304 3444 2361 Chri-

1857 2395 2189 2458 Stianorum,
2221 2394 2318 2449 sed
2355 2397 2710 2466 cognovisses
2749 2384 2998 2461 omnino,
3048 2406 3318 2466 quantum
3373 2397 3447 2474 sit

1857 2487 2065 2542 bonum
2093 2487 2291 2543 edictis
2314 2505 2508 2557 parcre
2535 2489 2927 2558 imperatoriis,
2965 2499 3020 2545 et
3045 2491 3154 2546 diis
3171 2490 3446 2546 sacriﬁcia

1857 2576 2060 2630 oll‘erre
2091 2590 2216 2629 cum
2255 2577 2535 2632 omnibus.
2573 2577 2653 2631 Ad
2683 2578 2799 2632 hazc
2826 2589 3052 2635 sanctus
3074 2623 3088 2643 ,
3119 2590 3284 2635 utens
3314 2597 3444 2634 rur-

1855 2675 1951 2719 Sus
2009 2667 2215 2734 majore
2293 2666 2518 2722 dicendi
2582 2667 2891 2723 libertate:
2937 2670 3166 2725 Etiamsi
3229 2670 3444 2736 bestiis,

1860 2757 2059 2826 inquit.
2089 2760 2522 2828 consumpseris,
2552 2761 2769 2815 etiamsi
2803 2777 2890 2814 me
2921 2778 3086 2817 cruce
3104 2763 3445 2818 condemna-

1855 2851 2265 2915 veris,ctiamsi
2299 2852 2482 2922 gladio
2528 2865 2581 2907 et
2630 2853 2742 2921 igni
2793 2854 3109 2917 tradideris,
3138 2871 3261 2925 quae
3312 2867 3444 2924 sunt

1857 2945 1913 2997 in
1957 2953 2048 2997 tua
2107 2953 2398 3012 potestate,
2432 2960 2714 3014 nunquam
2749 2961 2848 3014 ego
2890 2947 3066 3014 patiar
3098 2945 3446 3003 daemonibus

1855 3039 2061 3092 oﬁ'crre
2128 3037 2483 3103 sacriﬁcium,
2514 3055 2694 3108 neque
2750 3040 2897 3093 enim
2955 3049 3140 3094 metuo
3183 3050 3442 3107 mortem,

1855 3145 2034 3199 neque
2087 3129 2344 3183 desidero
2395 3130 2709 3198 prasentia,
2767 3145 2888 3199 qua:
2927 3140 3011 3184 est
3055 3131 3110 3184 in
3171 3141 3443 3200 potestate

1857 3235 2037 3278 vestra
2083 3223 2329 3292 prmbere
2369 3221 2624 3287 fruenda,
2651 3224 2745 3276 sed
2777 3223 2891 3278 sola
2919 3223 3181 3278 desidero
3233 3225 3442 3290 futura,

165 3293 227 3360 δή
258 3310 347 3360 μοι
377 3295 529 3346 πᾶσα
563 3295 696 3362 πρὸς
730 3295 820 3347 τὸν
845 3293 987 3364 ὑπὲρ
1016 3293 1150 3363 ἐμοῦ
1179 3295 1524 3351 ἀποθανόντα
1553 3299 1746 3368 διαϐῆ-

1853 3329 1907 3370 et
1941 3333 1971 3370 ιι
2008 3333 2095 3370 tne
2122 3332 2285 3370 omne
2336 3309 2606 3370 adhibere
2643 3316 2912 3380 studium,
2945 3326 3008 3387 ut
3041 3326 3315 3371 transeam
3373 3318 3443 3372 ad

166 3404 252 3437 ναι
279 3386 535 3455 Χριστόν.

236 3477 328 3544 ς’.
377 3478 493 3547 Ἐφ’
514 3474 593 3541 οἷς
625 3481 678 3544 ἐξ
714 3482 1000 3550 ἀγχινοίας
1032 3482 1192 3550 δῆθεν
1223 3485 1254 3553 ή
1298 3483 1600 3553 σύγκλητος
1631 3502 1747 3538 επι-

165 3571 429 3622 λαὸἐσθαι
465 3570 764 3642 β-ιυλομένη
797 3573 893 3625 τοῦ
927 3573 1204 3645 μάρτυρος
1225 3590 1238 3602 ·
1271 3577 1335 3626 Τί
1361 3577 1418 3628 δὲ
1456 3579 1746 3647 συνομολο-

162 3665 299 3724 γεῖς.
335 3661 567 3732 ἔφησαν,
604 3664 694 3715 καὶ
721 3666 903 3727 αὐτὸς,
931 3667 1188 3719 τεθνάναι
1210 3683 1302 3719 σου
1334 3669 1426 3720 τδν
1459 3669 1589 3722 Θεόν
1612 3687 1623 3698 ·
1652 3673 1748 3723 καὶ

163 3751 278 3812 πῶς
312 3752 378 3802 ἂν
433 3755 460 3802 ὁ
507 3753 734 3806 θάνατον
775 3755 1014 3818 ὑποστάς
1046 3757 1138 3808 καὶ
1191 3757 1420 3810 θάνατον
1472 3760 1746 3828 ἐπάρατον

161 3846 354 3907 οὓτως,
385 3845 603 3914 ἑτέρους
631 3846 914 3916 ὠφελῆσαι
973 3850 1202 3913 δυνατὸς
1235 3851 1427 3914 Errat;
1459 3855 1506 3904 οἱ
1553 3853 1661 3906 θεοὶ
1691 3855 1748 3906 δὲ

167 3936 422 3988 ἀθάνατοί
455 3940 510 3988 τὲ
537 3942 666 3999 εἰσι,
699 3941 790 3990 καὶ
823 3943 950 4010 παρ’
981 3942 1135 4009 ἡμῶν
1174 3942 1441 4010 λέγονται.
1491 3945 1582 3996 Ἐκ
1627 3945 1747 3997 τού-

168 4044 256 4084 του
283 4027 579 4096 λαϐόμενος
611 4032 864 4100 ἀφορμῆς
886 4034 913 4084 ὁ
943 4032 1081 4096 θεῖος
1124 4037 1405 4102 Ἰγνάτιος,
1448 4036 1587 4089 ὥστε
1609 4036 1745 4106 ὁμοῦ

167 4123 264 4187 μὲν
295 4121 422 4181 τοὺς
449 4120 676 4172 ἐκείνων
708 4121 1142 4192 διαμυκτηρίσαι
1175 4125 1348 4190 θεοὺς,
1385 4126 1520 4197 ὁμοῦ
1551 4128 1609 4180 δὲ
1653 4131 1747 4181 καὶ

162 4215 257 4267 τοῦ
282 4215 379 4282 τῆς
407 4215 725 4284 οίκονομίας
781 4218 1083 4286 μυστηρίου
1119 4219 1292 4288 θύραν
1323 4223 1510 4284 αὐτοῖς
1535 4239 1748 4291 παραν-

161 4311 299 4375 aiis:
360 4311 454 4362 καὶ
512 4309 684 4374 οὕτως
716 4314 797 4374 είς
826 4313 1008 4365 πίστιν
1050 4318 1466 4386 χειραγωγῆσαι
1517 4319 1616 4385 τῆς
1651 4319 1744 4372 τοῦ

161 4403 297 4459 θεοῦ
322 4401 595 4466 γνώσεως,
622 4401 764 4455 οὕτω
789 4404 1010 4457 διετίθει
1069 4410 1194 4469 τοὺς
1246 4407 1436 4476 λόγους
1456 4425 1470 4438 ·
1527 4411 1585 4464 '0
1617 4413 1746 4482 ἐμὸς

165 4496 365 4562 Κύριος
402 4498 496 4547 καὶ
551 4497 684 4561 Θεὸς
727 4499 936 4575 Ἰησοῦς
972 4501 1228 4571 Χριστὸς,
1265 4503 1456 4572 πρῶτα
1495 4505 1592 4573 μὲν
1651 4506 1746 4559 ἇν-

161 4588 376 4658 θρωπος
442 4589 660 4656 ἐγένετο
716 4590 785 4641 δι’
843 4593 1016 4659 ἡμᾶς,
1052 4597 1143 4646 καὶ
1199 4595 1295 4664 τὴν
1328 4596 1604 4666 σωτηρίαν
1648 4597 1745 4669 τὴν

160 4681 437 4745 ἡμιτάραν
468 4679 560 4728 καὶ
589 4679 826 4748 σταυρὸν
856 4680 1166 4734 ἐθελούσιον
1228 4685 1322 4737 καὶ
1366 4685 1598 4739 θάνατον
1647 4688 1742 4741 καὶ

157 4771 334 4838 τιφὴν
361 4772 712 4835 κατεδέξατο.
747 4772 887 4841 πλὴν
937 4774 1052 4826 ἀλλ’
1080 4777 1282 4845 ἀνέστη
1315 4778 1477 4830 πάλιν
1507 4782 1604 4842 εἰς’
1629 4780 1742 4851 τρί-

158 4879 255 4930 την
281 4863 515 4930 ἡμέραν,
553 4863 646 4915 τοῦ
685 4864 879 4934 ἐχθροῦ
929 4869 988 4918 τὸ
1019 4869 1219 4938 κράτος
1250 4872 1597 4938 καταλαδὼν,
1647 4873 1741 4925 καὶ

154 4957 232 5015 εἰς
265 4953 533 5022 οὐρανοὺς
567 4953 824 5023 ἀνῆλθεν,
861 4956 986 5009 ὅθεν
1015 4959 1269 5030 ἐλήλυθε,
1329 4966 1740 5036 συναναστήσας

155 5047 304 5112 ἡμᾶς
366 5044 459 5096 τοῦ
490 5045 589 5113 τῆς
622 5049 902 5115 ἁμαρτίας
935 5049 1250 5120 πτώματος,
1303 5054 1399 5106 καὶ
1425 5056 1740 5126 εἰσαγαγὼν

155 5138 312 5200 αὖθις
363 5143 442 5201 εἰς
480 5141 571 5190 τὸν
623 5143 976 5210 παράδεισον,
1014 5139 1076 5198 οὗ
1125 5147 1312 5211 κακῶς
1345 5148 1739 5222 ἐξεϐλήθημεν,

155 5235 249 5287 καὶ
298 5236 507 5302 μείζοσι
575 5236 684 5288 τῶν
737 5230 1016 5308 προτέρων
1067 5243 1291 5308 ἀγαθοῖς
1325 5246 1734 5318 δωρησάμενος.

158 5330 275 5379 Ὀτι
311 5325 366 5378 δὲ
408 5328 650 5379 too-316v
672 5347 720 5384 τι
746 5330 853 5383 τῶν
889 5335 1016 5404 παρ’
1053 5336 1182 5404 ὑμῖν
1205 5337 1575 5407 νομιζομένων
1598 5341 1735 5396 θεῶν

149 5437 230 5480 τις
266 5419 602 5484 ἐπεδείξατο,
664 5421 834 5486 οὐδεὶς
870 5426 976 5476 τῶν
1007 5427 1225 5480 πάντων
1266 5431 1330 5482 ἂν
1369 5433 1728 5502 ίσχυρίσαιτο,

153 5507 469 5578 Ἄνθρωποι
500 5511 602 5580 γάρ
629 5504 796 5574 οὗτοι,
836 5516 1128 5586 κακοῦργοι
1153 5521 1346 5590 κομιδῇ
1383 5524 1474 5575 καὶ
1507 5524 1729 5596 φθορεῖς

148 5603 452 5668 γενόμενοι,
518 5607 608 5655 καὶ
651 5607 819 5659 πολλὰ
851 5610 941 5660 ἐπὶ
975 5609 1149 5684 βλάϐῃ
1176 5615 1268 5664 καὶ
1326 5615 1594 5687 διαφθορᾷ
1631 5618 1728 5686 τῆς

146 5691 426 5760 ἡμετέρας
463 5695 605 5762 ζωῆς
643 5713 700 5748 τε
745 5700 838 5750 καὶ
869 5701 966 5768 τῆς
997 5704 1382 5768 καταστάσεως
1418 5710 1726 5777 ἐργασάμε-

147 5799 225 5836 νοι
252 5786 455 5853 μικράν
513 5787 566 5836 τέ
609 5805 724 5840 τινα
752 5789 910 5855 δόξαν
963 5793 1099 5847 θεῶν
1132 5798 1224 5848 καὶ
1276 5799 1575 5865 φαντασίαν
1617 5804 1727 5854 τοῖς

228 5964 425 6018 ίὶἱιιειι.
473 5977 538 6028 Η,

1852 3410 2156 3469 Christum,
2190 3410 2283 3477 qui
2314 3425 2415 3478 pro
2440 3424 2527 3462 me
2557 3417 2643 3464 est
2667 3421 2942 3464 mortuus.
3022 3463 3024 3465 .

1925 3503 2012 3556 Vl.
2047 3503 2278 3570 Propter
2329 3516 2453 3570 quae
2485 3501 2680 3555 volens
2731 3509 2969 3560 senatus.
3003 3509 3301 3572 martyrem
3343 3518 3439 3556 ar-

1852 3611 2020 3665 guere
2049 3596 2373 3664 ignorantiae
2404 3612 2416 3648 :
2449 3589 2590 3660 Quid
2612 3604 2793 3648 autem
2819 3604 2873 3648 tu
2893 3611 3137 3665 quoque,
3157 3596 3437 3662 dixerunt,

1851 3679 2135 3741 Conﬁteris
2192 3686 2364 3740 Deum
2416 3701 2537 3740 esse
2596 3687 2934 3740 mortuum?
2969 3688 3257 3754 Quomodo
3309 3704 3440 3744 vero

1853 3780 1944 3849 qui
1969 3786 1972 3790 '
1999 3779 2172 3833 subiit
2207 3786 2465 3843 mortem,
2497 3794 2730 3848 eamque
2774 3780 3192 3843 checrandam,
3232 3782 3440 3852 poterit

1852 3871 2114 3941 prodesse
2154 3870 2330 3924 aliis?
2361 3871 2443 3924 Dii
2484 3881 2669 3925 autem
2717 3881 2774 3926 et
2810 3881 2940 3927 sunt
2989 3872 3351 3938 immortales,
3380 3884 3439 3929 et

1852 3965 2117 4018 dicuntur
2151 3979 2181 4017 a
2217 3963 2394 4018 nebis.
2423 3963 2560 4018 Cum
2589 3979 2656 4018 ex
2703 3963 2808 4018 hoc
2835 3965 3184 4020 occasionem
3213 3965 3438 4021 divinus

1851 4056 2152 4124 accepisset
2179 4055 2443 4124 lgnatius,
2473 4056 2637 4110 simul
2666 4065 2721 4110 et
2744 4057 3008 4112 irridendi
3033 4058 3257 4112 illorum
3277 4059 3434 4121 deos.

1850 4161 1903 4202 et
1939 4149 2020 4204 eis
2045 4149 2330 4225 aperiendi
2359 4150 2584 4219 jannam
2637 4151 2878 4222 mysterii
2927 4160 3195 4221 suscepta:
3250 4155 3435 4209 carnis

1852 4241 2302 4313 dispensationis,
2328 4252 2384 4295 et
2429 4242 2510 4296 sic
2546 4241 2856 4297 deducendi
2912 4245 2978 4296 ad
3020 4243 3180 4298 ﬁdem
3229 4244 3433 4299 Chriin

1851 4336 2205 4406 cognitionis,
2249 4335 2330 4389 sic
2371 4335 2538 4390 verba
2569 4335 2764 4390 habuit
2797 4355 2808 4388 :
2845 4337 2998 4392 Meus
3062 4337 3329 4392 Dominus
3377 4347 3434 4392 et

1853 4429 1995 4486 Deus
2026 4427 2186 4482 Jesus
2215 4426 2491 4491 Christus,
2522 4429 2760 4497 primum
2815 4428 3035 4498 quidem
3075 4439 3302 4499 preplcr
3331 4446 3434 4503 uos

1853 4520 2014 4573 homo
2044 4519 2218 4579 lactus
2245 4529 2349 4584 est,
2388 4527 2444 4573 ct
2485 4529 2710 4589 pr0pter
2737 4531 2982 4575 nostram
3012 4522 3266 4583 salutent,
3299 4538 3429 4576 cru-

1850 4627 2082 4681 cejnque
2131 4620 2186 4665 ct
2231 4621 2464 4665 mortem
2507 4621 2561 4665 et
2591 4613 2934 4681 sepulturam
2987 4629 3084 4668 sua
3114 4623 3308 4682 sponte
3335 4630 3429 4669 ac-

1775 4644 1823 4703 D

1850 4717 1904 4756 ec-
1918 4704 2016 4771 pit.
2044 4701 2316 4757 Caeterum
2350 4719 2545 4758 rursus
2569 4704 2730 4759 tertio
2753 4704 2841 4758 dic
2867 4706 3192 4767 resurrexit,
3219 4706 3428 4763 inimici

1851 4793 2057 4864 deiecta
2085 4803 2140 4848 et
2169 4804 2440 4864 prostrata
2491 4797 2759 4864 potentia,
2795 4805 2851 4850 et
2893 4796 3144 4852 ascendit
3169 4798 3220 4851 in
3258 4799 3427 4853 cmlos

1852 4887 1994 4941 unde
2025 4897 2278 4948 venerat,
2313 4903 2414 4942 nos
2474 4888 2636 4941 simul
2685 4905 2714 4943 a
2769 4891 2921 4958 lapsu
2977 4890 3186 4958 peccati
3220 4890 3428 4945 faciens

1851 4962 2159 5047 resurgere,
2182 4988 2238 5031 et
2273 4993 2468 5032 rursus
2513 4979 2873 5034 introducens
2909 4981 2963 5034 in
2991 4979 3330 5048 paradisum,
3357 4996 3423 5034 ex

1847 5083 1957 5138 quo
1983 5068 2122 5123 male
2174 5068 2457 5123 fueramus
2495 5071 2654 5141 ejecti
2695 5080 2793 5125 εει
2819 5086 2925 5140 nos
2987 5071 3213 5125 donavit
3265 5071 3424 5125 bouis

1842 5159 2168 5228 majoribus,
2205 5176 2368 5229 quam
2398 5171 2557 5215 erant
2588 5177 2649 5216 ea
2670 5177 2792 5230 quae
2818 5171 3231 5232 przecesserant.
3262 5160 3419 5228 Quod

1839 5260 2022 5306 autem
2077 5251 2239 5306 exiis
2279 5252 2372 5321 qui
2414 5268 2443 5306 τι
2484 5252 2638 5306 vobis
2669 5263 2967 5307 censentur
2993 5253 3092 5319 dii,
3141 5253 3285 5306 uillis
3315 5252 3420 5307 tale

1836 5343 1966 5412 quid
2014 5342 2229 5404 fecerit,
2267 5343 2451 5396 nullus'
2472 5344 2699 5398 omnino
2745 5345 3064 5399 asseruerit.
3112 5345 3246 5399 Nam
3292 5359 3416 5397 cum

1834 5435 1922 5488 ἱειιὶ
1960 5435 2192 5490 fuissent
2232 5435 2484 5490 homines
2519 5435 2751 5491 maleﬁci
2780 5447 2840 5492 et-
2878 5437 3118 5502 exitiosi,
3154 5445 3206 5491 et
3239 5437 3413 5492 multa

1839 5523 2097 5577 fcc'ssent
2123 5524 2188 5577 ad
2222 5527 2481 5578 damnum
2511 5537 2567 5580 ct
2589 5526 2817 5580 exitium
2843 5537 3043 5581 nostrae
3074 5528 3198 5581 vita:
3227 5536 3283 5580 et
3301 5539 3424 5580 sta--

1841 5626 1948 5675 tus,
1988 5633 2206 5686 pravam
2241 5627 2424 5672 autem
2475 5619 2703 5673 deorum
2736 5619 3052 5688 opinionem
3079 5632 3134 5674 et
3172 5617 3410 5688 speciem

1840 5710 2174 5772 hominibus,
2241 5711 2349 5778 qni"
2388 5719 2571 5763 sunta
2604 5711 2818 5765 ratione
2876 5712 3039 5781 paulo
3093 5710 3406 5771 alieniores.

1839 5803 1976 5855 citra
2017 5803 2180 5856 ullam
2242 5804 2508 5856 rationem
2570 5802 2953 5872 pra'buisscnt,
2981 5803 3276 5857 contractis
3311 5817 3407 5870 pu-
