4178 6484
173 388 313 454 1277

1258 404 1430 462 νιΤΑ
1472 405 1535 465 S.
1588 407 1885 467 lGNATlI
1929 412 2271 477 DEIFERI.

3310 428 3446 491 1278

166 506 403 575 Περσῶν
440 506 581 575 μετὰ
608 508 708 577 τῆς
740 509 830 562 ὑπ’
860 510 1027 563 αὐτοῦ
1070 516 1357 582 στρατιᾶς.
1398 516 1459 568 '0
1492 515 1742 588 Θεοεξόρσε

1867 526 2151 594 egreditur
2175 538 2365 585 contra
2396 533 2590 586 Persas
2615 549 2739 588 cum
2776 551 2878 590 suo
2902 537 3146 592 exercitu
3178 556 3190 591 :
3224 539 3445 597 divinus

166 597 224 649 δὲ
275 601 344 668 τῇ
392 598 691 670 Ἐκκλησία
751 602 1018 670 πρότερον
1072 603 1453 674 ἐπευξάμενος
1506 608 1600 659 καὶ
1659 610 1758 677 τὴν

168 690 415 758 ποίμνην
455 691 553 743 σὺν
581 690 814 761 δάκρυσι
849 693 1231 763 παραθέμενος
1269 696 1344 765 τῷ
1376 697 1517 767 Θεῷ,
1539 700 1757 767 δέσμιος

164 783 458 851 ἠκολούθει
484 786 598 847 τοῖς
631 786 1015 855 στρατιώταις.
1048 786 1161 842 Εἶθ’
1218 791 1389 855 οὕτως
1430 795 1528 862 τὴν
1559 793 1756 846 Σελεύ-

167 890 325 926 κειαν
380 876 442 935 οὐ
502 876 830 945 διαμέλλων,
868 880 967 931 οῦκ
1026 880 1278 951 ἀθυμῶν,
1324 885 1385 935 οὐ
1444 883 1674 953 πάσχειν
1705 901 1757 937 τι

170 965 503 1032 σκυθρωπὸν
528 968 665 1029 ὅλως
698 969 1159 1040 ὑποφαινόμενος,
1196 973 1335 1026 ἀλλὰ
1366 976 1525 1028 ποσὶν
1556 978 1758 1048 εὐπρο-

168 1056 364 1125 θύμοις
400 1060 747 1124 καταλαϐὼν,
781 1065 862 1126 εἰς
899 1064 1086 1118 πλοῖόν
1106 1084 1165 1118 τε
1197 1068 1303 1120 ὑπὸ
1343 1069 1451 1121 τῶν
1489 1087 1757 1140 στρατιω-

164 1149 274 1203 τῶν
307 1152 661 1221 ἐμϐάλλεται,
691 1156 784 1208 καὶ⁷
824 1158 921 1209 σὺν
960 1159 1143 1223 αὐτοῖς
1173 1162 1253 1223 εἰς
1285 1161 1541 1233 Σμύρναν
1565 1166 1756 1215 καταί-

170 1257 273 1309 ρει.
316 1242 586 1297 Ἐνταῦθα
642 1245 1001 1317 Πολύκαρπον
1055 1251 1407 1316 ἀσπάζεται,
1456 1253 1546 1306 τὸν
1613 1255 1754 1306 θεῖον

164 1336 488 1402 ἀποστολον,
546 1336 605 1390 ὃν
656 1342 989 1409 προεστάναι
1013 1343 1111 1411 τῆς
1160 1345 1300 1396 κατὰ
1331 1343 1586 1415 Σμύρναν
1635 1346 1756 1397 Ἐκ-

166 1426 402 1495 adquia;
454 1434 835 1499 συμφοιτητὴν
881 1433 1131 1501 ἰγνατίῳ
1157 1436 1454 1504 γενόμενον
1496 1439 1755 1506 ἀνωτέρω

166 1518 381 1586 φθάσας
444 1523 472 1574 ὁ
516 1522 674 1590 λόγος
724 1524 985 1592 ἐδήλωσε.
1046 1526 1253 1579 Τοῦτον
1299 1524 1392 1580 οῦν
1421 1528 1752 1596 ἀσπάζεται,

166 1614 570 1682 σεμνυνόμενος
610 1616 703 1668 ἐπὶ
756 1619 866 1679 τοῖς
898 1618 1120 1687 δεσμοῖς
1149 1621 1242 1672 καὶ
1274 1622 1501 1690 χαίρων.
1550 1624 1614 1675 Τί
1648 1623 1754 1692 γὰρ

163 1697 314 1771 εἶχεν
344 1704 508 1757 αὑτὸν
542 1704 705 1756 πλέον
730 1706 993 1774 σεμνῦναι
1019 1708 1051 1777 ἦ
1088 1710 1147 1761 τὸ
1171 1711 1310 1777 ὑπὲρ
1335 1711 1509 1774 οὕτως
1532 1714 1750 1783 ἀγαπή-

165 1814 362 1858 σαντος
399 1798 678 1851 Δεσπὸτου
732 1800 1014 1869 πάσχοντα
1050 1801 1430 1871 καθορᾶσθαι;
1474 1801 1608 1856 Εἶτα
1657 1806 1751 1857 καὶ

160 1892 273 1951 τοίς
306 1888 514 1951 λοιποῖς
540 1892 889 1957 ἐπισκόποις,
927 1894 1322 1965 πρεσϐυτέροις
1352 1913 1409 1948 τε
1442 1898 1534 1948 καὶ
1560 1898 1744 1950 διακό-
1784 1870 1826 1922 Β

161 1997 297 2043 νοις,
322 1982 452 2043 τοὺς
508 1985 887 2054 προσήκοντας
935 1987 1263 2056 ἀσπασμοὺς
1319 1989 1573 2053 ἀποδοὺς,
1624 1992 1745 2043 ἐπεὶ

162 2072 351 2124 πολλοὶ
411 2074 666 2128 συνέθεον
700 2076 808 2129 ἀπὸ
852 2078 961 2131 τῶν
1013 2081 1113 2149 τῆς
1155 2082 1340 2145 Ἀσίας
1404 2085 1743 2153 Ἐκκλησιῶν

161 2170 257 2216 καὶ
289 2165 400 2217 τῶν
459 2167 689 2234 πόλεων,
744 2170 838 2223 καὶ
865 2171 989 2239 ww
1038 2174 1258 2244 ἐκείνην
1289 2177 1416 2229 ίδεῖν
1447 2180 1540 2230 καὶ
1576 2180 1741 2234 καλοῦ

160 2261 404 2329 νάματος
459 2260 767 2313 ἀπολαῦσαι
822 2264 1042 2333 ῥέοντος
1090 2266 1188 2333 τῆς
1216 2269 1429 2321 ἐκείνου
1472 2267 1738 2339 γλώττης,

158 2349 327 2413 αὐτὸς
385 2349 454 2401 τὰ
486 2352 838 2421 προσήκοντα
871 2355 1157 2425 παραινῶν
1191 2356 1444 2427 εὔχεσθαι
1478 2362 1621 2431 ὑπὲρ
1647 2363 1741 2415 αὐ·

155 2446 251 2498 τοῦ
275 2447 485 2510 πάντας
513 2449 687 2516 ἠξίου,
720 2448 861 2501 ὥστε
888 2450 979 2501 διὰ
1006 2450 1116 2503 τῶν
1145 2451 1351 2521 θηρίων
1382 2454 1576 2507 θᾶττον
1610 2458 1742 2508 ἀνα-

155 2538 218 2590 λῦ
235 2555 319 2592 σαι
374 2542 517 2610 πρὶς
558 2542 649 2600 τὸν
681 2542 1040 2612 ποθούμενον,
1083 2546 1174 2598 καὶ
1201 2546 1279 2615 τῷ
1326 2548 1537 2599 ἐκείνου
1595 2548 1738 2602 θείου

156 2634 442 2701 προσώπῳ
481 2634 911 2703 ἐμφανισθῆναι.
952 2636 1126 2706 Ὁρῶν
1153 2637 1210 2688 δέ
1239 2638 1335 2691 καὶ
1371 2639 1489 2690 λίαι
1542 2640 1738 2703 αὐτοὺς

156 2723 481 2792 περιπαθῶς
533 2725 757 2792 ἔχοντας
810 2727 904 2779 καὶ
955 2728 1122 2778 οἱονεῖ
1165 2731 1263 2797 τῆς
1310 2730 1519 2780 ἐκείνου
1558 2729 1739 2797 ψυχῆς

156 2818 631 2886 ἐικρεμαμένους,
666 2818 758 2869 καὶ
790 2816 995 2887 ζημίαν
1018 2819 1076 2872 οὐ
1119 2820 1365 2892 φορητὴν
1401 2823 1738 2891 ἡγουμένους

154 2910 243 2960 τὸν
272 2910 558 2979 χωρισμὸν
592 2910 783 2975 αὑτοῦ,
816 2913 910 2963 καὶ
935 2911 1027 2961 τὸν
1054 2911 1309 2977 θάνατον,
1340 2913 1526 2976 δείσας
1550 2931 1609 2965 τε
1642 2914 1737 2965 καὶ

155 3002 283 3070 περὶ
314 3000 423 3052 τῶν
456 3004 513 3053 ὲν
542 3004 607 3071 τῇ
643 3001 831 3073 Ῥώμῃ
858 3002 1085 3066 πιστῶν,
1113 3002 1189 3072 μὴ
1231 3005 1325 3056 καὶ
1366 3004 1523 3055 αὐτοὶ
1554 3020 1735 3073 παραυ

154 3092 402 3161 πλησίως
429 3092 763 3156 διατεθέντες
790 3096 888 3146 οὐκ
919 3096 1203 3161 ἀνέξονται
1242 3097 1368 3149 ἰδεῖν
1396 3098 1555 3150 αὑτὸν
1590 3098 1734 3148 ἐκδι-

152 3186 379 3253 δομενον
435 3188 546 3248 τοῖς
582 3187 813 3257 θηρίοις,
856 3187 992 3239 ἀλλὰ
1029 3190 1220 3258 χεῖρας
1264 3190 1592 3251 ἀντιπάλους
1624 3192 1736 3249 τοῖς

153 3278 646 3347 ἐπιτετραμμένος
677 3279 774 3349 τὴν
800 3278 1009 3333 ἔκδοσιν
1032 3280 1341 3349 ἐμϐάλωσιν
1374 3282 1467 3332 καὶ
1521 3281 1622 3351 τὴν
1664 3281 1743 3333 δι-

154 3370 473 3434 ανοιγεῖσαν
491 3369 638 3438 αῦτῴ
657 3369 750 3421 τοῦ
781 3374 1083 3442 μαρτυρίου
1107 3371 1365 3423 κλείσωσι
1386 3372 1578 3441 θύραν,
1602 3373 1741 3439 ἔγνω

154 3463 291 3530 πρὸς
320 3464 518 3525 αὐτοῦς
546 3464 876 3527 ἐπιστεῖλαι,
911 3464 1050 3516 ὥστε
1089 3467 1184 3517 καὶ
1227 3466 1449 3530 τούτους
1480 3466 1607 3534 περὶ
1641 3467 1737 3517 αύ-

153 3556 249 3607 τοῦ
282 3556 557 3625 εὔχεσθαι,
587 3557 660 3627 μὴ
682 3556 1080 3626 ὲμποδισθῆναι
1111 3560 1202 3610 τὸν
1231 3559 1432 3628 δρόμον
1464 3557 1613 3627 αὐτῷ
1639 3559 1737 3629 τῆς

152 3649 459 3718 ἀθλήσεως,
511 3649 648 3701 ἀλλὰ
705 3648 792 3701 διὰ
822 3647 1191 3719 τῶν-θηρίων,
1250 3653 1438 3720 ὥσπερ
1497 3652 1735 3721 εἴρηται,

153 3741 348 3793 θᾶττον
416 3741 570 3809 πρὸς
620 3741 712 3792 τὸν
762 3740 1041 3810 ἐρώμενον
1101 3741 1372 3794 ἀναλῦσαι
1430 3745 1731 3811 Δεσπότην.

157 3833 340 3897 ’Λξιον
365 3834 419 3884 δὲ
454 3834 556 3885 καὶ
589 3833 763 3903 αὐτῆς
806 3835 1023 3903 ἐκείνης
1068 3836 1472 3905 ἐπιμνησθῆναι
1519 3838 1734 3888 ἐπιστο-

150 3926 273 3994 Αῆς·

222 4018 301 4071 8'.
345 4038 363 4069 ‹
411 4019 673 4085 Ἰγνάτιος
704 4021 731 4071 ὀ
758 4021 851 4071 καὶ
882 4020 1173 4089 Θεοφορος,
1227 4020 1524 4082 ἐπίσκοπος
1554 4021 1651 4089 τῆς
1679 4022 1735 4073 ἐν

162 4111 465 4179 Ἀντιοχείᾳ
496 4111 656 4178 ἁγίας
682 4111 777 4163 τοῦ
814 4112 949 4162 Θεοῦ
991 4113 1342 4179 Ἐκκλησίας,
1365 4116 1428 4182 τῇ
1461 4114 1734 4183 ἠλεημὲνῃ

149 4203 208 4252 ὲν
247 4200 632 4271 μεγαλειότητι
658 4202 869 4270 Πατρος
898 4202 1125 4269 ὑψίστου
1157 4204 1252 4255 καὶ
1295 4203 1470 4272 Ἰησοῦ
1496 4204 1733 4273 Χριστοῦ

148 4294 242 4347 τοῦ
280 4295 442 4361 μόνον
501 4294 631 4346 Υἱοῦ
688 4294 856 4346 αὑτοῦ
928 4295 1225 4364 Ἐκκλησία
1252 4296 1591 4367 ἠγαπημένη
1642 4297 1735 4348 καὶ

149 4384 541 4454 πεεέωτισμένῃ
569 4385 625 4434 ὲν
660 4384 927 4453 θελήματι
950 4384 1042 4435 τοῦ
1080 4384 1405 4453 θελήσαντος
1433 4384 1501 4436 τὰ
1533 4386 1731 4451 πάντα,

149 4480 187 4531 ἆ
214 4482 333 4531 ἐστι
366 4478 506 4529 κατὰ
536 4471 760 4545 ἀγάπην
796 4478 972 4545 Ἰησοῦ
998 4478 1241 4546 Χριστοῦ
1267 4478 1358 4531 τοῦ
1394 4479 1529 4531 Θεοῦ
1555 4480 1731 4547 ἡμῶν.

1862 625 2044 671 autem
2068 619 2325 688 lgnatius,
2345 638 2468 675 cum
2503 624 2755 680 Ecclesia:
2785 628 2936 685 prius
2963 628 3100 682 bene
3128 638 3278 683 esset
3321 645 3446 699 pre-

1860 720 2035 775 catus,
2052 720 2108 766 et
2126 728 2341 781 gregem
2356 730 2514 769 suum
2531 718 2640 772 Deo
2658 720 3096 774 commendasset
3112 738 3236 775 cum
3268 722 3415 791 lacry
3430 756 3447 769 -

1862 806 1986 868 mis,
2021 806 2238 860 vinctus
2255 811 2589 876 sequebatur
2613 810 2814 865 milites
2842 813 2936 882 (tt).
2968 812 3175 868 Deinde
3202 829 3326 867 cum
3346 815 3445 869 Se-

1858 899 2090 953 leuciam
2112 915 2216 953 non
2237 912 2522 966 cunctans,
2543 919 2648 956 non
2666 902 2824 967 ﬂens,
2849 921 2957 959 non
2975 922 3032 960 se
3051 906 3257 976 aliquid
3278 921 3443 976 grave

1859 993 2084 1047 omnino
2117 995 2226 1063 pati
2264 1011 2375 1065 prae
2419 1012 2476 1049 se
2523 996 2728 1061 ferens,
2762 998 2856 1051 sed
2898 998 3173 1073 alacribus
3200 1001 3443 1053 venisset

1860 1085 2115 1154 pedibus,
2148 1103 2176 1140 a
2206 1088 2474 1142 militibus
2507 1088 2561 1142 in
2596 1105 2790 1144 navem
2841 1090 3176 1149 immittitur,
3209 1102 3267 1145 et
3316 1106 3438 1145 cum

1858 1179 1940 1232 cis
1992 1181 2224 1251 appellit
2258 1181 2571 1252 Smyrnam.
2605 1182 2706 1236 Hic
2732 1184 2934 1238 salutat
2962 1184 3327 1254 Polycarpum
3354 1184 3438 1237 di-

1856 1273 2048 1335 vinum
2108 1276 2439 1343 apostolum,
2471 1290 2634 1344 quem
2698 1275 3019 1346 Smyrncnsi
3051 1277 3124 1344 (5)
3155 1276 3440 1347 praefuisse

1861 1365 2135 1427 Ecclesiae,
2183 1382 2305 1420 cum
2339 1367 2532 1437 lguatii
2565 1367 2760 1428 fuisset
2801 1369 3235 1438 condiscipulus,
3268 1385 3439 1438 supe-

1860 1458 1977 1510 rius
2003 1456 2263 1512 diximus.
2302 1459 2440 1513 Eum
2486 1476 2619 1528 ergo
2653 1463 2877 1525 salutat,
2932 1463 3177 1533 glorians
3226 1473 3281 1518 et
3322 1479 3440 1517 ma-

1856 1549 2051 1619 gnifice
2080 1551 2183 1605 sibi
2219 1553 2718 1624 plaeeuslactusqne
2742 1555 2808 1609 de
2830 1556 3089 1611 vinculis.
3130 1556 3271 1621 Quid
3290 1557 3439 1609 enim

1857 1642 1906 1695 ei
1968 1652 2182 1710 poterat
2235 1657 2357 1697 esse
2418 1645 2616 1714 majori
2649 1658 3000 1711 ornamento,
3054 1662 3220 1716 quam
3268 1647 3438 1716 aspici

1860 1735 1967 1801 pati
2007 1750 2105 1802 pro
2152 1735 2405 1801 Domino,
2479 1738 2572 1805 qui
2624 1753 2751 1791 eum
2781 1737 2859 1791 sic
2883 1738 3201 1794 dilexerat?
3230 1739 3440 1793 Deinde

1858 1842 1980 1880 cum
2013 1829 2178 1881 etiam
2214 1830 2443 1899 reliquis
2474 1833 2753 1902 cpiscOpis
2773 1841 2831 1886 et
2861 1834 3201 1904 presbyteris
3237 1844 3293 1888 et
3317 1834 3406 1888 dia

1856 1922 2008 1974 conis
2036 1922 2367 1976 reddidisset
2411 1938 2526 1986 eas,
2576 1940 2712 1994 quas
2729 1909 2837 1995 par
2870 1938 3013 1991 erat,
3052 1928 3436 1988 salutationes.

1853 2014 2113 2082 quoniam
2156 2015 2314 2069 multi
2362 2016 2769 2071 concurrebant
2799 2033 2865 2072 ex
2918 2019 3184 2073 Ecclesiis
3212 2019 3355 2075 Asizc
3381 2030 3439 2074 et

1854 2104 2173 2159 tivitatibus
2215 2106 2282 2159 ad
2342 2106 2639 2160 videndum
2677 2108 2812 2162 illud
2851 2110 3254 2177 spectaculum,
3284 2118 3432 2166 etut

1853 2199 2083 2265 pulchro
2144 2200 2463 2253 fruerentur
2522 2200 2730 2256 ﬂuento
2779 2202 2927 2271 quod
2958 2202 3163 2256 ﬂuebat
3189 2219 3254 2257 ex
3290 2203 3437 2256 illius

1851 2289 2057 2358 lingua,
2094 2290 2208 2357 ipse
2265 2306 2350 2350 ea.
2388 2306 2510 2359 quae
2545 2307 2645 2361 par
2695 2301 2837 2357 erat,
2887 2293 3148 2356 suadens,
3208 2294 3436 2363 rogabat

1850 2397 2039 2435 omnes
2092 2392 2150 2436 ut
2183 2400 2279 2452 pro
2309 2385 2427 2453 ipso
2444 2396 2691 2449 orarent,
2722 2396 2785 2440 ut
2816 2402 2912 2455 per
2935 2386 3080 2441 feras
3108 2388 3218 2441 cito
3252 2387 3433 2442 resol-

1849 2487 2075 2531 verctur
2126 2478 2190 2530 ad
2225 2495 2375 2534 eum.
2435 2494 2596 2543 quem
2647 2479 3022 2546 desiderabat,
3049 2490 3103 2535 et
3139 2489 3433 2551 appareret

1849 2583 1976 2625 ante
2009 2569 2158 2622 iilius
2184 2570 2397 2624 faciem.
2435 2572 2570 2626 Cum
2628 2573 2838 2625 videret
2895 2586 3077 2627 autem
3128 2590 3223 2628 eos
3274 2574 3431 2629 valde

1849 2663 2219 2731 perturbatos,
2261 2674 2315 2717 ct
2345 2665 2750 2732 quodammodo
2785 2665 3092 2735 pendentes
3152 2667 3221 2720 ab
3276 2666 3427 2720 illius

1848 2757 2046 2817 anima,
2084 2765 2138 2809 et
2189 2771 2295 2809 non
2320 2755 2602 2810 ferendum
2630 2756 2890 2811 damnum
2934 2759 3323 2813 existimantes
3347 2776 3434 2814 se-

1848 2848 2190 2916 parationcm
2225 2848 2345 2917 ejus
2376 2856 2430 2901 et
2451 2846 2705 2909 mortem,
2730 2849 2796 2902 de
2824 2850 2910 2913 iis,
2937 2849 3028 2920 qui
3062 2860 3191 2903 sunt
3219 2850 3426 2915 Romae,

1847 2942 2068 3002 timens,
2118 2955 2186 2993 ne
2248 2940 2349 3008 ipsi
2389 2956 2609 3009 quoque
2654 2942 2912 3022 similiter
2949 2941 3157 3004 affecti,
3188 2958 3295 2995 non
3334 2961 3430 2997 su-

1846 3034 2117 3086 stinerent
2148 3048 2274 3087 eum
2324 3034 2516 3089 videre
2580 3035 2717 3088 tradi
2758 3036 2967 3095 bestiis,
2999 3036 3093 3089 sed
3129 3052 3324 3090 manus
3350 3038 3429 3090 eis

1845 3123 2347 3195 aﬂcrrent.quibus
2387 3126 2702 3179 mandatum
2729 3138 2847 3181 erat
2879 3138 2935 3180 ut
2966 3144 3090 3181 cum
3122 3127 3428 3195 traderent,

1770 3232 1811 3287 (ς
1844 3229 1901 3270 et
1930 3216 1980 3270 ei
2008 3217 2598 3288 clauderentapertarn
2639 3220 2864 3289 januam
2929 3221 3195 3291 martyrii,
3232 3221 3428 3274 statuit

1843 3310 1909 3362 ad
1968 3325 2063 3364 eos
2129 3310 2365 3371 mittere,
2401 3321 2461 3364 ut
2497 3312 2532 3363 ii
2560 3326 2782 3382 quoque
2830 3327 2929 3380 pro
2958 3328 3027 3364 eo
3069 3320 3312 3372 orarent,
3350 3312 3425 3366 ne

1843 3418 2042 3456 cursus
2080 3418 2191 3456 sua:
2227 3404 2644 3458 exercitationis
2684 3404 2733 3457 ei
2777 3404 3162 3473 impediretur,
3196 3404 3290 3458 sed
3325 3420 3422 3473 per

1842 3493 2005 3553 feras,
2051 3492 2191 3545 sicut
2228 3492 2436 3545 dictum
2468 3503 2572 3556 est,
2609 3494 2720 3547 cito
2755 3495 3127 3549 resolverctnr
3164 3494 3231 3548 ad
3289 3495 3427 3548 dile-

1853 3593 2001 3635 ctum
2034 3583 2348 3638 Dominum.
2404 3584 2596 3651 Operae
2648 3585 2888 3653 pretium
2930 3593 3012 3638 est
3043 3593 3225 3639 autem
3274 3584 3425 3638 illius

1853 3691 2078 3744 quoque
2130 3677 2444 3730 meminisse
2498 3678 2761 3755 epistolae,
2822 3692 2944 3745 qua:
2999 3678 3078 3732 sic
3144 3676 3314 3732 habet
3357 3677 3426 3731 ad

1848 3769 2079 3822 Verbum
2117 3785 2129 3820 :

1913 4038 2005 4091 lX.
2049 4056 2067 4088 ι
2108 4036 2374 4105 lgnatius.
2408 4035 2501 4105 qui
2533 4046 2591 4091 et
2645 4038 2851 4098 Deiter,
2892 4040 3187 4109 episeOpus
3220 4052 3425 4097 sancta!

1842 4129 1963 4189 Dei,
1995 4143 2117 4198 quae
2150 4138 2233 4182 est
2269 4130 2595 4195 Antiochiae,
2639 4130 2917 4195 Ecclesiae.
2948 4149 3070 4203 qua:
3101 4136 3424 4190 misericor-

1840 4223 1985 4275 diam
2013 4235 2096 4276 est
2126 4232 2419 4275 consecuta
2448 4222 2500 4275 in
2544 4224 2828 4292 majestate
2866 4225 3044 4279 Patris
3074 4227 3329 4280 altissimi
3363 4237 3420 4282 ct

1837 4314 1965 4369 Jesu
1990 4313 2193 4367 Christi
2227 4315 2399 4369 solius
2423 4316 2545 4385 ejus
2593 4316 2737 4378 Filii,
2768 4317 2984 4372 dilecta:
3013 4327 3067 4372 et
3102 4318 3421 4374 illuminata:

1842 4407 1895 4460 in
1925 4409 2206 4460 voluntate
2232 4409 2372 4476 ejus,
2407 4409 2501 4477 qiti
2537 4409 2735 4468 voluit.
2766 4411 2978 4474 omnia,
3006 4427 3128 4481 qua!
3158 4421 3288 4467 sunt
3329 4428 3419 4467 se-

1844 4499 2086 4551 cundum
2128 4500 2455 4553 charitatem
2486 4499 2613 4577 Jesu
2669 4500 2873 4555 Christi
2928 4504 3021 4557 Dei
3080 4505 3279 4567 nostri,
3322 4505 3417 4573 qui

148 4572 183 4639 ἦ
218 4587 237 4620 σ
259 4570 315 4622 αὶ
343 4568 688 4638 προκάθηται
719 4568 948 4620 ἐντόπου
980 4570 1182 4638 χωρίου
1224 4571 1531 4639 Ῥωμαίων,
1552 4574 1618 4641 ἣν
1644 4572 1736 4624 καὶ

1848 4591 2007 4644 etiam
2070 4591 2328 4659 praesidet
2392 4591 2445 4643 in
2510 4572 2632 4646 loco
2689 4593 2931 4661 regionis
2995 4594 3416 4650 Romanorum:

149 4662 473 4730 ἀσπάζομαι
518 4662 576 4713 ἐν
623 4660 853 4730 ὀνόματι
898 4662 1072 4730 Ἰησοῦ
1105 4662 1339 4729 Χριστοῦ
1374 4665 1515 4717 κατὰ
1556 4668 1735 4732 σάρκα

150 4756 250 4807 καὶ
279 4753 501 4822 πνεῦμα
533 4755 818 4822 ἡνωμένον
855 4755 1004 4825 πάσῃ
1042 4756 1230 4825 ἐντολῇ
1290 4755 1457 4808 αὑτοῦ
1521 4758 1735 4827 πεπλη-

152 4844 415 4916 ρωμένην
446 4846 667 4913 χάριτος
716 4843 852 4896 Θεοῦ
892 4846 950 4898 ἐν
1009 4846 1230 4915 Χριστῷ
1298 4847 1473 4916 Ἰησοῦ
1514 4847 1591 4918 τῷ
1619 4848 1735 4917 Θεῷ

146 4937 385 5006 χαίρειν.
448 4936 602 4987 Ἐπεὶ
632 4936 930 5005 εὐξάμενος
970 4937 1089 5006 Θεῷ
1115 4938 1381 5007 ἐπέτυχον
1419 4940 1547 4992 ἰδεῖν
1583 4940 1735 5008 ὑμῶν

144 5030 214 5081 τὰ
235 5026 531 5091 ἀξιοθέατα
559 5028 853 5097 πρόσωπα,
884 5029 1169 5100 δεδεμένος
1199 5032 1258 5084 ὲν
1291 5034 1515 5101 Χριστῷ
1557 5032 1734 5103 Ἰησοῦ

144 5118 359 5181 ἐλπίζω
389 5118 534 5187 ὑμᾶς
568 5118 948 5183 ἀσπάσασθαι,
981 5124 1183 5192 ἐάνπερ
1224 5124 1443 5193 θέλημα
1472 5112 1577 5177 ’τοῦ
1601 5126 1735 5178 Θεοῦ

144 5206 178 5282 ᾖ
211 5209 309 5261 τοῦ
334 5208 633 5280 ἀξιωθῆναί
671 5229 762 5281 με,
796 5214 891 5266 καὶ
943 5216 1021 5276 εἰς
1051 5214 1206 5276 τέλος
1259 5215 1434 5279 οὕτως
1471 5214 1631 5272 εἶναι.
1673 5220 1736 5272 Ἡ

147 5302 249 5371 μὲν
280 5301 392 5370 γὰρ
425 5302 559 5371 εὐχὴ
584 5303 1012 5374 εὐοικονόμητός
1046 5306 1185 5370 ἐστι,
1218 5307 1422 5377 ἐάνπερ
1454 5309 1553 5378 τῆς
1580 5310 1735 5380 χάρι-

142 5410 237 5456 τος
268 5393 518 5463 ἐπιτύχω
544 5395 639 5448 τὸν
669 5394 873 5465 κλῆρόν
927 5414 1030 5464 μου
1065 5398 1479 5467 ἀνεμποδίστως
1530 5403 1736 5456 ἀπολα-

146 5482 288 5536 6εῖν.
325 5485 602 5554 Φοϐοῦμαι
633 5487 741 5555 γὰρ
781 5487 878 5557 τὴν
907 5488 1060 5557 ὑμῶν
1087 5490 1331 5560 ἀγάπην,
1388 5495 1464 5562 μὴ
1500 5495 1636 5565 αὐτῇ
1671 5513 1737 5565 με

143 5576 410 5647 suam.
458 5578 622 5647 Ὑμῖν
656 5579 763 5649 γὰρ
799 5580 1018 5650 εὐχερές
1066 5582 1179 5634 ἐστι
1215 5584 1439 5654 ποιῆσαι
1470 5586 1497 5637 ὃ
1532 5586 1710 5640 θέλετε

1724 5630 1735 5653 1

216 5757 296 5835 (ξ)
338 5756 491 5811 Anno
515 5758 614 5835 lt]?
638 5759 863 5818 Romam
890 5766 1138 5835 captivus
1169 5767 1425 5823 mittitur.
1458 5768 1588 5827 Vide
1620 5771 1726 5829 Ba-

145 5827 368 5881 rouium
396 5838 529 5883 tom.
557 5829 620 5884 ll.

1844 4700 2005 4752 quam
2034 4683 2212 4735 saluto
2241 4687 2293 4735 in
2317 4685 2540 4738 nomine
2572 4684 2699 4739 Jesu
2729 4686 2953 4749 Christi,
2980 4688 3283 4740 secundum
3302 4706 3422 4743 car-

1845 4790 1968 4827 nrm
2002 4782 2057 4826 et
2085 4775 2338 4843 Spiritum
2390 4778 2599 4830 unitam
2633 4781 2781 4832 onmi
2828 4781 2948 4848 ejus
2998 4779 3277 4839 mandato,
3319 4780 3423 4833 im-

1846 4867 2233 4936 pletamgratia
2264 4868 2356 4922 Dei
2388 4868 2455 4922 ad
2476 4869 2775 4923 laztandum
2796 4872 2849 4924 in
2875 4872 3097 4926 Christo
3116 4872 3244 4926 Jesu
3284 4873 3417 4926 Deo.

1841 4958 1976 5013 Cum
2015 4959 2185 5012 Deum
2219 4972 2497 5029 precatus,
2538 4963 2873 5017 obtinuerim
2918 4974 2978 5017 ut
3017 4965 3261 5017 viderem
3300 4980 3419 5032 spe-

1841 5051 2070 5103 ctabiles
2129 5061 2346 5105 vestros
2402 5054 2609 5116 vultus,
2670 5055 2884 5109 vinctus
2944 5056 2999 5108 in
3041 5055 3260 5111 Christo
3290 5054 3421 5109 Jesu

1843 5160 2005 5214 spero
2034 5160 2121 5199 me
2146 5160 2244 5199 vos
2287 5147 2676 5213 salutaturum,
2711 5146 2755 5201 si
2810 5149 2902 5202 Dei
2940 5149 3107 5203 fuerit
3142 5149 3420 5206 voluntas.

1843 5247 1902 5291 ut
1937 5238 2136 5308 dignus
2195 5238 2421 5303 habear,
2456 5239 2547 5307 qui
2591 5242 2673 5295 sic
2727 5243 2828 5295 sim
2882 5257 3056 5309 usque
3112 5240 3181 5295 ad
3234 5232 3420 5293 finem.

1843 5327 2021 5381 Meum
2053 5328 2198 5383 enim
2239 5329 2343 5383 rite
2382 5329 2629 5383 succedit
2656 5339 2867 5395 votum,
2900 5331 2944 5384 si
2978 5330 3209 5400 gratiam
3265 5328 3423 5382 fuero

1842 5427 2194 5481 consecutus,
2224 5428 2527 5475 ut.sortcm
2571 5437 2746 5475 meam
2799 5422 3065 5492 accipiam
3100 5422 3219 5475 sine
3247 5417 3422 5489 impe-

1844 5510 2111 5565 dimento.
2147 5501 2343 5567 Timeo
2370 5513 2518 5569 enim
2565 5523 2803 5567 vestram
2856 5514 3203 5579 cbaritatem,
3239 5523 3306 5567 ne
3357 5527 3421 5567 ea

1847 5613 1931 5648 me
1967 5596 2168 5650 aﬂieiat
2224 5599 2446 5670 injuria.
2486 5600 2656 5655 Vobis
2683 5602 2827 5657 cnim
2867 5602 3025 5657 facile
3080 5612 3166 5657 est
3214 5603 3415 5663 facere,

1908 5770 1985 5851 (δ)
2015 5770 2298 5845 Smyrnam
2338 5790 2523 5831 mense
2556 5776 2802 5846 Angusto
2833 5779 2998 5839 venit,
3035 5786 3092 5829 ut
3137 5785 3282 5830 notat
3320 5776 3422 5831 Ba-

1839 5859 2047 5897 I‘OﬂlUS.
