4178 6484
184 453 315 517 1281

1381 444 1553 503 Vi'l‘A
1596 444 1656 501 S.
1704 437 2001 499 IGNATII
2046 437 2379 497 DEIIFJH.

3301 425 3434 487 1282

177 572 277 636 τῆς
310 570 435 635 γῆς.
494 566 558 619 Τί
599 565 705 634 γάρ
732 563 1021 629 ὠφελεῖται
1049 560 1359 628 ἄνθρωπος,
1399 558 1492 609 ἐὰν
1526 556 1764 625 κερδήσῃ

1872 549 2131 603 mundum
2160 551 2422 611 lucretur.
2452 555 2507 600 et
2534 561 2645 599 sum
2666 544 2859 598 animat
2877 546 3116 611 patiatur
3137 542 3439 600 tle-trimen-

175 666 267 713 τὸν
325 661 530 728 κόσμον
586 657 726 714 ὅλον.
785 656 877 707 καὶ
915 652 1168 721 ζημιωθῇ
1220 652 1317 719 τὴν
1358 649 1536 719 ψυχὴν
1571 647 1757 699 αὑτοῦ.

192 752 435 805 Ἐκεῖνον
472 746 617 816 ζητῶ
645 746 736 797 τον
769 744 909 813 ὑπὲρ
936 744 1091 811 ἡμῶν
1122 741 1478 794 ἀποθανόντα.

244 841 343 897 IB'.
386 839 673 907 Σύγγνωτέ
715 855 830 907 μοι,
869 835 1116 902 ἀδελφοὶ,
1179 835 1253 901 μὴ
1312 830 1641 903 ὲμπιδέσητέ
1675 848 1761 899 μοι

177 938 369 1003 ζῆσαι,
404 935 537 1004 μηδὲ
569 929 835 1001 θελήσητε
865 946 931 998 με
956 926 1249 980 ἀποθανεῖν
1272 943 1285 956 σ
1311 926 1478 992 ἄφετέ
1508 942 1574 993 με
1596 924 1765 977 καθα-

180 1034 271 1101 ρὸν
305 1031 419 1097 φῶς
448 1027 635 1080 λαϐεῖν
661 1042 673 1053 ·
718 1026 836 1077 ἐκεῖ
863 1024 972 1093 γὰρ
1010 1020 1448 1091 παραγενόμενος
1476 1018 1571 1070 ἄνθ
1584 1034 1761 1086 ρωπος

178 1123 316 1175 Θεοῦ
356 1121 572 1190 ἔσομαι.
652 1116 1021 1187 Ἐπιτρέψατέ
1069 1132 1159 1183 μοι
1222 1111 1467 1182 μιμητὴν
1500 1107 1637 1163 εἶναι
1668 1108 1761 1161 τοῦ

180 1215 389 1276 πάθους
447 1211 540 1263 τοῦ
602 1210 874 1281 Χριστοῦ·
912 1208 965 1260 εἴ
1012 1226 1094 1269 τις
1125 1207 1287 1258 αὑτὸν
1333 1207 1389 1255 ἐν
1418 1204 1594 1271 ἐαυτῷ
1631 1202 1761 1270 ἔχει,

182 1306 432 1375 νοησάτω
487 1304 514 1357 ὃ
546 1304 687 1356 θέλω
737 1303 831 1355 καὶ
874 1299 1291 1369 συμπαθησάτω
1353 1314 1463 1364 μοι.
1513 1293 1667 1356 εἰδὼς
1697 1296 1765 1346 τά

184 1396 485 1465 ουνέχοντά
516 1413 602 1465 με.
671 1395 728 1448 ’0
765 1395 946 1463 ἄρχων
968 1392 1059 1444 τοῦ
1091 1391 1283 1452 αἰῶνος
1320 1389 1509 1441 τούτου
1532 1388 1765 1456 διαρπά-

186 1506 277 1541 σαι
314 1504 381 1557 με
429 1486 703 1556 βούλεται,
741 1486 835 1536 καὶ
860 1483 1063 1551 τὴνέἰς
1102 1481 1235 1533 Θεὸν
1268 1496 1369 1548 μου
1402 1476 1624 1545 γνώμην
1652 1476 1765 1527 δια-

186 1574 716 1646 φθαρῆναι.Μηδε“ις
745 1572 837 1626 οῦν
866 1572 974 1624 τῶν
1004 1571 1284 1639 παρόντων
1310 1567 1573 1637 βοηθείτω
1595 1565 1762 1633 αὐτῷ-

190 1666 393 1734 μᾶλλον
415 1667 535 1733 ἐμοὶ
557 1663 799 1731 γένεσθε.
826 1662 973 1714 τοῦτ’
993 1662 1108 1713 ἐστι
1130 1660 1223 1711 τοῦ
1252 1660 1409 1711 Θεοῦ.
1434 1660 1524 1723 Μὴ
1550 1657 1764 1711 λαλεῖτε

201 1756 411 1824 Ἰησοῦν
450 1756 704 1825 Χριστὸν,
759 1756 965 1823 κόσμου
996 1754 1052 1806 δὲ
1085 1752 1410 1817 ἐπιθυμεῖτε
1440 1767 1453 1779 '
1492 1750 1765 1818 βασκανία

190 1851 245 1901 ὲν
272 1850 403 1917 ὑμῖν
434 1849 506 1918 μὴ
536 1847 860 1901 κατοικεετω
881 1864 891 1875 ·
949 1845 1069 1915 μηδ’
1100 1843 1166 1897 ἂν
1194 1843 1305 1909 ὲγὼ
1338 1842 1529 1912 παρὼν
1584 1860 1761 1913 παρα-

1871 642 2031 696 tum?
2068 642 2221 694 Ilium
2262 655 2471 709 qua-ro,
2496 638 2589 707 qui
2627 654 2724 707 pro
2762 637 2921 690 nobis
2947 646 3031 690 est
3058 644 3328 691 mortuus.

1942 820 2056 874 ΧΗ.
2104 819 2375 889 Ignoscite
2402 819 2558 881 mihi,
2592 817 2825 871 fratres:
2858 833 2925 870 ne
2955 816 3078 871 sitis
3109 817 3241 870 mihi
3268 816 3441 886 impe—

1865 896 2131 977 dimento,
2165 913 2464 982 quominus
2520 912 2721 972 vivam,
2754 925 3036 978 nequemc
3064 910 3248 963 velitis
3278 910 3436 963 mori.

1867 1004 2039 1059 Sinite
2070 1020 2155 1058 me:
2190 1019 2379 1072 puram
2406 1003 2583 1057 lucem
2620 1003 2888 1071 accipere.
2925 1001 3061 1056 Cum
3128 1004 3255 1057 illuc
3283 1002 3431 1056 enim

1868 1114 2092 1160 venero,
2142 1112 2238 1149 ero
2287 1098 2452 1150 homo
2496 1097 2613 1150 Dei.
2676 1094 2987 1169 Permittite
3019 1095 3174 1155 mihi,
3225 1104 3285 1149 ut
3336 1095 3439 1150 sim

1868 1189 2112 1241 imitator
2139 1189 2411 1257 passionis
2446 1186 2674 1241 Christi.
2702 1186 2757 1239 Si
2785 1186 2911 1255 quis
2954 1187 3132 1255 ipsum
3168 1187 3221 1239 in
3259 1188 3441 1255 seipso

1868 1280 2055 1342 habet,
2123 1281 2394 1349 inteliigat
2452 1278 2597 1348 quod
2636 1278 2800 1331 volo:
2839 1288 2893 1331 ct
2956 1278 3090 1331 mihi
3155 1287 3444 1331 moveatur

1869 1373 2373 1434 commiseratione,
2418 1387 2544 1424 cum
2576 1372 2715 1425 sciat
2754 1386 2874 1438 qum
2902 1386 2986 1423 me
3037 1371 3441 1440 constringant.

1868 1460 2132 1528 Princeps
2161 1461 2524 1526 hujusszeculi
2564 1476 2646 1513 me
2679 1461 2792 1513 vull
2822 1461 3086 1527 diripere,
3119 1470 3441 1514 etcorrum-

1870 1567 1998 1620 pere
2034 1567 2209 1605 meam
2256 1552 2307 1604 in
2345 1554 2513 1605 Deum
2542 1553 2894 1605 sententiam.
2922 1552 3095 1605 Nemo
3118 1567 3249 1621 ergo
3278 1567 3346 1605 ex
3376 1554 3447 1606 iis

1867 1644 1960 1713 qui
2004 1645 2221 1707 adsunt,
2262 1646 2310 1697 ei
2342 1660 2498 1712 Opem
2527 1644 2684 1696 ferat.
2717 1644 2905 1697 Estote
2955 1644 3057 1697 mei
3092 1645 3295 1713 potius,
3336 1644 3443 1700 hoc

1866 1745 1970 1798 est,
1998 1735 2112 1789 Dei.
2149 1736 2225 1788 Ne
2264 1734 2569 1801 loquamini
2622 1732 2904 1787 Christum
2933 1732 3141 1797 Jesum,
3177 1736 3442 1789 mundum

1868 1844 2000 1881 vero
2026 1828 2366 1881 ilesideretis.
2406 1827 2482 1881 Ne
2520 1826 2731 1880 habitet
2760 1828 2904 1879 inter
2938 1842 3036 1879 vos
3064 1826 3291 1881 invidia.
3329 1826 3440 1881 Nec

190 1903 341 1994 καλῶ
397 1903 560 2008 opai;
598 1924 863 2007 πείσθηΞὲ
900 1903 1022 2005 pot:
1063 1903 1274 1998 τούτοις
1318 1935 1373 1986 δὲ
1412 1903 1611 2003 μᾶλλον
1644 1903 1765 1985 πεί-

1872 1922 1913 1976 si
1960 1939 2060 1993 ego
2096 1924 2314 1993 quidem
2355 1939 2594 1992 praesens
2652 1937 2750 1975 vos
2803 1937 3011 1991 rogem,
3038 1930 3224 1991 parete
3260 1922 3394 1976 mihi
3426 1939 3442 1975 :

191 2033 392 2101 08111:,
413 2027 493 2094 οἷς
520 2029 629 2097 ἐγὼ
650 2031 847 2101 γράφω
876 2031 1006 2098 ὑμῖν
1031 2044 1043 2056 ·
1070 2029 1132 2092 ἐξ
1152 2022 1225 2079 ὧν
1254 2028 1360 2095 γὰρ
1389 2027 1585 2096 γράφω
1616 2026 1765 2095 ὑμῖν,

189 2122 301 2192 ὶρῶ
344 2121 435 2174 τοῦ
490 2120 804 2175 ἀποθανεῖν.
854 2122 914 2172 Ὀ
957 2120 1087 2188 ἐμὸς
1126 2119 1264 2186 ἔρως
1292 2118 1635 2187 ἐσταύρωται
1676 2118 1769 2169 καὶ

188 2213 290 2265 οὐκ
314 2210 461 2263 ἔστιν
492 2212 549 2263 ἐν
578 2210 707 2281 ἐμοὶ
732 2210 838 2280 πῦρ
868 2210 1140 2277 φιλόῦλον,
1171 2208 1317 2279 ὕδωρ
1346 2208 1399 2260 δὲ
1431 2209 1633 2278 μᾶλλον
1660 2207 1767 2269 ζῶν

189 2303 285 2355 καὶ
329 2300 525 2353 λαλοῦν
562 2301 622 2353 ὲν
650 2302 794 2369 ἐμοι,
828 2300 1029 2352 ἔσωθέν
1065 2316 1155 2369 μοι
1198 2299 1370 2366 λέγων
1394 2316 1406 2328 ·
1434 2299 1604 2368 Δεῦρο
1635 2299 1767 2367 πρὸς

186 2390 280 2443 τὸν
312 2390 555 2459 Πατέρα.
601 2390 721 2459 Οὐχ
745 2390 942 2459 ἥδομαι
964 2392 1135 2460 τροφῇ
1171 2388 1374 2457 φθορᾶς
1408 2387 1527 2439 οὐδὲ
1558 2387 1769 2457 ἡδοναῖς

185 2484 307 2542 ταῖς
342 2480 434 2532 τοῦ
469 2482 583 2549 βίου
612 2481 823 2542 τούτου,
851 2479 1017 2549 ἄρτον
1051 2479 1189 2531 Θεοῦ
1218 2478 1377 2543 θέλω,
1414 2479 1576 2547 ἄρτον
1605 2480 1771 2547 οὐρά-

188 2588 321 2634 νιον,
357 2572 521 2643 ἄρτον
551 2571 719 2640 ζωῆς,
754 2572 781 2623 ὅ
822 2572 939 2622 ἐστι
980 2571 1117 2639 σὰρξ
1165 2568 1342 2639 Ἰησοῦ
1394 2569 1628 2639 Χριστοῦ
1675 2567 1767 2619 τοῦ

190 2663 323 2716 Υἰοῦ
376 2664 467 2715 τοῦ
519 2664 679 2726 θεοῦ,
721 2662 815 2716 τοῦ
844 2664 1141 2732 γενομένω
1176 2665 1233 2713 ὲν
1266 2662 1475 2730 ὑστέρῳ
1509 2663 1573 2713 ὲκ
1605 2661 1769 2730 σπέρο

193 2772 362 2817 ματος
395 2754 559 2807 Δαυῖδ
606 2755 702 2806 καὶ
747 2754 1025 2821 Ἀδραάμ,
1058 2754 1152 2804 καὶ
1189 2754 1340 2822 πόμα
1372 2752 1510 2804 Θεοῦ
1545 2752 1769 2805 θέλωντὸ

189 2842 329 2915 αἷμα
359 2846 547 2915 αυᾷτοῦ,
588 2848 615 2897 ὅ
650 2850 797 2896 ἐστιν
854 2846 1049 2912 ἀγάπη
1086 2844 1363 2913 ἄφθαρτος
1423 2844 1516 2896 καὶ
1574 2842 1768 2903 ἀέναος

193 2939 335 3007 (ruﬁ.
397 2940 511 2990 Οὐκ
538 2938 616 2989 ἔτι
652 2938 790 2989 θέλω
830 2940 969 2991 κατὰ
997 2934 1315 3006 ἀνθρώπους
1348 2935 1447 3005 ζῇν
1473 2950 1486 2965 °
1517 2934 1672 2985 τοῦτο
1712 2934 1769 2986 δὲ

193 3032 369 3090 ἔσται,
433 3032 528 3083 ἐὰν
585 3030 743 3099 ὑμεῖς
771 3029 1061 3099 θελήσητε.
1095 3028 1373 3097 Θελήσατε
1405 3019 1535 3089 οὗν,’
1563 3028 1649 3078 ἵνα
1677 3028 1768 3079 καὶ

196 3126 357 3189 ὑμεῖς
425 3122 723 3188 θεληθῆτε·
781 3120 848 3172 δι’
904 3121 1099 3195 ὀλίγων
1139 3119 1483 3189 γραμμάτων
1515 3119 1768 3185 αξιοῦμαι

1874 2017 1942 2070 iis
1975 2025 2160 2070 autem
2200 2026 2386 2085 parete
2438 2016 2641 2084 potius,
2682 2029 2803 2083 qum
2829 2029 2930 2082 ego
2976 2015 3043 2069 ad
3094 2030 3192 2069 vos
3236 2015 3442 2069 scribo.

1872 2110 1947 2162 Ex
1996 2109 2059 2163 iis
2087 2109 2233 2161 enim
2265 2125 2383 2178 qum
2422 2108 2605 2162 scribo
2633 2108 2699 2161 ad
2748 2123 2863 2169 vos,
2903 2110 3042 2160 mori
3079 2108 3259 2174 cupio.
3295 2106 3446 2161 lli-us

1870 2214 2025 2251 amor
2081 2209 2165 2252 est
2210 2199 2360 2252 cruci
2418 2200 2630 2258 aﬂixus.
2664 2208 2721 2252 et
2771 2214 2877 2251 non
2924 2207 3006 2251 est
3040 2204 3111 2250 in
3164 2209 3250 2250 me
3303 2198 3446 2267 ignis

1870 2306 2062 2345 amans
2095 2292 2378 2344 mundana!
2401 2291 2678 2344 materiae:
2710 2305 2849 2359 aqua
2881 2299 3061 2342 autem
3102 2289 3286 2357 potius
3322 2290 3443 2343 viva

1869 2395 1924 2439 et
1979 2385 2030 2437 in
2074 2399 2160 2435 me
2198 2383 2451 2451 loquens,
2484 2399 2604 2450 quae
2650 2382 2798 2435 intus
2837 2382 2969 2433 mihi
3001 2380 3170 2434 dicit:
3201 2381 3334 2435 Veni
3376 2382 3444 2435 ad

1870 2478 2109 2531 Patrem.
2152 2475 2269 2528 Non
2335 2474 2586 2528 delector
2644 2474 2985 2526 nutrimento
3048 2472 3442 2541 corruptionis,

1868 2583 2047 2635 neque
2104 2565 2479 2633 voluptatibus
2528 2564 2693 2632 hujus
2741 2564 2883 2618 vitae.
2940 2564 3143 2617 Panem
3172 2564 3268 2619 Dei
3295 2564 3457 2628 volo,.

1869 2673 2090 2728 panem-
2122 2644 2424 2720 caelestem,
2481 2671 2675 2725 panem
2723 2660 2869 2719 vitae,
2914 2658 3009 2727 qui
3038 2665 3123 2711 est
3152 2672 3283 2712 caro
3310 2657 3444 2713 Jesu

1869 2750 2071 2805 Christi
2105 2750 2199 2803 [iiii
2237 2751 2355 2813 Dei,
2392 2752 2485 2819 qui
2547 2760 2735 2819 postea
2786 2760 2949 2804 natus
2994 2757 3079 2803 est
3110 2765 3178 2804 ex
3226 2750 3442 2807 semine

1870 2846 2037 2899 David
2065 2855 2120 2899 et
2151 2845 2428 2898 Abraham
2458 2863 2471 2897 :
2510 2859 2563 2899 et
2586 2855 2772 2914 potum
2810 2845 2906 2898 Dei
2933 2846 3060 2899 volo
3084 2845 3203 2913 ejus
3222 2844 3443 2913 sangui-

1869 2952 2017 3001 nem,
2044 2936 2136 3002 qui
2165 2949 2248 2990 est
2277 2936 2518 2989 eharitas
2547 2938 2884 3005 incorrupta,
2919 2946 2974 2991 et
3020 2939 3129 2991 vita
3154 2937 3438 3005 perennis.

1868 3030 1988 3083 Non
2022 3030 2256 3098 amplius
2284 3030 2408 3083 volo
2431 3030 2619 3083 vivere
2656 3029 2797 3083 sicut
2830 3029 3101 3093 homines,
3130 3030 3233 3083 hoc
3261 3040 3443 3084 autem

1869 3118 1998 3180 erit,
2025 3119 2184 3171 sivos
2218 3118 2527 3171 volueritis.
2568 3118 2755 3172 Velitis
2786 3134 2940 3186 ergo,
2975 3126 3036 3169 ut
3078 3133 3176 3171 vos
3226 3132 3447 3187 quoque

197 3215 363 3281 ὑμᾶς,
383 3213 707 3265 πιστεῦσατέ
736 3229 846 3281 μοι.
884 3210 1091 3281 Ἰησοῦς
1114 3212 1169 3263 δὲ
1194 3211 1427 3281 Χριστὸς
1446 3212 1574 3279 ὑμῖν
1600 3211 1767 3260 ταῦτα

1875 3209 2016 3263 Deus
2073 3211 2223 3263 velit.
2267 3211 2536 3264 Brevibus
2601 3210 2800 3265 litteris
2830 3220 2956 3277 peto
3009 3226 3039 3263 a
3080 3210 3278 3264 vobis:
3312 3211 3445 3263 mihi

197 3303 502 3374 φανερώσει
538 3303 600 3355 τὸ
628 3302 857 3371 ἀψευδὲς
886 3303 1081 3371 στόμα,
1112 3303 1192 3354 ὅτι
1219 3304 1408 3372 ἀληθῆ·
1422 3300 1583 3367 λέγω.
1609 3300 1774 3366 Δίτή-

196 3396 364 3448 σασθε
390 3398 519 3464 περὶ
552 3394 710 3462 ἐμοῦ,
746 3394 833 3445 ῖνα
862 3394 1125 3463 ἐπιτύχω.
1166 3394 1240 3446 Οὐ
1267 3395 1405 3445 κατά
1438 3394 1619 3460 σάρκα
1643 3391 1772 3460 ὑμῖν

197 3486 453 3556 ἔγραψαν
483 3486 620 3539 ἀλλά
659 3486 799 3537 κατὰ
830 3485 1054 3553 γνώμην
1082 3484 1238 3536 Θεοῦ.

268 3658 369 3709 ll".
416 3656 540 3709 Ἐὰν
585 3656 764 3721 πάθω,
832 3654 1205 3725 μνημονεύετε
1257 3656 1313 3706 ἐν
1375 3658 1441 3725 τῇ
1497 3662 1771 3728 προσευχῇ

191 3754 354 3823 ὑμῶν
382 3753 478 3821 τῆς
508 3756 566 3804 ὲν
590 3750 761 3822 Συρίᾳ
804 3752 1148 3821 Ἐκκλησίας,
1185 3753 1304 3822 ἣτις
1337 3754 1457 3804 ἀντὶ
1490 3754 1623 3821 ἐμοῦ
1654 3770 1773 3804 ποι-

199 3844 420 3913 μένιτῷ
436 3843 555 3913 Θεῷ
577 3838 874 3914 κέγρηται·
910 3846 1067 3912 μόνος
1098 3844 1264 3912 αὐτὴν
1302 3843 1509 3911 Ἰησοῦς
1540 3844 1774 3913 Χριστὸς

198 3938 571 4003 επισκοπήσει
631 3940 723 3986 καὶ
764 3939 795 4001 ὴ
839 3938 991 4002 ὑμῶν
1016 3937 1227 4003 ἀγάπη.
1269 3937 1599 3999 Ἀσπάζεται
1631 3939 1773 4006 ὑμᾶς

198 4032 260 4082 τὸ
292 4030 423 4098 ἐμὸν
458 4028 678 4095 πνεῦμα
709 4033 800 4079 καί
833 4030 863 4097 ἡ
906 4030 1094 4095 ἀγάπη
1125 4027 1233 4079 τῶν
1279 4026 1619 4097 Ἐκκλησιιίν
1666 4029 1773 4078 τῶν

198 4121 512 4189 δεξαμένων
538 4136 605 4189 με
636 4121 716 4181 εἰς
746 4119 915 4188 ὄνομα
949 4118 1124 4187 Ἰησοῦ
1148 4118 1506 4187 Χριστοῦόὐχ
1532 4117 1605 4176 ὡς
1632 4136 1774 4188 παρ-

196 4210 451 4262 οδεύοντα
470 4226 484 4242 ⁸
508 4211 602 4261 καὶ
632 4210 740 4275 γὰρ
769 4210 822 4259 αἱ
856 4211 930 4276 μὴ
960 4208 1336 4275 προσήκουσαι
1365 4223 1455 4274 μοι
1486 4211 1551 4276 τῇ
1579 4208 1681 4276 ὁδῷ
1707 4209 1772 4276 τῇ

201 4302 349 4353 κατὰ
407 4302 590 4369 σάρκα
646 4299 787 4351 κατὰ
821 4299 976 4350 πόλιν
1010 4314 1077 4365 με
1129 4299 1439 4367 προσῆγον·
1493 4304 1690 4366 γράφω
1720 4299 1774 4349 δὲ

208 4392 343 4459 ὑμῖν
380 4389 553 4441 ταῦτα
580 4390 689 4441 ἀπὸ
725 4390 975 4459 Σμύρνης
998 4389 1063 4440 δι’
1112 4389 1376 4455 Ἐφεσίων
1406 4388 1515 4440 τῶν
1548 4389 1773 4456 άξιομα·

204 4481 507 4546 καρξστων.
570 4482 723 4534 Ἐστι
774 4482 829 4533 δὲ
874 4484 969 4535 σὺν
1004 4481 1186 4542 ἄλλοις
1237 4481 1452 4543 πολλοῖς
1508 4466 1624 4549 ἅμα
1651 4480 1775 4551 ἐμοὶ

1877 3301 2102 3355 credite.
2126 3300 2288 3355 Jesns
2315 3317 2445 3355 vero
2477 3302 2731 3356 Christus
2772 3301 2927 3354 vobis
2964 3302 3195 3369 aperiet,
3234 3301 3326 3369 qui
3362 3313 3449 3355 est.

1876 3409 1938 3448 os
1963 3410 2070 3447 non
2104 3395 2355 3456 mendax,
2389 3394 2534 3463 quod
2566 3410 2689 3447 vera
2735 3394 2858 3447 dico
2880 3393 3118 3460 petendo
3144 3403 3203 3446 ut
3252 3408 3447 3445 conse-

1876 3501 2032 3555 quar.
2093 3487 2211 3539 Non
2265 3485 2568 3539 secundum
2619 3498 2838 3537 carnem
2886 3484 2954 3537 ad
2992 3498 3087 3537 vos
3111 3483 3314 3551 scribo,
3350 3484 3444 3537 srd

1876 3580 2180 3632 secundum
2220 3579 2313 3633 Dei
2349 3578 2699 3631 sententiam.

1948 3667 2087 3721 XIII.
2125 3668 2177 3721 Si
2213 3683 2407 3736 passus
2449 3667 2628 3731 fuero,
2680 3674 3014 3721 mementote
3073 3666 3128 3719 in
3195 3666 3447 3720 oratione

1877 3767 2055 3810 vestra
2096 3756 2354 3810 Ecclesiae
2399 3756 2589 3827 Syrim,
2617 3772 2738 3823 qua:
2790 3772 2889 3825 pro
2919 3772 3005 3810 me
3058 3765 3277 3825 pastore
3333 3757 3447 3810 Deo

1880 3849 2099 3901 vivitur.
2133 3848 2293 3903 Solus
2322 3848 2494 3917 ipsam
2521 3848 2678 3902 Jesus
2717 3848 2970 3901 Christus
3008 3848 3270 3910 visitabit,
3298 3849 3446 3918 ejus-

1877 3955 1981 4008 qnc
2022 3955 2210 3992 curam
2270 3949 2425 4009 geret
2484 3950 2540 3993 et
2575 3950 2755 3993 vestra
2792 3939 3052 3993 Charitas.
3102 3938 3314 3993 Salutat
3351 3955 3448 3994 vos

1879 4044 2031 4082 meus
2079 4031 2330 4097 spiritus,
2396 4037 2451 4082 et
2490 4030 2732 4082 charitas
2777 4029 3165 4093 Ecclesiarum,
3193 4044 3313 4097 qua:
3361 4040 3465 4082 me'

1878 4128 2239 4187 susceperunt
2273 4120 2328 4171 in
2360 4120 2581 4172 nomine
2608 4118 2735 4172 Jesu
2784 4117 3012 4182 Christi,
3044 4132 3152 4171 non
3188 4126 3446 4187 tanquam

1880 4220 2278 4264 transeuntem.
2312 4210 2526 4263 Etenim
2554 4226 2673 4277 quae
2705 4209 2772 4262 ad
2805 4224 2890 4262 me
2919 4224 3027 4262 non
3048 4209 3357 4262 attinebant
3388 4210 3443 4261 in

1877 4305 1985 4365 via,
2011 4318 2130 4371 qua:
2164 4312 2248 4355 est
2278 4302 2581 4355 secundum
2614 4315 2858 4362 carnem,
2897 4286 2983 4352 me
3017 4300 3367 4353 deduxerunt
3393 4298 3447 4352 in

1878 4394 2180 4446 civitatem.
2214 4392 2409 4446 Scribo
2436 4405 2621 4446 autem
2656 4393 2771 4446 haec
2798 4391 2865 4445 ad
2892 4406 2987 4444 vos
3018 4407 3049 4445 e
3078 4391 3308 4461 Smyrna
3352 4406 3450 4459 per

1879 4483 2167 4552 Ephesios,
2198 4485 2291 4553 qui
2315 4485 2461 4555 digni
2511 4493 2640 4537 SUltl
2670 4484 2762 4551 qui
2821 4484 2965 4537 beati
2990 4482 3328 4552 judicentur.
3358 4481 3451 4535 Est

203 4578 301 4625 καὶ
336 4576 569 4641 Κρόκος,
605 4576 664 4627 τὸ
686 4576 919 4644 ποθητὸν
951 4574 1121 4644 ὄνομα
1156 4576 1262 4627 τῶν
1286 4575 1649 4628 συνελθόντων
1683 4591 1769 4641 μοι

1878 4590 2011 4628 vero
2036 4590 2249 4628 mecum
2282 4590 2405 4627 eum
2444 4574 2630 4628 multis
2659 4574 2779 4626 aliis
2811 4572 3019 4627 Crocus
3057 4588 3299 4642 quoque,
3347 4586 3448 4626 no-

200 4667 312 4718 ἀπὸ
350 4668 547 4737 Συρίας
574 4669 651 4730 εἰς
679 4669 833 4732 δόξαν
860 4668 1017 4722 Θεοῦ.
1057 4667 1309 4737 Ἔγραψα
1342 4669 1469 4736 ὑμῖν
1498 4668 1671 4719 ταῦτα
1707 4670 1769 4735 τῇ

201 4760 313 4827 πρὸ
364 4761 520 4811 ἐννέα
566 4759 858 4811 Καλανδῶν
914 4759 1309 4828 Σεπτεμϐρίου.
1367 4759 1649 4828 Ἔρρωσθε
1698 4759 1777 4819 εἰς

202 4849 384 4912 τέλο,,
414 4850 691 4919 ἀγαπητοὶ
718 4852 775 4902 ὲν
807 4850 1049 4919 ὑπομονῇ
1092 4850 1266 4917 Ἰησοῦ
1300 4850 1554 4917 Χριστοῦ.
1580 4850 1773 4917 ’Λμῂν.

274 5028 373 5083 ω’.
419 5030 580 5081 Ἀλλὰ
639 5028 809 5080 ταῦτα
849 5028 948 5097 μὲν
991 5029 1058 5079 τὰ
1099 5029 1194 5097 τῆς
1238 5028 1545 5098 ἐπιστολῆς,
1608 5028 1775 5089 Αὐτὸς

203 5122 346 5191 μετὰ
369 5121 541 5190 βραχὺ
570 5120 677 5172 ἀπὸ
711 5120 963 5189 Σμύρνης
991 5120 1099 5171 ἀπὸ
1134 5120 1236 5170 τῶν
1274 5120 1625 5188 στρατιωτῶν
1648 5124 1775 5171 ἁνα-

200 5212 349 5282 χθεῖς
381 5214 476 5265 καὶ
502 5215 791 5278 προσσχὼν
818 5212 881 5278 τῇ
918 5209 1241 5277 Τρωάδικαὶ
1273 5210 1544 5262 Νεαπόλει
1578 5214 1775 5282 παρῄει

199 5305 287 5355 διὰ
324 5302 605 5353 Φιλίππων
655 5303 746 5352 καὶ
780 5301 1124 5364 Μακεδονίας
1160 5304 1322 5371 πεζῇ,
1370 5304 1464 5365 τὰς
1498 5306 1647 5375 παρὰ
1680 5308 1775 5373 τὴν

200 5397 321 5447 ὁδὸν
361 5394 684 5463 Ἐκκλησιας
715 5394 1031 5447 ἐπισκοπῶν
1064 5396 1155 5446 καὶ
1182 5395 1451 5448 διδάσκων
1475 5396 1532 5447 ὲν
1557 5398 1771 5458 αὑταῖς,

198 5485 561 5558 παρακαλῶν,
600 5484 980 5554 διαλεγόμενος
1018 5487 1143 5549 τοὺς
1203 5488 1630 5558 άκεριιοτέρονς
1667 5489 1773 5540 τῶν

197 5577 448 5645 ἀδελφῶν
486 5574 918 5646 ἀσφαλιζόμενος
941 5580 1033 5630 καὶ
1054 5579 1261 5641 πάντας
1290 5583 1654 5652 ἐγρηγορέναι
1683 5584 1775 5633 καί

198 5673 395 5739 νῆφε-ιν
426 5670 888 5739 παρασκευάζων.
920 5670 1133 5732 Φθάσα;
1163 5670 1221 5722 δὲ
1251 5672 1346 5740 τὴν
1374 5677 1428 5723 ὲν
1461 5672 1776 5741 Ἐπιδάμνῳ

200 5767 471 5832 ’Ἤπειρον
504 5765 597 5815 καὶ
627 5765 685 5815 τὸ
732 5765 1071 5833 Ἀδριατικόν
1105 5781 1160 5815 τε
1186 5765 1280 5816 καὶ
1308 5766 1648 5836 Τυρρηνικὴν
1677 5768 1772 5817 πέ-

197 5857 362 5925 λαγος
393 5855 739 5925 διαπλεύσας,
773 5860 854 5922 εἰς
907 5860 999 5920 τὰς
1035 5860 1089 5909 ἐν
1131 5860 1197 5929 τῇ
1249 5857 1436 5930 Ῥώμῃ
1490 5860 1774 5923 Ποτιόλους

1880 4681 2003 4719 men
2038 4666 2399 4736 desiderabile
2433 4680 2624 4719 eorum
2676 4666 2769 4733 qui
2812 4679 3023 4717 mecum
3072 4662 3450 4717 convenerunt

1877 4772 1907 4810 e
1953 4756 2109 4826 Syria
2146 4756 2211 4809 ad
2251 4756 2482 4825 gloriam
2532 4756 2647 4808 Dei.
2678 4753 2801 4807 Haec
2839 4753 2905 4806 ad
2934 4768 3029 4807 vos
3080 4752 3274 4821 scripsi
3302 4768 3449 4807 nono

1879 4849 1996 4902 Kal.
2023 4848 2301 4917 Septemb.
2331 4847 2513 4901 Valete
2530 4856 2815 4915 perpetuo,
2837 4844 3055 4905 fratres,
3077 4844 3131 4897 in
3157 4844 3449 4897 tolerantia

1876 4942 2002 4996 Jesu
2033 4941 2261 4994 Christi.
2292 4939 2483 4993 Amen.

1948 5034 2090 5089 XIV.
2127 5034 2231 5088 Sed
2265 5043 2349 5087 est
2394 5032 2508 5086 haec
2556 5031 2776 5100 quidem
2810 5030 3059 5099 epistola.
3097 5022 3445 5097 Ipse‘autem

1879 5130 2039 5199 paulo
2070 5138 2191 5196 post
2220 5141 2249 5177 e
2274 5126 2502 5196 Smyrna
2539 5124 2805 5175 deductus
2826 5138 2855 5175 a
2894 5120 3165 5174 militibus
3202 5128 3290 5172 :et
3316 5133 3441 5173 cum

1879 5218 2464 5291 appulissetTroadam
2501 5226 2555 5269 et
2580 5217 3123 5284 Neapolim,transiit
3158 5216 3295 5285 pede
3350 5233 3447 5286 per

1880 5313 2163 5379 Philippos
2191 5318 2247 5363 et
2274 5308 2670 5369 Macedoniam,
2696 5323 2789 5361 eas
2820 5324 2939 5376 qua:
2970 5316 3099 5361 sunt
3145 5308 3199 5360 in
3232 5308 3317 5361 via
3367 5308 3451 5361 ina

1879 5406 2062 5457 visens
2093 5402 2385 5463 Ecclesias,
2415 5409 2471 5453 et
2511 5400 2567 5452 in
2597 5400 2677 5453 eis
2708 5399 2947 5463 docens;
2978 5400 3296 5464 exhortans,
3327 5398 3441 5454 dis-

1880 5511 2089 5559 serens,
2119 5494 2315 5548 Iratres
2366 5492 2461 5562 qui
2489 5501 2645 5545 erant
2678 5492 2839 5561 paulo
2874 5492 3234 5560 simpliciores
3259 5501 3315 5545 et
3345 5492 3449 5545 im-

1881 5584 2671 5649 becilliores,contirinans,et
2717 5582 2959 5637 etliciens
3011 5589 3069 5636 ut
3122 5597 3315 5637 omnes
3367 5582 3451 5634 vi-

1879 5680 2111 5747 gilarent
2146 5689 2200 5732 et
2234 5685 2418 5731 essent
2452 5674 2643 5729 sobrii.
2672 5674 2807 5727 Cum
2839 5689 2969 5727 vero
2998 5673 3285 5727 transisset
3308 5671 3443 5741 Epi-

1882 5779 2091 5829 rum,et
2127 5784 2273 5821 mare
2319 5765 2628 5819 transiissct
2653 5764 2988 5817 Adriaticum
3014 5774 3065 5817 et
3108 5762 3444 5835 Tyrhcnum,

1880 5861 2101 5930 appeilit
2138 5860 2414 5914 Puteolos.
2448 5857 2697 5926 Ilospitio
2731 5866 2911 5909 autem
2966 5866 3229 5924 exceptus
3282 5855 3445 5909 simul
