4218 6482
193 422 218 494 ’1
229 427 336 493 293

1191 425 1370 488 VITA
1411 425 1472 486 S.
1513 423 1880 487 CORNELII
1922 426 2470 488 CENTURIONIS.

3335 427 3471 494 1295

205 576 3446 600 Μ

837 729 1475 819 ΜΑΡΤΥΡΙΟΝ
1548 728 1779 814 ΤΟΥ
1853 726 2197 817 ΑΓΙΟΥ
2272 723 2810 818 ΕΝΔΟΞΟΥ

1397 911 2065 968 ΜΕΓΑΛΟΜΛΡΤΥΡΟΣ

182 1079 1508 1258 ΚΟΡΝΕΛΙΟΥ
1566 1084 3451 1271 ΕΚΑΤΟΝΤΑΡΧΟΥ.

789 1532 1522 1622 MABTYRIUM
1600 1532 2016 1620 SANCTI
2110 1536 2257 1625 ET
2328 1535 2895 1630 GLORIOSI

1579 1730 2001 1792 MARTYRIS

607 1911 1508 2070 CORNELII
1679 1909 2785 2069 CENTURION
2788 1911 3026 2071 IS.

729 2187 921 2249 (Curre
949 2197 1081 2234 nunc
1109 2187 1318 2246 primum
1345 2187 1474 2245 typis
1500 2190 1760 2232 maneatur
1781 2196 1842 2232 ex
1865 2185 1972 2234 cod.
2001 2199 2093 2236 ms.
2118 2186 2275 2236 Paris.
2303 2200 2350 2235 n.
2383 2186 2524 2237 1489.
2561 2187 2704 2237 Εοιτ.
2725 2188 2903 2253 Pam.)
2929 2257 2932 2259 Α

1765 2345 1831 2354 ...-

1736 2452 1964 2506 CAPUT
2018 2453 2054 2506 Ι.

1355 2567 1414 2619 .5.
1453 2565 1683 2618 Cornelii
1733 2569 2016 2634 ronrersio,
2049 2570 2364 2637 haptismus.

248 2698 329 2752 A'.
371 2697 526 2751 Μετὰ
558 2696 658 2763 τὴν
688 2694 1080 2775 σωτήριον-ἐπὶ
1114 2693 1215 2760 γῆς
1248 2688 1342 2741 τοῦ
1379 2688 1558 2756 Λόγου
1582 2689 1770 2758 ἐπιδη-
1804 2701 1849 2755 Α

183 2800 311 2864 μίαν
346 2793 440 2844 τὸν
490 2789 739 2842 ἑκούσιον
798 2804 854 2838 τε
913 2785 1150 2853 σταυρὸν
1191 2784 1288 2836 καὶ
1315 2782 1407 2834 τὶν
1439 2781 1578 2851 ὑπὲρ
1611 2780 1768 2852 ἡμῶν

179 2886 415 2938 θάνατον
446 2882 650 2951 καὶτὴν
678 2882 756 2943 εἰς
778 2879 1041 2947 οὐρανοὺς
1061 2875 1318 2929 ἐπάνοδον
1353 2874 1473 2928 ὅθεν
1497 2873 1771 2942 ἐπήλυθεν

178 2978 536 3045 οἰκοδομῆσαι
569 2974 665 3043 τὴν
686 2971 890 3041 σκηνὴν
923 2969 1108 3036 Δανῗδ,
1145 2970 1286 3022 κατὰ
1315 2969 1438 3029 τοὺς
1462 2966 1768 3036 προφήτας,

178 3074 276 3141 τὴν
309 3072 692 3133 πεπτωκυῖαν,
732 3062 812 3129 εἷς
844 3067 1054 3135 ὑπῆρχε
1083 3067 1178 3117 καὶ
1207 3066 1233 3116 ὁ
1260 3065 1324 3115 ἐκ
1361 3064 1460 3133 τῆς
1504 3061 1770 3130 Ἰταλικῆς

182 3167 418 3236 σπείρης
455 3162 854 3232 ἑκατόνταρχος
876 3158 1178 3229 Κορνήλιος
1228 3157 1338 3208 τῶν
1389 3154 1772 3225 ἐπιζητούντων

178 3261 347 3313 αὑτὸν
390 3257 486 3311 καὶ
537 3256 605 3308 τὰ
632 3253 839 3325 ἀρεστὰ
890 3254 1086 3320 ἐκείνῳ
1118 3249 1436 3313 ποιούντων,
1470 3248 1565 3301 καὶ
1603 3247 1772 3310 πολὺς

179 3353 235 3406 ἐν
267 3349 500 3419 ἀγαθοῖς
541 3347 728 3415 ἔργοις
777 3338 869 3412 ἦν,
912 3344 960 3395 εἰ
989 3343 1086 3394 καὶ
1122 3339 1350 3412 μηδέπω
1387 3339 1489 3408 τῆς
1550 3339 1772 3409 χάριτος

177 3446 378 3501 τούτου
400 3443 498 3510 τῆς
525 3439 695 3502 Θείας,
729 3435 862 3508 μηδὲ
891 3435 989 3505 τῆς
1018 3433 1152 3504 πρὸς
1181 3431 1347 3485 αὐτὸν
1384 3432 1586 3501 ἠξίωτο
1638 3431 1770 3500 κλή-

180 3558 342 3602 σεως.
409 3534 578 3606 Ἀνὴρ
628 3527 782 3594 οὗτος
820 3529 1053 3598 εὐσεϐὴς
1085 3527 1179 3579 καί
1233 3526 1326 3577 τὸν
1352 3524 1484 3576 Θεὸν
1515 3523 1674 3586 αὐτὸς
1711 3541 1771 3576 τε

178 3641 273 3689 καὶ
324 3635 354 3684 ὁ
410 3633 518 3692 πᾶς
551 3627 699 3696 αύτῷ
753 3623 904 3688 οἶκος
941 3621 1298 3692 φοϐούμενοι,
1333 3617 1406 3672 ὧν
1434 3635 1492 3670 τε
1517 3613 1632 3688 εἶχε
1662 3619 1772 3679 τοῖς

176 3726 460 3795 δεομένοις
494 3717 807 3790 μεταδιδοὺς
843 3714 938 3769 καὶ
973 3713 1066 3766 τοῦ
1092 3711 1227 3764 Θεοῦ
1251 3709 1342 3763 διὰ
1369 3711 1572 3773 παντὸς
1607 3709 1769 3763 πάλιν

178 3822 392 3879 ἐκεῖνος
421 3815 679 3883 δεόμενος
704 3827 718 3842 ο
759 3807 936 3876 τούτῳ
976 3808 1032 3859 ὲν
1065 3804 1379 3873 Καισαρείᾳ
1400 3803 1668 3880 διάγοντι.
1697 3808 1771 3865 ὡς

177 3912 386 3971 dlis-Eo;
446 3906 659 3965 Λουκᾶς
723 3901 1038 3966 σαφέστατα
1101 3896 1232 3965 περὶ
1268 3895 1434 3949 αὑτοῦ
1493 3895 1768 3960 διέξεισιν,

177 4001 419 4068 ἄγγελος
473 3996 602 4065 περί
645 4010 746 4047 που
806 3992 904 4062 τὴν
953 3989 1150 4059 ἐνάτην
1182 3988 1330 4058 ὥραν
1384 3988 1641 4056 ὲφοίτησε
1670 3987 1770 4055 τῆς

1954 2691 1994 2750 l.
2040 2691 2170 2750 Post
2217 2694 2510 2752 salutarem
2563 2696 2725 2754 Verbi
2788 2700 2840 2755 in
2905 2706 3105 2755 terram
3170 2701 3458 2759 adventum

1876 2801 2204 2858 crucemque
2260 2797 2314 2844 et
2345 2799 2574 2845 mortem
2609 2806 2705 2860 pro
2741 2792 2901 2848 nobis
2934 2807 3031 2848 sua
3061 2803 3256 2864 sponte
3290 2798 3358 2852 ah
3397 2811 3462 2856 eo

1875 2891 2203 2949 susceptam,
2238 2891 2293 2936 et
2318 2882 2371 2936 iu
2411 2882 2583 2938 caelos
2620 2886 3021 2950 ascensionem,
3053 2887 3194 2942 unde
3233 2889 3463 2945 descen-

1875 2976 2030 3030 derat
2079 2977 2147 3030 ad
2195 2976 2573 3032 aediﬁcandum
2629 2976 2850 3034 Davidis
2907 2979 3318 3035 tabernaculum
3376 2981 3458 3054 (ut

1874 3083 1994 3124 cum
2020 3069 2297 3138 prophetis
2314 3069 2488 3124 dicam
2509 3070 2551 3138 ³)
2585 3071 2729 3140 quod
2759 3071 3070 3138 ceciderat;
3095 3087 3234 3127 unus
3255 3081 3373 3127 erat
3392 3088 3457 3128 ex

1874 3163 2098 3215 cohorte
2126 3159 2310 3214 Italica
2355 3162 2603 3216 centurio
2626 3162 2928 3228 Cornelius,
2954 3179 3020 3219 ex
3057 3163 3125 3218 iis
3154 3164 3246 3235 qui
3278 3165 3454 3234 ipsum

1874 3254 2214 3325 quaerebant,
2238 3262 2291 3310 et
2332 3254 2604 3310 l'aciebaut
2637 3269 2760 3325 quae
2784 3256 2874 3324 illi
2905 3255 3209 3326 placebant,
3258 3269 3314 3310 et
3362 3261 3456 3326 qui

1876 3345 2041 3400 multa
2071 3346 2210 3400 bona
2244 3345 2477 3401 faciebat
2501 3361 2664 3416 opera
2709 3346 2944 3418 (etiamsi
2979 3349 3216 3408 nondum
3272 3349 3454 3406 divina

1874 3436 2076 3492 Christi
2126 3437 2334 3507 gratia,
2397 3451 2572 3508 neque
2626 3439 2917 3494 vocatione
2978 3439 3261 3509 adipsum
3314 3452 3461 3498 esset

1875 3531 2122 3599 dignatus
2150 3531 2238 3584 hic
2282 3529 2366 3584 vir
2391 3530 2534 3602 pius)
2566 3537 2626 3585 ut
2666 3531 2756 3600 qui
2793 3530 2962 3586 Deum
2996 3532 3208 3588 timeret
3239 3533 3376 3602 ipse,
3403 3543 3457 3590 et

1875 3630 1984 3675 tota
2031 3621 2148 3690 eius
2179 3621 2407 3688 familia,
2467 3633 2521 3676 et
2560 3623 2651 3689 iis,
2703 3639 2823 3693 quae
2858 3624 3111 3702 habebat,
3161 3626 3460 3694 impertiret

1873 3724 2135 3783 egentes;
2178 3729 2475 3783 rursusque
2528 3715 2698 3782 Deum
2748 3726 3062 3787 precaretur
3094 3717 3330 3796 assidue.
3379 3721 3456 3772 Ad

1873 3823 1995 3863 eum
2051 3818 2299 3878 agentem
2333 3806 2599 3864 Caesarea:
2653 3806 2737 3879 (ut
2762 3807 2982 3864 divinus
3009 3808 3186 3865 Lucas
3229 3812 3294 3865 de
3341 3811 3460 3878 ipso

1875 3899 2041 3954 refert
2088 3899 2430 3968 apertissime
2483 3898 2524 3969 ⁵)
2578 3902 2724 3954 venit
2762 3900 2990 3968 angelus
3038 3901 3182 3955 circa
3257 3915 3457 3957 nonam

1876 3994 2063 4047 horam
2143 3993 2274 4058 diei,
2330 4000 2386 4046 et
2436 3992 2577 4046 dixit
2627 3993 2725 4046 ei:
2780 3991 3020 4058 Corneli,
3076 3994 3352 4050 orationes
3405 4005 3458 4050 et

177 4095 402 4165 ἡμέρας
426 4089 542 4153 καὶ,
574 4085 864 4156 Κορνήλιε,
895 4082 1020 4152 ἔφη,
1055 4083 1110 4133 αἱ
1134 4081 1439 4151 προσευχαί
1471 4097 1560 4131 σου
1589 4080 1683 4131 καὶ
1713 4079 1768 4130 αἱ

1875 4083 2230 4152 clecmosymn
2275 4090 2380 4138 tua:
2412 4083 2776 4137 ascenderunt
2805 4085 2856 4136 in
2889 4085 3202 4138 memoriam
3244 4087 3294 4138 iu
3320 4103 3453 4142 con-

177 4180 555 4254 ἐλεημοσύναι
602 4177 874 4244 ἀνέϐησαν
920 4175 999 4234 εἰς
1029 4171 1374 4240 μνημόσυνον
1410 4170 1642 4222 ἐνώπιον
1674 4168 1768 4222 τοῦ

175 4275 340 4337 (θεοῦ,
377 4274 476 4325 καὶ
515 4269 608 4322 νῦν
633 4267 850 4337 πέμψον
877 4267 957 4326 είς
999 4264 1223 4332 Ἰόππην
1249 4263 1447 4332 ἄνδρας
1479 4263 1574 4314 καὶ
1607 4261 1772 4330 μετὰ-

177 4369 404 4438 regem
443 4363 664 4432 Σίμωνα
719 4356 812 4412 τὸν
841 4356 1277 4425 ἐπικαλούμενον
1316 4356 1521 4426 Πέτρον
1544 4371 1556 4384 ·
1615 4351 1771 4418 οὗτος

179 4463 354 4515 ἐλθὼν
392 4459 621 4528 λαλήσει
650 4473 731 4508 σοι
758 4457 982 4526 ῥήματα
1026 4453 1191 4521 ζωῆς.
1217 4450 1406 4505 Ταῦτα
1428 4453 1455 4503 ὁ
1506 4450 1601 4519 μὲν
1652 4451 1772 4501 ὲπι-

179 4555 432 4622 σκήψας,
463 4549 662 4602 οὐκετι
685 4547 921 4616 φανερὸς
952 4542 1018 4614 ἧν
1040 4561 1054 4575 ’
1083 4545 1382 4613 Κορνήλιος
1411 4542 1466 4594 δὲ
1500 4541 1608 4594 τῶν
1631 4544 1771 4594 uixe-

176 4650 289 4701 τῶν
320 4649 422 4700 δύο
469 4646 565 4696 καὶ
605 4640 948 4712 στρατιώτην
983 4639 1180 4690 αὐτίκα
1212 4637 1414 4706 εὐσεϐῆ
1460 4638 1567 4689 τῶν
1600 4655 1772 4704 προσ-

178 4738 610 4811 καρτερούντων
680 4732 826 4801 αὑτῷ
873 4733 968 4784 ἕνα
1019 4730 1255 4792 καλέσας
1306 4729 1679 4782 ἁνακαλύπτει
1713 4723 1788 4782 τε¹

179 4836 373 4894 αὐτοῖς
405 4832 552 4898 ἅπερ
590 4827 728 4880 ἴδοι·
763 4825 857 4878 καὶ
899 4828 978 4885 εἰς
1020 4824 1245 4891 Ἰόππην
1291 4822 1568 4892 ὲκπέμπει
1593 4838 1608 4853 ο
1645 4823 1770 4892 τῇδε

177 4927 230 4977 δὲ
269 4927 385 4992 γὰρ
424 4918 727 4989 διατρίϐειν
757 4917 847 4968 τὸν
881 4915 1086 4984 Πέτρον
1133 4916 1160 4966 ὁ
1194 4914 1424 4982 ἄγγελος
1460 4909 1634 4980 εἶπεν,
1681 4917 1775 4968 καὶ

177 5019 280 5087 τὴν
318 5013 510 5080 ξενίαν
542 5011 781 5082 ἐδήλωσε
820 5008 974 5078 παρά
1025 5023 1132 5060 τινι
1161 5007 1368 5076 Σίμωνι
1406 5006 1596 5076 βυρσεί
1629 5023 1777 5073 γινο-

185 5111 383 5180 μένην.
421 5107 628 5175 Πέτρος
657 5101 746 5156 οὖν
765 5103 859 5154 καὶ
881 5101 988 5170 γῆν
1018 5099 1095 5169 τῷ
1122 5098 1440 5169 κηρύγματι
1467 5100 1648 5151 πᾶσαν
1681 5099 1776 5151 καὶ

181 5202 469 5257 θάλατταν
500 5195 886 5266 ἐπερχόμενος,
941 5193 1034 5244 καὶ
1065 5189 1344 5260 πανταχοῦ
1387 5189 1483 5258 τὴν
1517 5188 1776 5258 ἀλήθειαν

182 5290 587 5360 καταγγέλλων
623 5285 833 5358 (ἔκειτο
868 5283 975 5353 γὰρ
998 5284 1073 5346 ὡς
1101 5281 1318 5351 ἀληθῶς
1356 5283 1435 5343 εἰς
1470 5280 1586 5347 φῶς
1609 5281 1776 5332 ἐθνῶν

179 5391 276 5440 καὶ
305 5383 595 5451 σωτηρίαν
623 5377 864 5448 πολλῶν)
892 5377 1040 5446 παρὰ
1074 5378 1198 5438 τοὺς
1227 5374 1616 5434 κατοικοῦντας
1637 5373 1776 5425 Λύδο

1874 4182 2058 4241 spcctu
2089 4174 2180 4227 Dei
2217 4189 2232 4225 :
2266 4167 2324 4228 et
2356 4188 2499 4227 nunc
2529 4174 2682 4228 mitte
2725 4177 2870 4228 viros
2897 4174 3125 4244 Joppen,
3154 4187 3207 4230 ct
3239 4193 3459 4234 accerse

1876 4263 2172 4329 Simonem,
2217 4265 2311 4333 qui
2373 4265 2676 4334 appellatur
2706 4263 2940 4320 Petrus:
2978 4267 3023 4320 is
3070 4282 3192 4321 cum
3228 4271 3454 4335 venerit,

1873 4356 2122 4422 loquetur
2155 4356 2248 4409 tibi
2281 4356 2444 4412 verba
2476 4357 2618 4410 vitaz.
2653 4353 2777 4410 Haec
2803 4371 2924 4410 cum
2946 4357 3032 4411 ille
3058 4359 3274 4427 quidem
3305 4375 3459 4414 mau-

1875 4449 2076 4512 dasset,
2132 4463 2236 4502 non
2289 4447 2520 4515 amplius
2570 4449 2884 4517 apparebat.
2938 4449 3219 4505 Cornelius
3275 4461 3456 4507 autem

1875 4541 2056 4594 statim
2097 4539 2305 4593 duobus
2355 4539 2560 4594 vocatis
2607 4539 2845 4602 famulis,
2886 4550 2940 4595 et
2971 4543 3059 4610 pio
3088 4545 3322 4612 quodam
3354 4547 3459 4599 mi-

1878 4631 1990 4694 litc,
2031 4646 2095 4684 ex
2130 4631 2197 4684 iis
2245 4629 2340 4699 qui
2387 4630 2460 4684 illi
2521 4640 2783 4699 perpetuo
2813 4633 3060 4698 aderant,
3117 4634 3223 4689 illis
3258 4637 3456 4703 aperit,

1876 4738 1995 4791 qua:
2029 4722 2260 4787 viderat,
2288 4730 2343 4777 et
2367 4736 2460 4776 eos
2485 4721 2652 4776 mittit
2679 4721 2908 4792 Joppen.
2935 4722 3049 4778 Illic
3074 4726 3217 4779 enim
3253 4709 3454 4782 versari

1877 4814 2091 4870 Petrum
2121 4815 2258 4869 dixit
2279 4812 2519 4884 angelus,
2544 4813 2684 4883 apud
2725 4816 3014 4883 quemdam
3050 4815 3329 4873 Simonem
3367 4834 3459 4875 co-

1877 4910 2124 4963 riarium.
2159 4907 2355 4962 Petrus
2379 4917 2578 4972 autem,
2613 4909 2704 4975 qui
2735 4923 2951 4963 onmem
2997 4919 3196 4964 terram
3226 4923 3283 4966 et
3313 4929 3460 4968 mare

1874 5003 2057 5057 obibat
2089 5001 2448 5071 praedicando,
2475 5008 2528 5054 et
2548 5001 2829 5055 veritatem
2875 5001 3072 5069 ubique
3099 5006 3459 5059 annuntiabat

1878 5097 2018 5165 (erat
2045 5096 2186 5149 enim
2217 5109 2406 5148 revera
2441 5096 2651 5162 positus
2681 5095 2733 5148 in
2768 5095 2940 5147 lucem
2963 5096 3204 5164 gentium
3237 5106 3290 5151 et
3319 5097 3462 5152 salu-

1878 5200 1984 5245 tem
2015 5185 2358 5254 multorum),
2392 5187 2669 5258 ingressus
2699 5185 2764 5238 ad
2793 5195 3008 5240 sanctos
3027 5188 3116 5256 qui
3142 5187 3460 5243 habitabant

1879 5279 2138 5350 Lyddam,
2192 5295 2312 5333 cum
2347 5278 2634 5347 quemdam
2687 5276 2942 5341 Eneam,
3000 5279 3090 5348 qui
3147 5288 3272 5332 Octo
3301 5281 3458 5333 armis

1876 5373 2090 5441 jacehat
2129 5373 2473 5443 paralyticus,
2505 5370 2725 5425 fecisset
2751 5385 2995 5441 surgere,
3031 5371 3236 5440 JOppcn
3263 5373 3457 5428 deinde

182 5431 276 5440 η...
308 5431 493 5451 -..μη
535 5431 547 5434 -
849 5431 861 5448 ,
974 5431 985 5446 ,
1178 5431 1193 5438 ,
1598 5431 1608 5434 _

181 5481 278 5534 δαν
303 5478 506 5545 ἁγίους
547 5473 715 5525 ἐλθὼν
737 5471 828 5523 καί
863 5487 980 5522 τινα
1005 5469 1170 5522 Αἰνέα
1193 5468 1526 5536 παρειμένον
1557 5464 1617 5528 ἐξ
1642 5467 1774 5518 ἐτῶν

1883 5466 2142 5526 venisset,
2176 5473 2229 5518 et
2269 5465 2320 5517 in
2354 5461 2606 5527 Tabitha,
2635 5476 2754 5530 qua:
2793 5470 3016 5514 vocatur
3039 5460 3260 5523 Dorcas,
3293 5461 3460 5512 let-is-

182 5572 333 5626 ὀκτὼ
390 5567 826 5632 κατακείμενον,
875 5564 1208 5630 ἀναστήσας,
1267 5563 1345 5623 εἰς
1403 5560 1624 5627 Ἰόππην
1662 5558 1777 5609 δια-

189 5664 309 5730 δᾴς,
361 5662 469 5714 καὶ
512 5659 573 5710 τὸ
610 5657 751 5710 κατὰ
792 5654 1038 5724 Ταϐιῖοὲί,
1081 5655 1203 5722 ἥτις
1255 5651 1498 5704 ἐκαλεῖτο
1543 5648 1772 5722 Δορκὰς,

1883 5566 2242 5625 setmagnum
2297 5555 2426 5610 illud
2484 5553 2839 5619 miraculum,
2906 5553 2994 5608 hic
3035 5552 3262 5622 degebat
3317 5550 3455 5620 apud

1883 5648 2192 5703 curiarium.

186 5759 381 5825 θαῦμα
409 5752 757 5816 διατελέσας,
821 5747 1057 5801 ἐνταῦθα
1090 5747 1242 5816 παρὰ
1288 5745 1366 5814 τῷ
1417 5745 1607 5815 βυρσεῖ
1644 5745 1937 5813 κατήγετο.

259 5879 280 5910 ³
323 5881 506 5932 Amos
536 5888 613 5936 ιι,
651 5873 754 5926 Η.-
817 5870 838 5902 δ
869 5869 989 5924 Aet.
1034 5885 1086 5921 κ.
