4218 6482
166 426 187 489 1
202 425 303 487 297

1152 435 1326 495 νιΤΑ
1370 436 1427 497 S.
1476 436 1850 499 CORNELII
1890 438 2433 498 CENTUlllONIS.

3261 444 3397 509 1298

1698 568 1925 625 CAPUT
1968 570 2030 623 ll.

1223 682 1287 738 S.
1316 682 1553 739 Cornelii
1587 683 1814 748 labores,
1844 685 2136 753 pramertim
2172 684 2374 752 Scepsi.

228 805 302 856 A'.
335 802 665 870 Διασπαρεὶς
697 800 755 854 δὲ
810 798 946 868 μετά
980 798 1079 867 τὴν
1124 798 1220 852 ἐπὶ
1260 800 1520 868 Στεφάνῳ
1549 800 1727 866 λύπην
1761 796 1814 857 Α

150 896 261 948 ἀπὸ
309 893 700 963 Ἰεροσολύμων
730 894 840 954 τοῖς
887 891 1207 954 ἀποστόλοις
1240 893 1427 960 παρῆν
1466 893 1559 945 καὶ
1587 894 1735 961 Κορ-

151 991 357 1055 νήλιος,
405 988 498 1038 καὶ
550 986 709 1055 μέχρι
747 985 1000 1052 Φοινίκης
1046 982 1202 1055 ἦλθε,
1236 985 1329 1036 καὶ
1366 984 1616 1053 Κύπρου,
1643 984 1738 1067 καὶ

164 1080 496 1149 Ἀντιοχείας
525 1080 737 1151 αὑτῆς;
774 1078 866 1131 καὶ
899 1077 1089 1147 Πέτρῳ
1127 1077 1413 1146 συναπῆρε
1447 1078 1609 1132 πάλιν
1642 1078 1735 1139 καὶ

149 1173 440 1239 Τιμοθέῳο
469 1171 560 1222 καὶ
609 1170 729 1221 οὐδὲ
760 1173 815 1221 ὲν
859 1169 1074 1236 Ἐφέσῳ
1128 1169 1310 1221 αὐτῶν
1347 1168 1732 1222 ἀπολέλειπτο.

162 1265 319 1316 Ἐπεὶ
350 1264 409 1315 δὲ
445 1264 539 1316 καὶ
568 1263 677 1314 τῶν
710 1262 994 1330 Σκεῲαίων
1028 1262 1261 1331 μάθοιεν
1279 1263 1432 1316 πόλιν
1495 1263 1734 1329 εἰδώλοις

151 1357 545 1425 ὑποκειμένην,
586 1355 917 1407 ἐσκέπτοντο
959 1354 1056 1423 μὲν
1112 1355 1259 1418 ὅστις
1294 1354 1464 1422 αὐτὴν
1494 1355 1736 1408 καταλά-

149 1449 261 1507 ϐοι.
289 1449 383 1501 καὶ
415 1447 476 1500 τὸ
508 1449 740 1515 πρᾶγμα
776 1448 996 1517 κλήροις
1031 1448 1356 1517 ἐπέτρεπον.
1390 1447 1496 1500 Τοῦ
1528 1449 1733 1518 κλήρου

148 1542 206 1591 δὲ
270 1540 569 1610 Κορνήλιον
623 1538 926 1606 λαχόντος,
970 1539 1045 1590 ἰδὲ
1105 1538 1308 1599 εὐθέως
1352 1538 1611 1607 ἐπιδημεῖ
1666 1542 1732 1607 τῇ

150 1632 329 1685 πόλει.
366 1632 689 1699 Ἐτοπάρχει
718 1632 774 1683 δὲ
799 1630 970 1698 αὐτῆς
1001 1631 1313 1701 Δημήτριός
1334 1649 1417 1694 τις
1443 1630 1735 1699 φιλόσοφος

150 1725 437 1785 καὶδεινδς
458 1724 527 1777 τά
552 1723 863 1792 Ἑλληνικὰ,
894 1722 1127 1792 φοϐερὸν
1163 1722 1305 1774 κατά
1333 1722 1428 1791 τῆς
1470 1721 1733 1782 εὐσεϐοῦς

150 1819 263 1870 τῶν
300 1817 643 1887 Χριστιανῶν
691 1819 872 1869 πνέων
929 1817 1186 1879 πίστεως,
1240 1816 1431 1878 ἄλλους
1478 1833 1535 1867 τε
1579 1818 1734 1879 θεοὺς

161 1909 440 1978 Ἐλλήνων
470 1907 668 1976 τιμῶν,
696 1909 789 1960 καὶ
835 1908 1148 1959 Ἀπόλλωνα
1206 1908 1440 1975 μάλιστα
1473 1909 1565 1958 καὶ
1600 1907 1696 1958 Δία
1718 1925 1729 1935 ·

148 1997 313 2063 οὗτος
347 2001 447 2071 τὴν
497 2000 801 2070 Κορνηλίου
863 2000 1157 2067 ἐπιδημίαν
1199 1998 1407 2066 μαθών,
1463 1999 1735 2067 μετεπέμ-

150 2099 297 2163 ψατο
326 2095 526 2148 αὐτίκα
575 2095 666 2146 τὸν
696 2093 886 2163 ἄνδρα,
935 2094 1027 2145 καὶ
1085 2091 1169 2159 ἐφ’
1207 2094 1309 2159 ὅτῳ
1341 2092 1463 2159 ἥκοι
1496 2093 1587 2143 καὶ
1610 2091 1731 2143 ὅθεν

152 2192 251 2241 καὶ
281 2189 364 2240 ὃτι
393 2188 459 2241 ἂν
498 2188 646 2257 αὐτῷ
668 2188 725 2240 τὸ
753 2188 1116 2272 ἐπιτηδευμα,
1144 2188 1493 2241 ἐπυνθάνετο.
1555 2188 1616 2241 Ὀ
1650 2188 1734 2240 δέ’

152 2280 357 2343 Δοῦλος
397 2280 497 2349 μέν
526 2282 645 2350 είμι
675 2280 769 2332 τοῦ
804 2280 1004 2343 ζῶντος
1025 2279 1184 2341 Θεοῦ,
1217 2280 1320 2348 ἔξιη
1346 2296 1358 2308 ο
1411 2280 1740 2349 ἐστειλάμην

149 2370 209 2424 δὲ
240 2371 345 2440 τὴν
372 2370 625 2432 ἐνταῦθα,
655 2369 792 2422 ὥστε
821 2370 1113 2424 ἀναλαϐεῖν
1148 2372 1249 2439 μέν
1278 2388 1336 2422 σε
1372 2370 1466 2422 τοῦ
1500 2370 1739 2438 βαθυτάι

151 2479 248 2513 τοι)
288 2463 514 2523 σκότους
570 2465 672 2531 τῆς
720 2462 1019 2528 ἀγνωσίας,
1064 2460 1143 2532 τῷ
1186 2463 1324 2531 φωτὶ
1376 2464 1430 2515 δὲ
1461 2464 1739 2515 οἰκειῶσαι

150 2553 251 2620 τῆς
284 2552 547 2620 ἀληθείας
578 2555 672 2606 καὶ
706 2555 951 2621 καθαρὰν
981 2554 1326 2621 ἐπιγνώσεως
1352 2555 1542 2607 ἀκτῖνα
1572 2558 1635 2625 τῇ
1672 2559 1735 2627 σῇ

150 2646 304 2715 ψυχῇ
340 2646 652 2712 ἐπαφεῖναι.
686 2645 908 2698 Τούτων
941 2645 1062 2698 οὐδὲ
1086 2646 1243 2711 ὀλίγα
1280 2646 1478 2709 συνιεὶς
1506 2648 1734 2708 ἐκεῖνος,

146 2736 335 2805 θυμοῦ
376 2754 433 2789 τε
470 2739 606 2791 κατά
665 2737 838 2807 βραχὺ
896 2738 1311 2805 ὑπεπίμπλατο,
1366 2741 1460 2790 καὶ
1511 2740 1739 2807 μανικὸν

154 2828 449 2896 ἐξαίφνης,
486 2829 579 2879 καὶ
610 2828 806 2896 ἄγριον
851 2827 1254 2896 ἀναφθέγγεται
1275 2842 1288 2856 ⁶
1317 2829 1487 2881 Ἀλλά
1527 2846 1585 2881 σε
1613 2830 1741 2898 ὴρό-

155 2929 269 2981 μην
293 2930 308 2943 ·
341 2913 507 2981 ἕτερα
531 2915 588 2965 δέ
622 2932 712 2982 μοι
745 2915 905 2976 αὐτὸς
956 2916 1231 2986 ἀποκρίνῃ
1256 2932 1268 2944 ·
1313 2917 1387 2984 μὰ
1415 2920 1538 2978 τοὺς
1586 2919 1741 2981 θεοὺς

154 3005 438 3069 ἅπαντας,
458 3008 506 3059 εί
535 3006 609 3076 μὴ
627 3009 683 3061 ὲν
706 3008 896 3077 κόσμῳ
922 3011 1015 3061 καὶ
1038 3009 1172 3077 μετά
1192 3009 1427 3079 σπουδῆς
1443 3011 1735 3080 ἀποκρίνῃ,

153 3097 221 3148 οὐ
262 3097 531 3166 φείσομαι
569 3097 664 3150 τοῦ
708 3097 802 3174 σοῦ
834 3100 1043 3169 γήρως,
1095 3100 1155 3152 οὗ
1209 3101 1367 3152 δώσω
1412 3100 1739 3171 συγγνώμην

152 3192 225 3258 τῇ
254 3190 463 3261 ἡλικίᾳ,
492 3192 552 3243 οὐ
585 3192 682 3261 τὴν
732 3192 924 3244 πολιάν
991 3193 1403 3263 αἰδεσθήσομαι,
1448 3194 1586 3265 πλὴν
1626 3194 1737 3247 ἀλλ’

148 3281 286 3335 εἰπὲ
314 3285 407 3335 καὶ
434 3283 541 3335 τίνι
575 3284 863 3354 στρατεύῃ,
901 3288 996 3336 καὶ
1024 3286 1106 3355 ἐφ’
1221 3288 1626 3356 παραγέγονας.

1911 796 1999 852 IV.
2033 799 2166 853 Cum
2194 802 2450 869 dispersis
2468 814 2643 857 autem
2680 805 2747 860 ab
2778 804 3164 877 llierosolymis
3199 820 3414 878 aposto-

1842 890 1926 951 lis.
1964 903 2086 958 post
2113 895 2449 950 vexationem
2506 912 2625 965 qua:
2673 912 2700 950 a
2756 897 3012 966 Stephani
3050 910 3227 955 morte
3274 904 3413 955 acci-

1840 984 1915 1035 dit
1944 984 2040 1053 (Ι),
2075 988 2232 1039 simul
2264 990 2448 1054 aderat
2477 991 2638 1049 etiam
2660 989 2965 1055 Cornelius,
3000 1002 3053 1045 et
3081 995 3227 1047 venit
3247 1000 3417 1065 usque

1845 1074 1900 1129 in
1928 1075 2283 1139 Pbmnieiam,
2336 1090 2390 1134 et
2431 1080 2687 1150 Cyprum,
2730 1094 2784 1137 et
2815 1084 2984 1151 ipsam
3030 1083 3409 1139 Antiochiam:

1838 1176 1893 1223 et
1930 1186 2116 1228 rursus
2140 1171 2411 1238 profectus
2433 1183 2513 1227 est
2539 1189 2642 1228 una
2673 1190 2793 1229 cum
2830 1176 2990 1232 Petro
3018 1189 3070 1232 et
3101 1177 3409 1232 Tint0tbeu:

1839 1275 2023 1320 etnec
2085 1267 2279 1335 Ephesi
2312 1270 2527 1335 quidem
2560 1270 2626 1323 ab
2678 1272 2759 1325 eis
2802 1271 2994 1325 abluit.
3035 1273 3169 1327 Cum
3233 1283 3411 1326 autem

1838 1357 2190 1423 accepissent,
2234 1358 2601 1427 Scepsaeorum
2648 1362 2922 1416 civitatem
2954 1363 3031 1432 β)
3082 1378 3202 1418 esse
3229 1365 3412 1431 subje-

1837 1455 1977 1499 ctam
2002 1448 2168 1501 culmi
2188 1450 2620 1516 simulacrorum,
2651 1453 3046 1517 consultabant,
3070 1456 3316 1523 quisnam
3347 1474 3411 1510 cu

1837 1538 1976 1605 iret;
2020 1548 2073 1593 et
2105 1555 2215 1594 rem
2250 1542 2612 1610 permiserunt
2649 1548 2903 1601 sortibus.
2929 1547 3061 1602 Cum
3089 1563 3209 1603 sors
3232 1560 3409 1604 autem

1837 1629 2068 1683 venisset
2109 1631 2172 1684 ad
2203 1631 2535 1697 Cornelium,
2569 1635 2659 1689 ille
2699 1638 2910 1703 quidem
2964 1650 3110 1693 recta
3158 1640 3300 1693 vadit
3343 1642 3410 1693 ad

1837 1720 2130 1775 civitatem.
2160 1722 2288 1791 Ejus
2305 1733 2480 1776 autetn
2506 1726 2790 1794 pra‘fectus
2812 1740 2927 1783 erat
2954 1732 3167 1798 quidam
3224 1732 3412 1785 Demc—

1840 1811 1992 1872 Irius,
2034 1813 2122 1880 qui
2160 1822 2276 1865 erat
2304 1814 2671 1882 pltilnsupltus,
2720 1828 2774 1872 et
2837 1819 3113 1886 gentilium
3156 1823 3413 1889 supersti.

1840 1902 2076 1956 tionibus
2111 1904 2242 1956 mire
2275 1902 2504 1966 deditus,
2559 1910 2879 1962 horrendum
2912 1911 3123 1976 Spiraus
3156 1914 3413 1967 adversm:

1836 1993 1975 2058 piam
2025 1994 2181 2047 (idem
2216 1995 2678 2064 CbriSIiauornm;
2733 2009 2786 2052 et
2834 2001 2967 2053 alios
3005 2002 3284 2068 gentilium
3317 2017 3411 2055 cn-

1843 2083 1955 2137 Ieus
1979 2084 2131 2147 deos,
2188 2088 2426 2141 maxime
2472 2098 2649 2143 autem
2707 2090 3003 2155 Apollinem
3037 2102 3087 2145 et
3113 2090 3321 2148 Jovem.
3365 2092 3413 2147 ls

1842 2193 1961 2229 cum
1995 2179 2292 2246 accepisset
2319 2181 2386 2233 de
2407 2182 2637 2234 adventu
2664 2180 2919 2240 Cornelii.
2943 2198 3064 2236 eum
3092 2186 3272 2239 statim
3321 2200 3414 2239 ac-

1841 2270 2046 2327 cersiit.
2079 2282 2133 2323 et
2158 2286 2255 2323 cur
2287 2273 2538 2335 venisset,
2567 2283 2618 2327 et
2666 2275 2824 2335 unde,
2878 2285 2928 2326 et
2979 2280 3246 2342 quodnam
3274 2289 3413 2335 esset

1839 2361 1955 2429 ejus
1981 2362 2243 2425 studium,
2262 2363 2632 2432 interrogavit.
2658 2363 2750 2420 Ille
2766 2376 2940 2420 autem
2968 2386 2980 2419 :
3009 2366 3137 2419 Sum
3173 2370 3409 2438 quidem,

1843 2452 2034 2520 inquit,
2065 2468 2254 2507 servus
2287 2455 2375 2507 Dci
2412 2456 2535 2508 vivi.
2574 2455 2705 2510 Veni
2763 2468 2941 2511 autem
2976 2461 3075 2512 buc
3114 2462 3331 2525 missus,
3353 2469 3414 2515 ut

1841 2552 1892 2593 te
1921 2556 2166 2596 rcvocem
2206 2560 2232 2593 ιι
2283 2543 2718 2611 prolundissimis
2774 2548 3011 2603 tenebris
3070 2548 3410 2617 ignorantiae,

1840 2632 2211 2702 deducamque
2238 2638 2302 2688 ad
2351 2636 2523 2689 lucem
2558 2638 2820 2703 veritatis,
2872 2648 2926 2693 et
2978 2651 3169 2708 purum
3202 2644 3411 2695 radium

1841 2726 2131 2793 agnitionis
2183 2727 2468 2780 immittam
2517 2729 2567 2780 iu
2603 2738 2744 2782 tuam
2784 2732 3040 2785 animum.
3082 2730 3286 2785 Horum
3322 2733 3412 2787 ille

1843 2831 1909 2869 ne
1929 2831 2097 2884 pauca
2125 2818 2341 2885 quidem
2376 2819 2705 2889 intelligens,
2735 2821 2814 2874 ira
2839 2822 2980 2878 illico
3028 2822 3127 2875 fuit
3154 2824 3409 2893 repletus.

1841 2924 2087 2978 smveque
2123 2920 2342 2977 repente
2393 2912 2629 2979 loquitur
2655 2922 2709 2967 et
2750 2912 3005 2968 ferociter
3039 2933 3054 2969 :
3105 2916 3220 2969 Alia
3246 2928 3295 2970 te
3320 2930 3413 2970 ro-

1839 3002 1978 3070 gavi,
2009 3012 2061 3052 tu
2087 3008 2265 3053 autem
2284 3003 2385 3053 alia
2414 3002 2543 3056 milii
2572 3006 2877 3071 respondes.
2907 3005 3008 3060 Per
3050 3006 3183 3062 deos
3203 3022 3413 3075 omnes,

1839 3091 1883 3143 si
1914 3106 2016 3143 nun
2050 3091 2255 3159 singula
2291 3092 2426 3144 dicis
2455 3091 2520 3144 ad
2558 3094 2911 3160 propositum,
2938 3095 2982 3147 si
3003 3111 3105 3147 nun
3135 3098 3411 3150 moderate

1838 3194 1891 3238 et
1923 3184 2207 3251 diligenter
2257 3186 2571 3250 respondes.
2614 3200 2717 3238 non
2754 3200 2967 3253 parcam
2998 3197 3097 3241 tua:
3122 3187 3412 3253 senectuti,

1843 3292 1945 3330 non
1966 3276 2238 3345 ignoscam
2260 3284 2361 3327 tua!
2380 3276 2545 3337 atati,
2565 3291 2669 3329 non
2692 3279 2978 3331 reverebor
3000 3277 3274 3332 canitiem.
3298 3276 3410 3333 Sed

1842 3372 1945 3432 dic,
1974 3379 2028 3422 et
2051 3368 2134 3421 cui
2160 3367 2378 3431 milites,
2402 3378 2455 3421 et
2490 3382 2722 3435 quanam
2766 3371 2829 3421 de
2889 3384 3047 3421 causa
3094 3371 3411 3425 accesseris.

232 3460 313 3513 E'.
372 3459 431 3511 Ὀ
461 3460 517 3513 δὲ
540 3462 873 3530 Κορνήλιος
913 3464 975 3515 El
1011 3462 1188 3531 βούλει
1224 3466 1417 3531 μαθεῖν
1442 3466 1534 3517 καὶ
1565 3466 1737 3535 ἦτιςή
1770 3470 1810 3526 C

1770 3470 1810 3526 α
1916 3456 1978 3511 ν.
2005 3457 2284 3511 Cornelius
2308 3466 2509 3520 autem,
2558 3456 2612 3509 Si
2646 3456 2796 3516 velis,
2837 3459 3029 3526 inquit,
3073 3460 3235 3523 scire,
3266 3474 3414 3528 quae-

161 3552 429 3620 στρατεὲα
462 3555 606 3621 ἐμοὶ,
634 3554 759 3621 ἔφη,
796 3556 1196 3625 ἑκατοντάρχης
1245 3556 1379 3621 εἰμί.
1435 3558 1547 3610 Καὶ
1584 3558 1742 3618 εὐθὺς

158 3643 231 3693 τὰ
272 3644 651 3712 προειρημένα
692 3645 1025 3715 σαφέστερον
1056 3649 1347 3699 ἀνεκύκλει
1390 3648 1572 3701 πάλιν.
1626 3650 1744 3702 Μα-

160 3734 277 3786 Θὼν
303 3736 435 3803 γὰρ,
462 3735 651 3805 φησὶν,
699 3737 773 3796 ὡς
810 3738 1023 3810 μεγάλῃ
1058 3738 1235 3811 πλάνῃ
1287 3739 1448 3802 αὑτός
1498 3758 1555 3792 τε
1587 3741 1681 3794 καὶ

163 3823 407 3887 σύζυγος
436 3825 531 3875 καὶ
560 3826 706 3878 πᾶσα
734 3826 765 3894 ὴ
800 3825 906 3876 ὑπὸ
938 3827 1023 3877 σοὶ
1063 3827 1290 3895 κειμένη
1321 3829 1463 3896 ἀρχὴ
1526 3830 1744 3897 περιπέ-

159 3931 337 3975 οοιτε,
396 3916 514 3983 ἦκω
566 3916 663 3982 τὴν
695 3917 910 3983 ἀπάτην
942 3916 1119 3967 λύσων
1167 3918 1259 3969 καὶ
1316 3923 1743 3988 χειραγωγήσων

160 4007 256 4057 ἐπὶ
290 4004 388 4073 τὴν
417 4006 535 4055 ὁδὸν
580 4009 677 4073 τῆς
711 4006 971 4075 ἀληθείας
1004 4009 1143 4083 ὑμᾶς
1177 4009 1271 4060 καὶ
1304 4009 1378 4077 τῷ
1414 4009 1557 4078 μόνῳ
1582 4011 1743 4072 ζῶντι

158 4095 290 4161 ϋεῷ
327 4094 700 4160 καταλλάξων,
737 4096 795 4159 ὃς
853 4098 1080 4165 ἐποίησε
1127 4098 1218 4150 τὸν
1270 4099 1495 4168 οὐρανὸν
1527 4102 1619 4151 καὶ
1649 4101 1744 4165 τὴν

158 4189 270 4255 γῆν
306 4189 402 4239 καὶ
427 4188 515 4253 ὑφ’
546 4182 607 4240 οῦ
641 4189 707 4239 τὰ
738 4190 796 4239 ἐν
827 4188 1010 4250 αὐτοῖς
1040 4189 1218 4242 πάντα
1243 4190 1523 4259 παρήχθη,
1552 4191 1645 4244 καὶ
1683 4185 1743 4244 οῦ

157 4280 243 4348 τῷ
303 4278 534 4344 νεύματι
592 4280 803 4345 ἀγεται.
852 4280 993 4348 Πρὸς
1037 4281 1209 4334 ταῦτα
1267 4273 1359 4333 τὸν
1432 4284 1743 4352 Δημήτριον

158 4367 381 4436 ὁρῶντα
410 4367 785 4434 πρεσϐύτατον
819 4370 925 4438 ήδη,
948 4369 1136 4435 φάναι,
1171 4369 1279 4422 Καί
1325 4370 1390 4439 μέ
1420 4387 1500 4433 τις
1534 4372 1621 4424 ὃιά
1647 4373 1744 4442 τὴν

160 4457 388 4526 ἠλικίαν
437 4454 617 4521 οἶκτος
671 4458 1026 4528 εἰσέρχεταιο
1084 4460 1209 4522 τοὺς
1253 4462 1501 4529 μακροὺς
1561 4462 1743 4516 τοίνυν

161 4551 370 4617 λήρους
400 4551 563 4611 ἐάσας
594 4550 608 4614 (
639 4550 813 4618 βραχῦ
855 4551 961 4618 γάρ
988 4568 1071 4601 σοι
1100 4550 1265 4619 ὲρῶ)’
1303 4551 1485 4616 θῦσον,
1522 4554 1743 4621 προσελ-

161 4642 278 4694 θὼν
307 4643 422 4703 τοῖς
447 4641 621 4702 θεοῖς·
656 4642 751 4692 τοῦ
806 4641 861 4692 δὲ
908 4642 1023 4701 καὶ,
1058 4641 1238 4704 Ποίοις
1274 4641 1452 4707 Θεοῖς;
1483 4644 1745 4712 ἐπανερο-

167 4733 375 4800 μένον·
418 4731 573 4782 Τίσιν
634 4731 815 4793 ἄλλοις
843 4748 930 4798 γε,
979 4728 1133 4784 εἶπεν
1182 4734 1405 4795 ἐκεῖνος,
1457 4733 1489 4804 ἢ
1525 4735 1607 4786 Διί
1648 4736 1743 4787 καὶ

1846 3566 1967 3604 nam
1999 3551 2070 3602 sit
2099 3564 2213 3601 mea
2245 3549 2457 3613 militia,
2490 3564 2607 3602 smn
2640 3549 2855 3614 quidem
2892 3552 3158 3604 centurio.
3193 3548 3260 3605 Et
3292 3567 3414 3605 rur-

1844 3656 1935 3695 sus
1967 3640 2204 3709 apertius
2235 3639 2434 3692 evolvit
2459 3646 2514 3692 et
2542 3638 2828 3705 explicavit
2861 3654 2921 3692 ea
2950 3653 3069 3707 qua:
3101 3641 3249 3707 prius
3274 3641 3415 3694 dicta

1845 3742 1991 3786 sunt.
2020 3731 2147 3783 Nam
2185 3745 2330 3791 cum,
2361 3730 2553 3797 inquit,
2589 3731 2941 3793 accepissem,
3002 3731 3143 3798 quod
3201 3731 3315 3799 ipse
3362 3741 3420 3786 et

1846 3831 2107 3884 uxortua,
2146 3828 2198 3873 ct
2222 3820 2479 3889 quidquid
2508 3832 2590 3873 est
2620 3821 2671 3873 in
2706 3832 2795 3873 tua
2824 3820 3047 3883 ditioue,
3078 3824 3130 3874 iu
3163 3836 3416 3892 magnum

1844 3929 2083 3968 errorem
2118 3913 2448 3975 incidentis,
2502 3915 2657 3966 venio
2704 3927 2796 3966 vos
2832 3910 3155 3965 liberaturus
3187 3929 3213 3963 ιι
3264 3917 3419 3966 deae-

1846 4007 2046 4075 ptione,
2079 4014 2129 4057 et
2168 4020 2261 4058 vos
2306 4005 2632 4059 deducturus
2665 4003 2732 4057 ad
2766 4005 2904 4058 viam
2939 4005 3201 4061 veritatis.
3235 4013 3292 4061 et
3315 4007 3414 4063 soli

1848 4098 2042 4151 viventi
2077 4099 2185 4151 Deo
2218 4097 2684 4161 reconciliaturus,
2711 4098 2800 4166 qui
2836 4096 2965 4153 fecit
2988 4097 3185 4154 caelum
3219 4107 3274 4153 et
3304 4105 3418 4157 tct—

1846 4202 1985 4252 ram,
2015 4197 2071 4241 et
2112 4202 2143 4240 a
2174 4200 2279 4254 quo
2312 4185 2567 4254 producta
2600 4194 2749 4249 sunt,
2804 4199 3142 4254 quaecunque
3188 4197 3312 4240 sunt
3363 4186 3414 4241 In

1847 4277 1993 4344 ipsis,
2026 4287 2081 4331 et
2108 4280 2262 4345 cujus
2303 4286 2437 4330 nutu
2472 4274 2779 4330 'ducuutur.
2827 4275 2908 4329 Ad
2956 4277 3068 4331 haec
3098 4277 3415 4340 Demetrius,

1850 4368 2014 4423 Video
2040 4379 2112 4436 te,
2156 4370 2352 4437 inquit,
2397 4368 2509 4436 jam
2540 4370 2695 4422 senio
2732 4382 2853 4423 esse
2876 4370 3200 4430 confectum,
3231 4379 3283 4421 et
3332 4382 3417 4420 me

1847 4462 1920 4515 tui
1944 4462 2164 4517 miseret
2206 4469 2425 4530 propter
2444 4470 2681 4515 aetatem.
2707 4459 2951 4516 Prolixas
2977 4474 3107 4529 ergo
3136 4474 3305 4530 nugas
3329 4460 3418 4529 ju-

1844 4554 1975 4608 bens
2001 4554 2180 4607 valere
2215 4553 2420 4622 (paucis
2460 4554 2603 4607 enim
2657 4562 2832 4607 tecum
2876 4554 3076 4622 agam),
3136 4550 3333 4606 accede
3364 4559 3419 4604 et

1845 4647 1947 4700 diis
1975 4646 2241 4700 sacriﬁca.
2279 4646 2411 4700 Cum
2442 4645 2531 4700 ille
2577 4655 2755 4700 autem
2791 4655 3052 4713 rogasset,
3084 4644 3415 4708 Quibusnam

1846 4738 1985 4792 diis?
2018 4737 2350 4804 Quibusnam
2390 4737 2526 4801 aliis,
2558 4738 2730 4806 inquit
2755 4736 3057 4805 praefectus,
3087 4734 3190 4788 nisi
3219 4733 3337 4786 Juvi
3360 4746 3418 4786 et

176 4823 519 4885 Ἀπόλλωνι;
555 4823 615 4874 Εἰ
657 4823 715 4873 δὲ
765 4825 859 4875 καὶ
896 4824 1053 4876 τοῦτο
1078 4825 1415 4887 ἀνανεύσεις,
1455 4800 1738 4892 γαλεπαῖς,
1774 4800 1821 4859 υ

1774 4800 1821 4859 υ
1848 4828 2123 4895 Apollini?
2152 4829 2245 4881 Sin
2283 4838 2458 4881 autem
2482 4829 2841 4892 recusaveris,
2866 4828 3007 4882 scias
3034 4826 3170 4889 fore,
3208 4835 3266 4878 ut
3290 4840 3415 4892 gra-

164 4910 227 4967 εῦ
264 4915 397 4973 ἴσθι,
430 4915 681 4966 κολάσεσι
722 4917 812 4966 καὶ
865 4897 1149 4985 στ’ρέϐλαις
1208 4916 1590 4986 παραδοθησῃ·
1648 4921 1743 4971 καὶ

162 5005 344 5065 οὖδεκς
377 5005 485 5073 ἄρα
506 5004 647 5055 οὕτω
674 5004 899 5066 δυνατὸς
932 5007 1083 5075 παρὰ
1145 5006 1365 5069 τούτους
1421 5007 1571 5058 ἔσται
1600 5007 1741 5072 θεὸς,

163 5095 225 5155 ὃς
254 5093 369 5144 τῶν
392 5094 545 5162 ἐμῶν
592 5094 943 5166 ἐξελείταίσε
981 5096 1199 5165 χειρῶν.
1259 5097 1323 5149 '0
1355 5099 1445 5150 δέ·
1482 5100 1739 5166 Δύναται,

168 5186 364 5251 φησὶν,
420 5187 450 5235 ὀ
508 5185 639 5251 ἐμὸς
672 5186 823 5248 Θεὸς,
858 5187 916 5238 ού
950 5189 1133 5240 κακῶν
1188 5188 1374 5259 ἀπαθῆ
1403 5191 1585 5255 μόνον,
1622 5193 1742 5245 οὐδὲ

164 5280 270 5343 τῆς
313 5281 374 5344 ὲξ
423 5280 728 5348 ἀνθρώπων
770 5282 1057 5350 κρείττονα
1088 5285 1383 5355 ἐπηρείσας
1412 5286 1507 5353 ἐμὲ
1540 5286 1740 5339 διασῶ-

173 5387 289 5438 σαι,
309 5372 452 5427 me
491 5376 585 5426 καὶ
607 5371 699 5436 οῦς
729 5373 887 5437 αὐτὸς
918 5374 1204 5445 ὀνομάζεις
1260 5375 1415 5437 θεοὺς
1467 5376 1736 5445 καθελεῖν,

247 5532 326 5596 (l)
361 5531 500 5595 lmo,
532 5540 590 5583 ut
620 5545 684 5583 ex
714 5531 865 5585 Actis
891 5540 1062 5599 patet,
1094 5530 1353 5600 Stephani
1402 5534 1576 5588 caedes
1617 5546 1743 5589 ante

172 5601 411 5655 Cornelii
435 5602 843 5654 conversionem
860 5602 1101 5669 contigit.
1125 5600 1311 5655 Melius
1335 5605 1386 5654 in
1413 5613 1551 5655 orat.
1578 5606 1643 5657 de
1682 5606 1739 5661 Β.

173 5671 321 5724 Petri
351 5669 739 5723 certamiuibus
766 5685 923 5738 supra
956 5672 1120 5723 citata
1175 5686 1323 5724 num.
1353 5672 1385 5725 6
1410 5674 1571 5725 tradit
1605 5676 1742 5727 idem

178 5741 603 5809 MetapbraStes,
636 5739 946 5810 Cornelium
971 5755 1090 5793 cum
1118 5740 1275 5794 Petro
1321 5743 1740 5810 peregrinatum,

179 5808 468 5879 postquam
499 5810 588 5864 lue
614 5825 678 5865 ex
730 5808 1221 5879 Hierosolymitano
1261 5808 1481 5866 carcere
1523 5823 1743 5881 ereptus

1849 4921 2001 4973 vibus
2025 4919 2300 4986 suppliciis
2337 4928 2390 4973 et
2417 4919 2703 4974 tormentis
2756 4919 2986 4972 tradaris
3014 4934 3029 4971 :
3078 4931 3249 4985 neque
3276 4916 3416 4969 ullus

1848 5019 2043 5078 prteter
2070 5022 2162 5062 eos
2209 5008 2314 5061 erit
2354 5007 2499 5063 Deus
2528 5009 2662 5063 adeo
2691 5017 2902 5076 potens,
2927 5008 3015 5072 qui
3048 5015 3097 5061 te
3126 5009 3197 5059 sit
3224 5021 3253 5057 a
3282 5005 3415 5058 meis

1842 5108 2125 5169 erepturus
2142 5099 2409 5154 manibus.
2446 5099 2537 5153 Ille
2566 5106 2768 5164 autem,
2809 5097 3012 5163 Potest,
3046 5099 3237 5165 inquit,
3274 5096 3413 5150 Deus

1842 5204 1994 5244 meus
2016 5203 2105 5244 me
2132 5205 2235 5243 non
2264 5189 2436 5243 solum
2468 5204 2497 5241 a
2530 5187 2683 5243 malis
2704 5202 3025 5243 conservare
3057 5188 3304 5252 illzt'sum,
3361 5194 3415 5238 ct

1841 5282 2050 5337 elliccre
2077 5292 2133 5336 ut
2159 5284 2259 5335 sim
2300 5282 2572 5335 hominum
2608 5281 2816 5348 injuriis
2870 5292 2925 5335 et
2973 5282 3260 5336 iusultibus
3321 5294 3412 5332 su-

1842 5379 2039 5450 perior,
2070 5377 2162 5432 sed
2189 5390 2281 5431 eos
2330 5376 2493 5431 etiam
2527 5376 2825 5442 destruere,
2882 5393 3017 5447 quos
3052 5390 3104 5430 tu
3153 5379 3281 5430 deos
3310 5388 3409 5427 no—

1852 5535 1973 5589 fuit.

1924 5606 1999 5673 (2;
2034 5603 2247 5671 Scepsis
2276 5603 2527 5669 regioest
2570 5603 2711 5670 apud
2752 5602 2889 5673 Plin.
2934 5604 3027 5657 lib.
3063 5620 3111 5662 ν.
3164 5620 3283 5672 cap.
3314 5605 3406 5661 30.

1852 5674 1978 5739 Ejus
2007 5672 2722 5745 fortassis‘primariabrbs
2763 5672 3009 5742 Scepsis,.
3049 5690 3210 5742 quam
3264 5677 3409 5745 Σκῆ-

1851 5745 1943 5810 ψιν
1976 5740 2482 5820 vocat_Ptolemmus
2510 5742 2620 5820 t_al_)_.
2655 5758 2691 5820 ι,
2732 5740 2891 5806 Asia",
2923 5740 3169 5815 lucatqtte
3199 5748 3252 5801 iu
3288 5740 3409 5820 My-

1853 5817 1930 5868 sia
1964 5812 2181 5877 minori,
2206 5827 2322 5880 qua":
2362 5823 2442 5866 cst
2473 5813 2538 5867 ad
2578 5811 3001 5882 Hellespontum.
3044 5832 3063 5864 ι
