4218 6482
189 401 308 469 1321

1411 389 1593 451 VITA
1636 388 1697 448 S.
1737 384 2195 446 TRYPI-IONIS.

3294 380 3315 444 1
3327 380 3428 443 ὩΞ

185 520 388 590 ἱμάτιον
419 518 445 568 6
482 514 750 584 μακάριος
792 508 996 571 ἀποδὺς
1029 506 1123 559 καὶ
1156 504 1251 557 σὺν
1302 503 1497 573 ἐκείνῳ
1534 501 1627 554 καὶ
1660 500 1756 568 δή-
1788 504 1808 558 ,4

1884 508 2049 551 reatus
2080 497 2333 569 Tryphon
2368 511 2485 551 cum
2541 503 2741 549 vestem
2773 495 3032 561 exuisset,
3082 500 3137 549 et
3172 509 3434 549 veneran-

179 611 294 673 λονς
330 608 575 669 ἃπαντας
611 605 706 674 τῆς
729 600 1077 671 ἀνθρωπίνης
1105 598 1320 666 φύσεως
1345 594 1639 663 λογισμοὺς
1661 589 1757 643 καὶ

180 704 239 754 τὸ
271 702 427 755 καλὸν
454 701 632 752 έκεῖνο
660 696 820 765 σῶμα
854 690 1133 761 παραδοὺς
1162 692 1276 752 τοῖς
1300 688 1539 757 δημίοις,
1585 686 1757 752 ἀναρ-

183 798 333 848 tiu:
389 792 467 861 τῷ
512 790 691 859 ξύλῳ·
756 784 875 839 εἶτα
908 785 1002 838 καί¹
1024 784 1120 847 τὰς
1166 785 1355 852 χεῖρας
1390 794 1758 849 περιαγκωνι-

186 888 346 947 σθεὶς,
370 884 634 936 ὲκόπτετο
672 879 771 941 τὰς
803 880 1014 946 σάρκας
1074 873 1369 943 γενναίωςο
1416 873 1474 924 ἐν
1528 868 1674 939 τρισὶ
1705 866 1761 920 δὲ

188 977 349 1041 ὥραις
394 972 536 1025 οὕτω
580 968 980 1036 σπαθιζομένου
1034 965 1129 1018 καὶ
1163 965 1338 1034 ἡσυχῆ
1388 961 1486 1023 τὰς
1522 956 1760 1028 πληγὰς,

188 1068 369 1137 ῶσπερ
423 1066 582 1118 ἄλλου
637 1064 962 1132 πάσχοντος,
1032 1058 1417 1125 ὑπομένοντος,
1448 1056 1475 1106 6
1527 1053 1764 1119 ἔπαρχος

205 1159 493 1218 Ἀκυλῐνος,
526 1155 713 1225 ὥσπερ
737 1155 835 1205 οὐκ
858 1152 1013 1218 ἀνδρὶ
1040 1150 1269 1218 τοιούτῳ
1300 1148 1397 1216 τὴν
1440 1143 1763 1215 καρτερίαν,

190 1250 298 1300 ἀλλ’
353 1248 596 1315 ἀνάνδρῳ
651 1245 744 1296 καὶ
796 1245 1011 1310 ἀγεννεῖ
1045 1240 1363 1310 παραινῶν
1413 1234 1759 1302 Μετὰγνωθι,

190 1341 440 1411 Τρύφων,
490 1339 589 1406 τῆς
647 1336 883 1405 ἀκαίρου
949 1332 1155 1403 ταύτης
1186 1330 1463 1393 ἀπονοίας,
1519 1329 1643 1397 ἔφη,
1677 1328 1769 1381 καὶ

187 1434 434 1499 ὁμολόγει
467 1430 613 1481 θύειν
667 1431 779 1490 τοῖς
816 1428 988 1485 θεοῖς·
1024 1425 1083 1477 ού
1144 1424 1254 1493 γὰρ
1304 1424 1451 1474 ἔστιν
1485 1423 1540 1483 ὃς
1566 1421 1642 1490 τῷ
1675 1421 1768 1473 τοῦ

194 1524 453 1592 pulice;
509 1518 780 1571 ἀντειπὼν
844 1517 1226 1586 προστάγματι
1281 1512 1355 1582 μὴ
1411 1511 1624 1581 πικρῶς
1675 1510 1771 1562 καὶ

195 1614 381 1683 βιαίως
428 1611 685 1663 ἀπολέσαι
744 1610 839 1660 καὶ
878 1608 973 1676 τὴν
1005 1606 1174 1673 ζωήν.
1236 1604 1294 1656 Ὀ
1327 1602 1482 1670 ᾶγιος
1533 1602 1773 1669 Τρύφων

194 1700 375 1755 εἶπεν·
409 1700 577 1768 Κάγὼ
608 1700 689 1751 σοί
720 1716 884 1767 φημι,
922 1698 1005 1749 ὅτι
1036 1696 1224 1763 μηδεὶς
1270 1693 1359 1746 τὸν
1388 1693 1639 1762 οὐράνιον
1677 1690 1774 1761 βα-

199 1792 345 1843 σιλέα
372 1790 607 1859 Χριστὸν
644 1788 903 1859 ἀρνηθεὶς
929 1787 1026 1855 τῆς
1060 1784 1285 1844 αἰωνίας
1317 1784 1418 1835 ούκ
1458 1784 1773 1834 ἐκπεσεῖται

1861 592 1984 645 dum
2021 590 2145 644 illud
2184 599 2238 643 et
2299 589 2579 658 pulchrum
2634 602 2832 656 corpus
2880 597 3128 658 prompto
3170 596 3226 642 et
3270 587 3436 642 alacri

1861 684 2040 737 animo
2073 681 2382 735 tradidisset
2430 680 2735 746 lictoribus,
2785 679 2838 733 in
2875 679 3018 749 ligno
3067 680 3435 749 suspenditur,

1861 786 1914 831 et
1964 776 2211 829 manibus
2247 789 2385 843 pone
2439 773 2786 828 circumactis
2838 773 3091 828 vincitur.
3150 772 3286 827 Cum
3322 774 3439 842 ipse

1863 877 2039 921 autem
2094 866 2269 920 tribus
2327 864 2474 919 horis
2506 864 2827 927 crederetur,
2876 872 2929 916 et
2956 864 3193 917 animum
3222 863 3440 931 quidem

1866 960 2080 1013 lirnnun
2106 967 2159 1012 et
2186 958 2432 1011 stabilem
2463 966 2517 1011 ct
2550 954 2996 1010 invulnerabilem
3019 955 3235 1010 Christo
3258 963 3445 1007 osten-

1868 1050 2039 1111 deret.
2096 1049 2310 1103 silentio
2342 1061 2469 1101 vero
2505 1048 2688 1116 plagas
2745 1054 2998 1113 tanquam
3059 1043 3163 1097 alio
3208 1044 3446 1113 patiente

1869 1142 2184 1204 sustineret,
2237 1139 2367 1193 dicit
2395 1137 2680 1208 prml‘ectus
2715 1137 2997 1206 Aquilinus
3026 1150 3041 1189 :
3072 1135 3339 1189 Pmniteat
3368 1145 3442 1198 tc,

1870 1246 1901 1286 ο
1932 1230 2209 1301 Tryphon,
2258 1229 2416 1295 hujus
2449 1231 2770 1295 importuna:
2805 1226 3054 1280 amentiae
3104 1236 3159 1279 et
3191 1226 3449 1295 proiitcre

1873 1333 1924 1377 te
1975 1323 2079 1377 diis
2132 1338 2251 1376 esse
2294 1320 2751 1375 sacriﬁcaturum.
2810 1320 2983 1373 Nemo
3040 1318 3187 1373 enim
3250 1319 3450 1373 restitit

1872 1414 2051 1469 edicto
2092 1413 2455 1481 imperatoris,
2491 1411 2581 1479 qui
2615 1426 2719 1464 non
2771 1410 2967 1463 acerbe
2998 1418 3050 1464 et
3086 1409 3355 1463 violenter
3383 1424 3450 1462 ex

1876 1507 1978 1558 hac
2026 1506 2131 1556 vita
2169 1502 2483 1556 excesserit.
2543 1502 2686 1556 Dixit
2735 1510 2956 1555 sanctus
2995 1498 3298 1569 Tryphon:
3341 1498 3452 1567 Ego

1875 1609 2088 1664 quoque
2125 1593 2215 1647 tibi
2245 1594 2399 1647 dico:
2435 1608 2593 1646 nemo
2644 1593 2732 1661 qui
2769 1606 2948 1659 regem
2981 1590 3259 1644 caelestem
3289 1590 3451 1643 Cbri-

1877 1696 2019 1741 stum
2076 1686 2313 1755 negavit,
2370 1685 2534 1737 vitam
2586 1693 2842 1736 aeternam
2897 1691 3310 1752 consequetur;
3358 1682 3452 1735 sed

1880 1778 2266 1832 transmittitur
2304 1776 2371 1829 ad
2430 1776 2603 1846 ignem
2658 1782 2920 1829 aeternum
2975 1775 3069 1844 qui
3119 1790 3223 1829 non
3278 1785 3456 1845 potest

198 1885 360 1954 ζωῆς,
388 1884 524 1953 πρὸς
579 1882 633 1933 δὲ
686 1881 783 1933 καὶ
814 1880 948 1948 πυρὶ
989 1876 1242 1945 ἀσϐέστῳ
1278 1873 1770 1943 κατακριθήσεται.
1804 1889 1808 1898 ε

1884 1870 2165 1938 exstingui.
2220 1868 2364 1922 Dixit
2396 1868 2683 1938 praefectus
2715 1885 2728 1921 :
2767 1865 2881 1921 Rex
2934 1867 3175 1923 caelestis
3233 1882 3338 1921 non
3373 1878 3457 1921 est

201 1981 338 2047 Πρὶς
375 1976 544 2029 ταῦτα
573 1971 860 2025 ύπολαὸὼν
903 1972 930 2022 ό
961 1972 1200 2039 ἔπαρχος
1222 1984 1235 1998 ο
1286 1967 1344 2019 '0
1395 1967 1644 2036 οὐράνιος
1678 1964 1777 2033 βα-

201 2072 398 2133 σιλεὺς,
451 2064 627 2130 εἶπεν,
684 2066 783 2117 οὐκ
838 2064 995 2125 ἄλλος
1025 2063 1056 2131 ἦ
1088 2066 1114 2114 ὁ
1164 2062 1339 2130 μέγας
1370 2059 1503 2120 Ζεύς
1540 2061 1709 2123 ἐστιν,
1751 2056 1779 2108 6

201 2163 409 2231 Κρόνον
443 2162 536 2212 καὶ
576 2157 731 2219 Ῥέας
766 2158 903 2217 υἰζς,
944 2154 1003 2216 ὃς
1042 2155 1134 2206 καὶ
1165 2154 1350 2222 πατήρ
1392 2152 1539 2203 ἐστιν
1571 2147 1779 2217 ἀνδρῶν

200 2271 259 2306 τε
320 2253 457 2304 θεῶν
494 2268 577 2314 τε,
615 2244 658 2317 ᾧ
692 2253 815 2311 τοὺς
872 2247 1282 2315 ἀ-ειειθῄσαντας
1336 2243 1597 2295 ἀδύνατον
1657 2242 1780 2312 ζῇν,

200 2338 242 2412 ᾧ
277 2349 371 2396 καὶ
446 2346 508 2395 σὺ
578 2342 869 2408 πεισθῄναι
903 2338 1159 2406 ὀφείλεις,
1219 2338 1307 2389 ἵνα
1355 2336 1502 2405 ζωῆς
1559 2334 1785 2405 ἡδίστης

202 2435 464 2504 ἀξιωοῇς,
495 2437 691 2501 Ἀγιος
730 2432 964 2501 Τρύφων
1015 2427 1167 2482 εἶπεν
1196 2446 1209 2459 ⁸
1262 2429 1481 2496 Ὅμοιοι
1543 2428 1787 2495 γένοιντο

203 2530 284 2580 Διῒ
312 2528 385 2596 τῷ
423 2526 529 2595 θεῷ
562 2543 655 2578 σου
701 2527 748 2577 cl
795 2524 915 2576 θεὸν
938 2516 1077 2575 εἶναι
1104 2522 1264 2574 αὑτὸν
1315 2519 1664 2581 πιστεύοντες
1696 2518 1788 2570 καὶ

204 2622 405 2679 πάντες
460 2620 572 2670 ὅσοι
638 2615 964 2668 πεποίθασιν
1009 2615 1093 2666 ἐπ’
1126 2611 1312 2683 αὐτῷ’
1365 2611 1423 2665 ὃν
1474 2610 1647 2679 γόητα
1689 2609 1787 2677 μὲν

213 2713 503 2781 ἀνειριυπον
535 2709 627 2762 καὶ
661 2706 858 2775 μιαρὸν
888 2705 1019 2773 φασὶ
1049 2703 1397 2772 γεγενῆσθαι,
1430 2702 1627 2763 κακίας
1652 2696 1790 2761 εἶδος

203 2801 543 2853 ἀπολιπόντα
598 2799 764 2868 μηδὲν
828 2798 1113 2868 ἄπρακτον
1174 2796 1269 2847 καὶ
1333 2793 1789 2863 ἀνεπιχ;ίρητονο

211 2892 352 2962 μετὰ
379 2892 433 2943 δὲ
470 2890 631 2943 αὑτοῦ
690 2890 947 2958 τελευτὴν
998 2888 1325 2958 ἀνδριάντας
1378 2886 1527 2955 αὑτῷ
1556 2885 1791 2955 χρυσοῦς

206 2987 302 3038 καὶ
357 2983 632 3054 ἀργυροῦς
694 2982 1023 3044 ἀνιστῶντες
1086 2982 1135 3033 οἱ
1188 2985 1255 3033 τα
1285 2982 1449 3049 ὅμοια
1502 2980 1667 3048 τούτῳ
1694 2979 1794 3047 τῆς

208 3074 477 3144 αἰσχύνης
517 3074 652 3145 ἔργα
688 3071 1139 3143 μεταδιώξαντες,
1191 3071 1310 3123 θεὸν
1338 3071 1793 3140 ἀνηγορεύκασιν,

214 3166 521 3233 ἀπολογίαν
570 3168 758 3233 ῶσπερ
793 3165 890 3229 τῆς
942 3181 1091 3231 σφων
1141 3162 1322 3216 αὐτῶν
1377 3162 1667 3228 ἀσελγείας
1696 3163 1795 3230 τὴν

212 3258 501 3311 θεοποιῖαν
550 3255 756 3325 ταύτην
813 3256 861 3306 οἱ
924 3255 1217 3323 πάντολμοι
1269 3253 1737 3323 προϐαλλόμενον
1770 3254 1798 3304 ὁ

213 3351 378 3412 αὐτὸς
403 3350 460 3402 δὲ
492 3348 691 3418 τρόπος
746 3347 839 3399 καὶ
875 3347 967 3398 ἐπὶ
1000 3346 1108 3397 τῶν
1134 3346 1307 3397 ἄλλων
1343 3346 1496 3414 ὑμῶν
1526 3345 1798 3413 ψευδωνύ-

218 3460 337 3510 μων
387 3442 582 3509 ὁρᾶται
648 3438 818 3491 θεῶν’
882 3438 1054 3508 ταύτῃ
1085 3438 1215 3505 γοῦν
1274 3440 1367 3491 καὶ
1402 3438 1557 3507 ὑμεῖς
1592 3438 1801 3492 ἄνωθεν

216 3530 644 3593 ἀκολουθοῦντες
696 3533 761 3599 τῇ
819 3529 1073 3598 ἀπατηλῇ
1105 3528 1422 3597 παραδόσει,
1478 3529 1668 3600 ἀψύχῳ
1704 3528 1804 3601 ῦλῃ

227 3622 326 3673 καὶ
358 3624 518 3690 κωφῂ
548 3619 603 3672 τὸ
632 3620 797 3679 σέϐας
829 3619 1143 3670 ἀποδιδοναι
1178 3617 1455 3687 βούλεσθε,
1510 3618 1605 3670 τοῦ
1665 3619 1805 3681 ζῶν-

215 3731 309 3775 τος
362 3711 754 3780 ὀλιγωροῦντες
789 3710 946 3775 Θεοῦ,
979 3709 1035 3767 ὃς
1087 3710 1316 3779 οὐρανὸν
1349 3709 1669 3780 ἐστερέωσε,
1704 3714 1806 3781 γῆν

219 3808 308 3873 ἐφ’
345 3802 555 3855 ὑδάτων
589 3802 847 3872 ἥδρασεν,
890 3802 1032 3870 ἀέρα
1073 3801 1308 3870 ἐξέχεεν,
1366 3802 1462 3853 καὶ
1498 3803 1678 3854 πᾶσαν
1708 3802 1806 3871 τὴν

218 3899 330 3948 τῶν
364 3898 531 3948 ὄντων
566 3897 727 3963 φύσιν
757 3895 1145 3964 διαμορφώσας
1171 3936 1185 3958 ,
1251 3894 1454 3965 Κύριον
1501 3898 1587 3948 ἐπ’
1639 3898 1807 3967 αὐτῆς

220 3989 316 4040 τὸν
350 3987 633 4054 ἄνθρωπον
667 3987 1063 4055 κατεστήσατο.
1090 3986 1292 4039 Τοῦτον
1320 3987 1422 4039 ὑπὸ
1452 3987 1545 4040 τοῦ
1572 3990 1809 4059 πονηροῦ

221 4078 485 4146 δαίμονος
527 4077 801 4145 ἀγόμενοι
859 4078 953 4127 καὶ
984 4075 1373 4145 δελεαζόμενον
1429 4078 1524 4130 καὶ
1556 4082 1812 4150 πονηροῖς

222 4169 411 4237 ἔργοις
431 4168 524 4217 τοῦ
551 4168 915 4234 πεποιηκότος
944 4166 1069 4218 3m
1092 4168 1502 4236 μαιςρννόμενον
1518 4170 1811 4238 οἰκτείρας,

225 4260 355 4310 ἐπεὶ
383 4257 592 4309 πολλῶν
625 4259 894 4327 πρότερον
939 4259 1247 4326 γενομένων
1295 4258 1618 4327 ἀδιόρθωτον
1649 4256 1717 4329 ἦν
1755 4260 1815 4312 τὸ

230 4351 430 4413 κακὸν,
488 4350 782 4418 εὐδόκησεν
812 4352 839 4400 6
867 4348 958 4401 τοῦ
996 4348 1132 4399 Θεοῦ
1173 4350 1345 4415 Λόγος
1373 4349 1461 4401 διὰ
1496 4349 1695 4417 πολλὴν
1723 4351 1813 4404 διά

230 4443 295 4495 τὸ
331 4444 556 4511 πλάσμα
584 4441 1024 4511 φιλανθρωπίαν,
1058 4441 1344 4513 ἅνθρωπος
1389 4443 1646 4510 γενέσθαι
1680 4462 1815 4515 μορ-

1880 1964 2014 2017 alius
2049 1962 2150 2016 nisi
2178 1977 2403 2031 magnus
2435 1958 2663 2030 Jupiter,
2698 1960 2918 2013 Saturni
2949 1969 3002 2014 et
3028 1960 3192 2016 Rhea:
3219 1959 3381 2014 ﬁlius.
3408 1959 3457 2013 ls

1881 2064 1963 2111 est
2021 2065 2173 2124 pater
2221 2054 2611 2122 hominumque
2641 2052 2953 2122 deumque:
2986 2052 3070 2106 cui
3102 2052 3193 2120 qui
3232 2067 3337 2105 non
3363 2064 3460 2118 pa-

1883 2149 2109 2211 ruerint,
2130 2147 2351 2202 miujme
2369 2154 2597 2214 possunt
2616 2145 2818 2199 vivere.
2845 2144 2942 2198 Cui
2972 2152 3025 2198 tn
3057 2159 3273 2214 quoque
3299 2144 3461 2197 debes

1885 2255 2096 2309 parcre,
2128 2248 2186 2292 ut
2214 2238 2407 2307 dignus
2434 2238 2709 2293 ccusearis
2736 2238 2846 2292 vita
2879 2237 3292 2307 jucundissima.
3314 2235 3462 2288 Dixit

1888 2341 2109 2387 sanctus
2151 2330 2439 2407 Tryphon:
2474 2329 2692 2384 Similes
2729 2329 2858 2383 [iant
2912 2327 3029 2383 Jovi
3066 2330 3164 2383 deo
3215 2339 3325 2392 tuo,
3368 2328 3460 2396 qui

1889 2445 2009 2485 eum
2042 2445 2136 2498 pro
2172 2430 2272 2482 deo
2302 2428 2506 2491 colunt,
2554 2437 2608 2481 et
2646 2440 2835 2481 omnes
2868 2427 2959 2495 qui
2990 2426 3265 2481 conﬁdunt
3293 2426 3346 2479 in
3376 2442 3461 2479 eo.

1890 2521 2057 2586 Quem
2085 2522 2273 2574 dicunt
2318 2519 2535 2587 quidem
2562 2519 2793 2586 primum
2822 2518 2986 2572 fuisse
3015 2518 3463 2588 priestigiatorem

1894 2612 2163 2665 hominem
2190 2620 2243 2663 et
2295 2608 2616 2664 sceleratum
2654 2623 2717 2662 ac
2745 2609 3129 2677 perniciosum,
3150 2618 3468 2678 patremque

1894 2702 2133 2772 cujusvis
2177 2702 2398 2756 nefaria:
2439 2700 2669 2755 actionis
2717 2710 2772 2753 et
2818 2699 3130 2769 impietatis.
3185 2698 3310 2754 Post
3352 2697 3491 2765 ejus-

1894 2807 2071 2850 autem
2095 2798 2399 2862 decessum,
2429 2810 2622 2849 aureas
2654 2804 2707 2849 et
2729 2804 3013 2865 argenteas
3050 2803 3257 2849 statuas
3283 2794 3329 2848 ei
3362 2794 3470 2848 eri-

1896 2895 2100 2956 gentes,
2128 2886 2220 2956 qui
2260 2885 2507 2941 fecerunt
2548 2887 2746 2940 similia
2775 2901 2942 2956 opera
2968 2886 3269 2950 dedecoris,
3308 2887 3470 2940 deum

1896 2982 2339 3050 pronuntiarunt,
2376 2994 2485 3033 sua:
2522 2979 2763 3034 libidinis
2797 2989 2853 3035 et
2884 2980 3317 3049 intemperantia:
3346 2978 3468 3033 aﬂ‘e-

1899 3083 2080 3129 rentes
2114 3074 2537 3136 excusationem,
2587 3073 2728 3142 quod
2765 3071 2813 3128 is
2871 3073 2921 3126 in
2950 3074 3080 3128 deos
3131 3073 3203 3127 sit
3250 3073 3474 3127 relatus.

1823 3188 1872 3251 ο
1904 3165 2048 3219 Idem
2082 3167 2272 3219 modus
2294 3165 2533 3218 cernitur
2557 3164 2721 3219 etiam
2746 3165 2797 3218 in
2829 3164 2971 3229 aliis,
2998 3164 3087 3234 qui
3118 3165 3252 3220 falso
3278 3181 3479 3219 vocan—

1905 3270 1990 3312 tur
2016 3259 2107 3312 dii.
2153 3255 2244 3311 Sic
2299 3272 2392 3312 vos
2435 3256 2624 3311 falsam
2659 3259 2845 3312 multis
2884 3268 3028 3312 retro
3056 3258 3270 3313 Stecnlis
3295 3260 3476 3313 datam

1903 3349 2574 3419 sequentestraditionem,
2610 3350 2864 3403 inanima:
2911 3352 3158 3410 materia
3203 3361 3259 3405 et
3303 3350 3481 3405 surda:

1903 3441 2104 3495 cultum
2153 3440 2316 3510 impie
2366 3438 2625 3503 tribuitis,
2664 3438 2833 3496 Deum
2888 3440 3069 3497 vivum
3126 3440 3479 3511 negligentes,

1906 3536 1997 3603 qui
2053 3533 2249 3589 caelum
2281 3524 2535 3597 ﬁrmavit,
2585 3539 2784 3588 terram
2836 3547 3000 3602 super
3034 3548 3204 3602 aquas
3232 3533 3480 3595 stabiliit.

1909 3640 2089 3681 aerem
2115 3625 2300 3681 eﬂudlt
2324 3644 2338 3680 ;
2359 3634 2411 3679 et
2439 3640 2561 3679 cum
2581 3626 2741 3679 rebus
2764 3626 3013 3680 omnibus
3038 3626 3236 3682 creatis
3253 3626 3481 3681 formam

1909 3721 2166 3780 dedisset,
2205 3718 2475 3772 hominem
2510 3717 2784 3771 dominum
2821 3719 2875 3772 in
2902 3719 3030 3787 ipsis
3060 3729 3244 3789 postea
3277 3718 3484 3774 forma-

1910 3820 2023 3864 tum
2062 3810 2360 3863 constituit.
2380 3808 2548 3878 Cujus
2569 3810 2775 3877 decepti
2810 3824 2838 3862 a
2872 3810 3105 3878 maligno
3136 3818 3408 3878 serpente,
3434 3818 3489 3863 et

1913 3901 2390 3956 imiumerabilibns
2443 3901 2595 3955 tracti
2648 3900 2924 3954 erroribus
2971 3908 3025 3953 et
3072 3900 3292 3965 exitiis,
3349 3900 3490 3955 Deus

1915 3992 2144 4045 Verbum
2173 3993 2450 4057 misertus,
2493 3991 2653 4045 homo
2682 3992 2797 4045 ﬁeri
2826 3991 3014 4056 voluit,
3044 4003 3098 4045 et
3129 3992 3286 4047 nobis
3319 3992 3487 4046 simili

1917 4083 2087 4139 forma
2123 4098 2397 4154 suscepta,
2445 4086 2499 4139 in
2530 4100 2595 4140 ea
2624 4085 2676 4137 in
2707 4099 2925 4139 crucem
2959 4095 3111 4139 actus
3140 4094 3193 4139 et
3220 4087 3487 4155 sepultus,

1916 4192 2039 4231 cum
2076 4179 2235 4231 tertio
2268 4178 2354 4231 die
2387 4177 2792 4239 resurrexisset,
2847 4186 2901 4230 et
2934 4180 2984 4228 in
3022 4175 3192 4230 caelos
3225 4185 3371 4231 esset
3404 4191 3493 4231 as-

1918 4278 2185 4337 sumptus,
2219 4270 2369 4322 sedet
2398 4269 2463 4321 ad
2500 4270 2776 4321 dexteram
2818 4267 3120 4335 majestatis
3152 4268 3204 4321 in
3240 4269 3492 4330 excelsis.

1920 4360 2090 4414 donec
2120 4374 2454 4427 quaecunque
2486 4373 2571 4412 res
2610 4369 2694 4411 est
2723 4368 2930 4422 creata,
2962 4372 3085 4413 eum
3119 4368 3413 4427 agnoscat:
3441 4370 3497 4412 et

1921 4452 1999 4506 sic
2027 4466 2057 4505 e
2106 4450 2259 4504 ccelis
2304 4464 2428 4503 cum
2473 4448 2654 4503 divina
2691 4448 2891 4502 virtute
2915 4457 2969 4503 et
3000 4449 3171 4518 gloria
3206 4463 3496 4517 apparens.

232 4537 346 4603 9m
376 4553 431 4586 τε
454 4535 647 4603 ὁμοίαν
681 4535 809 4602 ἡμῖν
840 4533 1131 4585 ἀναλαϐεῖν
1160 4538 1251 4585 καὶ
1272 4536 1328 4585 ὲν
1359 4536 1497 4605 αὐτῇ
1534 4537 1626 4587 καὶ
1652 4554 1808 4589 σταυ-

1884 4527 1893 4567 ’
1926 4541 2113 4595 reddet
2147 4540 2435 4607 unicuique
2489 4540 2871 4593 convenienter
2906 4539 3019 4593 suis
3048 4539 3370 4595 actionibus.
3402 4540 3501 4594 llic

236 4630 332 4697 ρὶν
392 4628 488 4679 καὶ
524 4625 758 4679 θανατον
793 4626 1111 4694 ὑπομεῖναι,
1144 4626 1238 4677 καὶ
1287 4624 1429 4676 οὕτω
1462 4630 1823 4694 ταπεινωθεὶς

233 4719 600 4789 καταισχῦναι
632 4718 722 4770 τὸν
758 4717 1132 4786 ὑπερήφανον.
1189 4717 1534 4787 Σταυρωθεὶς
1586 4717 1680 4773 οῦν
1732 4726 1824 4777 καὶ

232 4814 453 4880 τιςρξίς,
481 4810 600 4865 εἶτα
623 4812 717 4862 καὶ
740 4811 980 4870 ἀναστὰς
1008 4813 1072 4862 ὲκ
1096 4809 1305 4878 νεκρῶν
1336 4809 1431 4862 καὶ
1455 4812 1533 4874 είς
1562 4813 1825 4880 οὐρανοὺς

233 4904 595 4972 ἁναληςθεὶς,
627 4906 685 4955 ὲν
717 4902 867 4972 δεξιᾷ
904 4903 1139 4970 κάθηται
1169 4900 1264 4953 νῦν
1295 4902 1395 4971 τῆς
1434 4906 1826 4980 μεγαλωσύνης

1925 4644 2009 4688 est
2044 4632 2184 4685 Deus
2209 4632 2453 4692 deorum,
2482 4628 2598 4683 Rex
2629 4645 2834 4698 regum,
2867 4640 2920 4685 et
2954 4629 3126 4685 Judex
3154 4632 3398 4686 vivorum
3446 4643 3502 4685 et

1928 4733 2285 4780 mortuorum.
2346 4720 2447 4788 Qui
2507 4732 2687 4776 autem
2733 4736 2763 4774 a
2809 4723 2960 4777 vobis
2993 4723 3069 4777 dii
3093 4725 3497 4789 existimantur,

1928 4828 2053 4873 sunt
2080 4817 2269 4872 aeterni
2341 4815 2478 4885 ignis
2524 4815 2761 4880 fonntes,
2814 4830 2940 4870 cum
2998 4815 3065 4871 iis
3110 4816 3200 4886 qui
3236 4818 3380 4886 ipsos
3408 4831 3504 4873 co-

1927 4912 2065 4966 lunt.

234 5000 297 5047 ὲν
344 4997 585 5065 ὑψηλοῖς,
644 4997 747 5057 ἓως
808 4998 841 5065 ἡ
880 4995 1144 5063 σύμπασα
1178 4995 1351 5057 κτίσις
1402 4997 1563 5049 αὑτὸν
1630 5001 1861 5075 ἐπιγνῷ,
1902 5009 1999 5063 καὶ
2050 5002 2217 5063 οὓτως
2273 5000 2570 5071 οὐρανόθεν
2630 5001 2769 5071 μετά
2836 5001 3119 5071 δυνάμεως
3167 5001 3537 5073 θεοπρεποῦς

236 5090 341 5141 καὶ
376 5087 533 5154 δόξης
569 5085 735 5138 ἐλθὼν
780 5086 1050 5138 ἀποδώσει
1115 5088 1329 5153 ἑκάστῳ
1376 5086 1629 5157 πράξεώς
1669 5109 1726 5144 τε
1764 5099 1860 5151 καὶ
1898 5098 2122 5167 γνώμης
2190 5092 2286 5155 τὰς
2322 5093 2646 5154 ἀντιδόσεις.
2673 5086 2841 5156 Οῦτός
2870 5094 2985 5145 ἐστι
3016 5094 3148 5157 Θεὸς
3189 5096 3349 5155 θεῶν,
3397 5097 3504 5149 Βα-

241 5180 437 5239 σιλεὺς
490 5178 753 5247 βασιλέων
811 5178 905 5230 καὶ
976 5178 1182 5247 κριτὴς
1250 5177 1470 5241 ζώντων
1506 5181 1642 5249 ὁμοῦ
1708 5188 1799 5238 καὶ
1866 5188 2112 5258 νεκρῶν·
2165 5185 2214 5237 οἱ
2266 5184 2323 5236 δὲ
2371 5184 2500 5251 παρ’
2527 5185 2656 5253 ὑμῖν
2713 5184 2827 5236 θεοὶ
2869 5183 3210 5254 νομιζόμενοι
3265 5187 3507 5258 ὀνόματα

244 5275 417 5343 μῦνον
445 5272 809 5340 εἰσιν,ἕργιυν
842 5270 1023 5340 ἔρημά
1080 5272 1113 5341 ἢ
1179 5271 1451 5340 δαιμόνων
1519 5273 1795 5345 εύρέματα
1851 5280 2138 5352 πονηρῶν,
2200 5278 2279 5340 εἰς
2330 5274 2606 5331 ἀπώλειαν
2653 5276 2816 5346 μόνον
2868 5276 2979 5330 τῶν
3033 5277 3171 5331 αύτά
3200 5277 3508 5349 σεϐομένων

241 5363 619 5431 ἐξευρημένα.

327 5456 429 5509 ΙΑ’.
462 5455 677 5508 Τούτων
736 5454 879 5508 οῦτω
904 5454 1213 5527 λεγομένων
1246 5458 1352 5511 ὑπὸ
1398 5458 1491 5513 τοῦ
1529 5462 1829 5535 μάρτυρος,

241 5554 271 5604 ὁ
313 5548 618 5610 ’Ᾱκυλῖνος,
663 5546 785 5599 κατ’
832 5547 1009 5617 ἄκρας
1046 5550 1263 5617 μανεὶς,
1302 5551 1513 5605 κελεύει
1545 5555 1638 5606 τοῦ
1673 5556 1831 5619 ξύλου

248 5642 359 5709 μὲν
390 5637 787 5707 καθαιρεθῆναι
813 5639 905 5690 τον
937 5638 1114 5705 ἅγιον,
1159 5639 1391 5693 ἕπεσθαι
1428 5642 1484 5696 δὲ
1519 5644 1665 5715 ἀστῷ
1689 5646 1835 5699 δεδε-

246 5733 420 5801 μένον
450 5730 584 5801 πρὸς
622 5729 911 5797 κυνηγίαν.
951 5724 1062 5781 Ἶίν
1096 5728 1187 5783 οὖν
1214 5733 1549 5803 πικροτάτην
1594 5737 1727 5806 ὀρᾷν
1758 5738 1835 5806 τῷ

246 5825 502 5894 μάρτυρι
531 5823 628 5891 τὴν
668 5820 900 5889 βάσανον
930 5824 1280 5891 ἐπαγομένην
1303 5840 1315 5854 ·
1374 5830 1467 5879 καὶ
1502 5828 1605 5899 γὰρ
1630 5831 1683 5882 αἱ
1738 5831 1834 5900 βά-

586 5924 853 5979 l‘mmL.
899 5924 1010 5981 Gn.
1054 5923 1261 5982 CXIV.

2009 5464 2095 5518 XI.
2124 5462 2248 5517 Rrec
2274 5475 2397 5516 cum
2429 5461 2633 5517 diceret
2664 5462 2853 5518 beatus
2883 5461 3160 5533 Tryphon,
3191 5466 3507 5537 quuilinus,

1937 5573 2148 5614 summo
2176 5556 2358 5621 furore
2390 5556 2648 5623 percitus,
2681 5572 2803 5611 eum
2838 5559 3053 5627 quidem
3087 5558 3245 5627 jubet
3277 5561 3343 5615 de
3365 5560 3524 5632 ligno.

1937 5651 2151 5719 deponi,
2176 5663 2234 5702 se
2262 5656 2439 5702 autem
2461 5649 2614 5718 sequi
2645 5649 2906 5717 vinctum,
2933 5662 3220 5709 exeuntem
3256 5654 3322 5707 ad
3345 5668 3515 5709 vena-

1944 5745 2165 5795 tionem.
2203 5740 2426 5795 Licebat
2458 5755 2586 5810 ergo
2614 5742 2799 5796 videre
2830 5742 3239 5799 acerbissimum
3276 5753 3515 5800 tormen-

1939 5841 2051 5886 tum
2082 5830 2246 5900 iniligi
2281 5831 2525 5901 martyri.
2561 5832 2692 5887 Nam
2714 5833 2904 5903 plantat
2926 5836 3119 5906 pedum
3145 5837 3261 5905 ejus
3285 5837 3517 5893 disrum-

3090 5931 3163 5994 E2
