4218 6482
220 416 357 480 1325

1449 408 1628 470 VlTA
1668 408 1728 467 S.
1768 405 2129 467 TRYI’IION
2141 406 2228 466 lS.

3358 404 3491 468 1326

212 524 309 586 σου
364 531 422 583 τὸ
485 526 650 598 δριμὺ
686 524 795 579 τῶν
830 521 1147 588 κολάσεωνς
1188 520 1249 573 '0
1279 520 1333 573 δὲ
1370 521 1547 588 ἆγιος,
1607 520 1798 589 ὥσπερ

1910 531 2037 571 vero
2083 516 2338 587 Tryphon
2374 514 2691 584 respondit:
2734 513 3027 584 Quousque
3058 522 3111 568 tu
3143 530 3248 569 non
3305 515 3470 571 intclti

211 623 586 695 ὀντιστρέφων
617 621 682 674 ἐκ
705 620 818 673 τῶν
846 617 1051 688 ὁμοίων
1077 634 1089 647 ’
1129 616 1312 686 Μέχρι
1340 615 1507 677 τίνος.
1561 610 1703 677 εἶπε,
1734 612 1796 665 ού

208 720 465 791 συνήσεις
497 716 661 778 αὐτὸς
690 714 791 784 τὴν
828 712 1061 781 δύναμιν
1094 708 1188 762 τοῦ
1220 711 1280 761 ἐν
1308 709 1431 779 ἐμοὶ
1478 704 1799 760 κατοικοῦν-

209 827 343 875 τοςς
381 810 560 878 Μέχρι
593 806 739 869 τίνος
779 805 878 858 ούκ
899 805 1121 873 ἀνήσεις
1149 800 1428 871 πειράζων
1455 800 1512 853 τὸ
1539 799 1632 852 τοῦ
1662 796 1799 851 Θεοῦ

210 903 438 971 Πνεῦμα
467 902 528 954 τὸ
560 900 755 967 ἂγιονς
781 896 1009 951 Οὐδέπω
1036 896 1205 966 ᾔσθου
1239 894 1497 964 ἀνίκητον
1529 889 1667 946 εἶναι
1701 893 1803 963 τὴν

204 998 304 1050 τοῦ
335 992 578 1065 Χριστοῦ
611 992 871 1061 δύναμιν;
906 990 1089 1059 eum;
1128 987 1267 1059 πρὸς
1304 988 1481 1040 ταῦτα
1531 984 1803 1057 λαμϐάνει

204 1092 299 1144 τον
349 1088 611 1155 δικαστὴν
682 1087 776 1138 καὶ
832 1084 1051 1137 κελεύει
1107 1080 1656 1152 περιαγχωνισθέντα
1710 1080 1802 1133 τὸν

209 1182 367 1247 Ξγιον
392 1176 695 1230 τύπτεσθαι
725 1174 946 1246 ῥάϐδοις
972 1191 986 1204 ο
1024 1168 1149 1226 εἶτα
1187 1173 1310 1235 ταῖς
1344 1172 1609 1243 πλευραῖς
1633 1171 1800 1225 αὑτοῦ

207 1270 500 1338 λαμπάδας
542 1266 888 1337 ύεράπτεσθαι
924 1265 1097 1335 πυρός
1123 1281 1134 1293 ·
1170 1264 1325 1318 Μετὰ
1353 1264 1558 1333 πολλῆς
1583 1259 1671 1317 οὖν
1704 1266 1802 1334 τῆς

209 1363 579 1433 σφοδρότητος
617 1360 715 1413 καὶ
757 1359 965 1412 τούτων
992 1356 1143 1427 αὐτῷ
1167 1357 1278 1410 τῶν
1326 1356 1577 1429 βασάνων
1605 1358 1803 1424 ἐπαγο-

210 1460 412 1526 μένων,
454 1455 574 1508 θεῖά
605 1472 687 1517 τις
711 1452 1010 1523 οὐρανόθεν
1043 1452 1303 1521 ἐξαίφνης
1321 1452 1487 1504 αὑτὸν
1515 1452 1806 1519 ἐπιφάνεια

208 1549 649 1619 καταστράψασα
704 1547 801 1601 καὶ
838 1547 1104 1609 στέφανον
1138 1545 1300 1616 ἐῴκει
1363 1546 1487 1598 τινὰ
1520 1545 1805 1614 πάγκαλον

206 1644 377 1695 λίθων
407 1643 528 1713 ῶρᾳ
583 1642 677 1693 καὶ
729 1640 920 1710 χάρισι
981 1637 1469 1709 περιανθιζόμενον
1497 1638 1806 1709 προτείνειν

207 1736 387 1805 αύτῷ,
428 1736 567 1803 ὅπερ
598 1734 879 1801 ὲκπλῆξαν
911 1733 1146 1802 ἰσχυρῶς
1190 1732 1318 1793 τοὺς
1361 1730 1497 1801 πρὸς
1548 1730 1608 1781 τὺ
1647 1730 1807 1782 κολάο

210 1830 328 1893 ζειν
370 1828 462 1879 τὸν
492 1830 649 1894 ᾶγιον
688 1826 1151 1893 περιισταμένους
1203 1826 1298 1876 καὶ
1340 1824 1422 1884 εἰς
1470 1822 1574 1891 γῆν
1623 1839 1803 1892 παρα-

1905 624 1998 676 gcs
2030 608 2283 662 virtutem
2315 605 2540 670 Christi,
2579 623 2698 677 qure
2721 608 2775 662 in
2820 622 2904 663 me
2938 618 3119 662 manet
3148 607 3172 662 τ
3205 607 3492 677 Quousque

1906 715 2010 755 non
2048 700 2263 755 desines
2298 706 2514 753 tentare
2534 696 2795 768 Spiritum
2835 699 3125 754 sanctum?
3149 698 3333 765 Miser,
3358 715 3494 754 non-

1905 796 2032 847 dum
2057 791 2273 847 sensisti
2298 792 2554 846 invictam
2576 805 2698 845 esse
2718 790 2920 847 Christi
2952 792 3292 862 potentiam?
3340 792 3492 847 Tune

1908 887 1983 942 ira
2019 886 2258 955 repletus
2313 884 2531 955 impius,
2578 883 2735 948 jubet
2784 898 2911 940 eum
2965 885 3312 941 circumactis
3352 885 3494 941 ulnis

1907 980 2187 1035 verberari
2219 979 2410 1047 virgis,
2446 977 2643 1032 deinde
2671 975 2787 1044 ejus
2830 976 3094 1032 lateribus
3124 978 3367 1033 adhiberi
3407 978 3491 1032 fa-

1906 1088 1997 1128 ces
2030 1072 2190 1143 ignis.
2226 1071 2359 1126 Cum
2388 1085 2519 1138 ergo
2546 1084 2667 1125 cum
2698 1085 2893 1141 magna
2928 1071 3265 1126 vehementia
3302 1073 3415 1128 hinc
3445 1073 3493 1127 ei

1911 1166 2286 1236 infligerentur
2338 1173 2629 1230 tormenta,
2683 1163 2906 1222 divinus
2961 1168 3181 1237 quidam
3237 1168 3493 1238 Splendor

1906 1275 2028 1314 eum
2055 1259 2570 1329 repenleillustrans
2599 1270 2653 1317 ct
2674 1261 3119 1333 circumfulgens,
3148 1263 3497 1334 divinamque

1907 1361 1959 1407 et
1986 1354 2135 1407 omni
2163 1368 2226 1408 ex
2245 1364 2402 1423 parte
2428 1353 2712 1423 pulchram
2745 1371 3001 1411 coronam
3024 1356 3306 1412 ﬂorentem
3343 1372 3496 1425 gem-

1909 1448 2011 1502 mis
2042 1448 2309 1517 priebens,
2344 1457 2569 1519 stupore
2602 1450 2819 1519 quidem
2850 1450 3013 1507 allicit
3056 1466 3152 1506 eos
3175 1452 3265 1522 qui
3286 1452 3352 1507 de
3381 1453 3499 1522 ipso

1912 1539 2184 1594 habebant
2222 1542 2575 1610 quaestionem
2633 1545 2746 1613 (qui
2802 1544 3024 1614 quidem
3067 1545 3334 1614 putabant
3370 1559 3495 1601 eum

1912 1633 2204 1704 torqueri),
2240 1650 2365 1688 cum
2401 1635 2504 1690 hoc
2531 1651 2784 1704 magnum
2819 1637 3032 1705 etquod
3059 1646 3309 1691 naturam
3341 1636 3499 1705 longe

1911 1733 2153 1791 superat,
2213 1724 2478 1778 vidissent
2534 1725 2896 1779 miraculum:
2935 1734 2991 1780 et
3039 1724 3256 1789 effecit,
3294 1736 3354 1780 ut
3388 1742 3499 1795 pra.

1914 1826 2138 1882 Stupore
2170 1816 2206 1870 ii
2241 1821 2294 1870 in
2324 1828 2523 1873 terram
2571 1819 2850 1873 caderent.
2906 1818 3108 1875 Christi
3138 1831 3319 1875 autem
3355 1836 3499 1876 inar—

212 1919 477 1978 σχευάζει
508 1920 863 1969 καταπεσεῖν.
909 1917 969 1968 Ὀ
991 1916 1048 1967 δὲ
1072 1914 1167 1966 τοῦ
1200 1912 1441 1984 Χριστοῦ
1474 1914 1679 1984 μάρτυς
1705 1914 1805 1964 ὑπὸ

1917 1915 2022 1976 tyr,
2050 1921 2077 1960 a
2107 1907 2322 1976 superis
2353 1908 2638 1964 advenisse
2668 1918 2925 1977 expertus
2953 1911 3321 1965 defensionem
3347 1952 3361 1974 ,
3395 1914 3497 1966 im-

208 2016 309 2080 τῆς
342 2010 603 2079 όφθείσης
648 2009 797 2076 αὺτῷ
838 2008 989 2069 θείας
1023 2011 1245 2077 χάριτος
1277 2007 1513 2077 θάρσους
1550 2007 1669 2074 ἅμα
1711 2006 1807 2056 καὶ

204 2104 626 2171 ἀγαλλιάματος
685 2102 1019 2171 πληρωθεὶς,
1087 2100 1491 2167 ἐξωμολογεῖτο
1551 2098 1628 2165 τῷ
1687 2098 1806 2167 Θεῷ

206 2196 423 2261 λὲγων·
485 2194 658 2263 Κύριε
723 2194 995 2253 Δέσποτα,
1056 2192 1370 2262 εὐχαριστῶ
1405 2208 1510 2256 σοι,
1572 2192 1654 2242 ὅτι
1707 2190 1807 2242 οὐκ

203 2288 485 2350 ἀπέλιπες
539 2304 603 2356 με
633 2288 711 2349 εἰς
738 2288 929 2355 χεῖρας
974 2284 1186 2353 ἐχθρῶν
1215 2325 1228 2347 ,
1284 2284 1402 2337 ἀλλ’
1469 2283 1806 2344 ὲπεσκίασας

206 2382 305 2434 ἐπὶ
338 2382 433 2449 τὴν
463 2380 706 2449 κεφαλήν
746 2394 848 2445 μου
885 2379 942 2429 ἐν
968 2378 1154 2447 ἡμέρα
1208 2377 1447 2446 πολέμου
1481 2379 1573 2429 καὶ
1601 2376 1807 2439 ἔδωκας

211 2489 307 2541 μνιι
366 2469 791 2541 ύπερασπισμδν
854 2468 1131 2536 σωτηρίας
1167 2469 1261 2521 καὶ
1296 2470 1328 2537 ἡ
1364 2468 1514 2533 δεξιά
1544 2484 1637 2520 σου
1672 2470 1804 2521 ἀντ-

206 2562 439 2615 ελάϐετό
473 2581 597 2632 μου.
639 2563 751 2615 Καὶ
800 2560 918 2627 νῦν,
974 2563 1171 2632 Κύριε,
1227 2562 1417 2631 δέομαί
1470 2579 1585 2624 σου,
1623 2562 1805 2633 παρὰ·

209 2656 371 2723 στηθί
410 2672 497 2724 μοι
530 2654 693 2724 μέχρι
716 2654 929 2717 τέλους,
972 2653 1242 2724 ἐνισχύων
1275 2655 1369 2706 καὶ¹
1404 2653 1807 2723 ἀντιλαμϐανό-

212 2766 377 2817 μενος
405 2750 499 2799 καὶ
531 2748 873 2812 καταξίωσον
913 2748 1122 2801 τέλειον
1174 2750 1260 2801 καὶ
1328 2748 1683 2817 ἀπρόσκοπον
1714 2745 1807 2797 τὸν

210 2840 379 2891 mm
411 2838 597 2905 ἀγῶνα
651 2838 748 2908 τῆς
803 2838 1098 2907 ὁμολογίας
1149 2840 1353 2907 ταύτης
1405 2838 1804 2906 ἀγωνίσασθαι,

212 2930 299 2980 ἵνα
334 2931 425 2980 καὶ
464 2930 556 2980 τοῦ
584 2932 853 2996 στεφάνου
884 2931 981 2999 τῆς
1013 2932 1364 2999 δικαιοσύνης
1417 2931 1556 2999 μετά
1588 2931 1807 2983 πάντων

209 3019 544 3085 καταξιωθῶ
569 3020 677 3072 τῶν
715 3021 1087 3091 ἠγαπηκὸτων
1118 3022 1175 3076 τὸ
1220 3022 1391 3091 ὄνομά
1418 3039 1508 3074 σου
1533 3023 1592 3074 τὸ
1627 3021 1805 3088 ἅγιον,

209 3113 297 3164 ὃτι
333 3114 490 3180 μόνος
527 3110 574 3165 εἷ
610 3113 999 3180 δεδοξασμένος
1029 3116 1108 3177 εἰς
1141 3117 1267 3177 τοὺς
1296 3116 1522 3177 αἰῶνας.
1574 3116 1766 3185 ’Λμήν.

287 3203 384 3256 ω’.
420 3206 589 3258 Πάλιν
621 3206 712 3258 οὖν
745 3209 772 3258 ὁ
805 3209 999 3277 μιαρός
1058 3210 1263 3271 ἐκεῖνος
1296 3209 1554 3279 δικαστὴς
1580 3209 1683 3260 ὑπὸ
1712 3207 1805 3261 τοῦ

212 3299 271 3347 ἓν
309 3298 463 3367 αύτῷ
507 3298 794 3361 λαλοῦντος
851 3300 1102 3369 δαίμονος
1154 3301 1563 3370 συνωθούμενος
1588 3304 1805 3373 περιῄει

218 3388 305 3439 τὸν
342 3389 584 3456 ἀθλητὴν
614 3392 923 3452 κολακείαις
956 3391 1227 3459 ὑποσύραι
1262 3391 1602 3460 πειρώμενος
1630 3408 1643 3423 ⁸
1688 3392 1802 3456 καὶ,

212 3478 413 3539 Θῦσον,
447 3478 625 3545 ἔλεγε,
645 3479 721 3548 τῷ
746 3482 967 3549 μεγάλῳ
992 3482 1096 3544 Διὶ,
1126 3481 1359 3550 Τρύφων
1383 3483 1475 3533 καὶ
1500 3482 1808 3551 προσκύνη-

215 3588 308 3622 σον
342 3575 405 3639 τῇ
437 3573 605 3623 εἰκόνι
631 3574 931 3641 Καίσαρος,
965 3572 1120 3639 κάγὼ
1158 3574 1419 3643 μεγίστης
1456 3576 1551 3628 καὶ
1586 3575 1806 3644 δωρεῶν

215 3681 273 3715 σε
302 3663 574 3716 πλείστων
599 3665 840 3730 ἀξιώσας
864 3667 1151 3734 ἐκπέμψω.
1174 3667 1289 3733 Ἐφ’
1312 3663 1390 3729 οἷς
1412 3670 1501 3720 καὶ
1531 3669 1806 3736 μειδιάσαι

212 3757 306 3808 τὸν
347 3758 508 3823 ἀγιον
532 3758 780 3822 ἐπελθὸν,
825 3759 883 3809 Ei
914 3760 1080 3810 αὑτοῦ
1114 3758 1349 3821 ἐκείνου,
1392 3761 1556 3827 φάναι
1603 3760 1694 3812 τοῦ
1724 3778 1810 3813 σε-

214 3850 420 3902 δαστοῦ
486 3867 578 3902 σου
636 3852 1019 3919 κατεφρόνησα
1055 3851 1307 3921 φανερῶς
1364 3852 1457 3903 καὶ
1519 3852 1583 3913 ἀς
1632 3852 1806 3918 ἔθετο,

215 3942 549 4011 προστάξεις
584 3943 971 4012 μυκτηρισμὸν
1004 3944 1139 4005 ὅλως
1176 3942 1271 3993 καὶ
1298 3943 1496 4012 χλεύην
1544 3946 1809 4013 ἐποιησά-

220 4052 351 4103 μην,
388 4037 453 4101 τῇ
489 4033 681 4101 ἀψύχῳ
706 4032 895 4084 τούτου
933 4032 1104 4085 εἰκόνι
1154 4034 1525 4102 πεισθήσομαι
1569 4052 1807 4105 προσκυ-

217 4131 367 4187 νεῖν;
404 4125 615 4193 Σφόδρα
644 4124 711 4177 ἂν
744 4128 840 4176 καὶ
881 4126 1041 4186 αὐτὸς
1073 4120 1137 4193 ἧς
1173 4126 1422 4189 πιθανὸς,
1454 4126 1609 4192 κάγὼ
1649 4126 1806 4179 εὔκο-

216 4218 310 4281 λός
337 4234 422 4281 τις
457 4218 591 4285 πρὸς
628 4218 866 4283 ἀπάτην,
930 4222 1024 4270 καὶ
1056 4220 1369 4287 πρόχειρος.
1433 4218 1571 4288 Περὶ
1607 4220 1726 4280 Διὸς
1755 4219 1811 4271 δὲ

218 4312 316 4362 καὶ
341 4311 449 4361 τῶν
482 4309 655 4361 ἄλλων
708 4326 803 4360 σου
858 4310 1227 4378 ψευδωνύμων
1286 4310 1446 4375 θεῶν,
1480 4311 1661 4378 ἐρώτα
1685 4313 1807 4372 τοὺς

218 4401 316 4456 ἐπὶ
361 4401 524 4471 σοφία
559 4401 687 4467 παρ’
721 4400 848 4468 ὑμῖν
883 4400 1390 4469 μεγαφρονοῦντας,
1430 4400 1478 4453 οἳ
1522 4401 1578 4452 τὸ
1610 4403 1672 4452 εκ
1712 4401 1811 4469 τῆς

222 4493 560 4563 μυθολογίας
607 4492 830 4560 αἰσχρὸν
870 4490 1205 4559 πειρώμενοι
1251 4492 1677 4559 συγκαλύπτειν,
1714 4494 1812 4544 Δία

1912 1997 2086 2066 pletus
2137 1997 2327 2052 fiducia
2355 2010 2410 2053 et
2438 2000 2824 2067 exsultatione,
2865 2001 2973 2056 Deo
2998 2002 3380 2067 confitebatur,
3418 2004 3502 2054 di-

1910 2103 2036 2141 cens
2065 2107 2077 2141 :
2117 2088 2359 2155 Domine,
2394 2106 2494 2159 ago
2526 2091 2623 2146 tibi
2657 2093 2884 2161 gratias,
2915 2095 3059 2163 quod
3094 2109 3199 2147 non
3231 2094 3496 2163 reliquisti

1912 2196 1996 2235 me
2030 2182 2081 2234 in
2116 2183 2369 2237 manibus
2412 2182 2759 2238 inimicorum
2793 2202 2806 2239 :
2841 2191 2934 2239 sed
2965 2186 3302 2239 obumbrasti
3338 2203 3501 2255 super

1911 2284 2073 2343 caput
2116 2289 2294 2329 meum
2333 2275 2503 2331 indie
2533 2276 2679 2343 belli,
2730 2288 2784 2331 ct
2808 2279 3003 2333 dedisti
3038 2281 3169 2334 mihi
3208 2283 3501 2348 protectio-

1913 2383 2032 2421 nctn
2073 2368 2287 2431 salutis,
2344 2378 2398 2424 et
2431 2370 2653 2424 dextera
2706 2382 2793 2425 tua
2827 2373 3061 2441 suscepit
3092 2387 3197 2425 tne.
3237 2374 3299 2425 Et
3328 2389 3495 2432 nunc,

1911 2459 2157 2523 Domine,
2194 2476 2325 2532 rogo
2357 2472 2429 2528 te,
2478 2463 2627 2518 adsis
2673 2464 2804 2518 mihi
2839 2477 3133 2533 perpetuo,
3163 2469 3498 2521 confirmans

1912 2567 1961 2608 et
1993 2556 2310 2621 defendens,
2365 2567 2421 2610 et
2450 2557 2676 2628 dignare
2731 2574 2817 2613 me
2844 2558 3083 2627 perfecte
3126 2571 3181 2615 et
3219 2563 3336 2615 sine
3390 2560 3496 2614 ulla

1910 2647 2208 2702 offensione
2238 2649 2517 2704 decertare
2537 2652 2640 2705 hoc
2671 2651 2958 2720 pulchrum
2993 2662 3267 2707 certamen
3285 2653 3499 2707 confes-

1910 2739 2097 2801 sionis,
2134 2750 2190 2792 ut
2218 2742 2379 2793 etiam
2412 2757 2610 2796 corona
2634 2742 2858 2808 justitize
2906 2744 3098 2814 dignus
3135 2744 3337 2798 habear
3372 2761 3495 2799 cum

1912 2834 2166 2886 omnibus
2197 2835 2287 2903 qui
2324 2845 2472 2889 tuum
2502 2850 2697 2890 nomen
2729 2847 2976 2891 sanctum
3002 2838 3325 2895 dilexerunt.
3348 2839 3497 2907 Quo-

1913 2924 2059 2979 niam
2088 2926 2238 2983 solus
2274 2942 2337 2983 es
2364 2928 2700 2998 gloriﬁcatus
2734 2931 2791 2985 in
2816 2932 3033 2987 saecula.
3066 2930 3261 2988 Amen.

1988 3196 2123 3251 XIV.
2164 3197 2370 3254 Rursus
2427 3208 2608 3255 autem
2657 3204 3026 3259 exsecrandus
3070 3206 3158 3260 ille
3204 3208 3366 3276 judex
3402 3226 3497 3265 ac-

1912 3304 2130 3345 cersens
2165 3293 2446 3357 athletam,
2491 3304 2547 3347 et
2598 3296 2760 3348 veluti
2798 3297 3005 3352 adulari
3036 3313 3148 3366 prm
3178 3313 3237 3353 se
3264 3300 3444 3355 ferens
3480 3321 3492 3355 :

1912 3382 2191 3449 Sacrifico,
2228 3384 2461 3447 dicebat,
2491 3400 2524 3439 ο
2560 3383 2837 3456 Trypho",
2860 3403 3056 3457 magno
3080 3388 3220 3453 Juvi,
3243 3400 3296 3445 et
3330 3394 3493 3445 adora

1913 3472 2198 3540 imaginem
2218 3471 2473 3537 Ciesaris,
2503 3486 2558 3530 et
2602 3491 2703 3546 ego
2726 3485 2777 3531 te
2811 3479 3078 3533 dimittant
3109 3483 3363 3537 maximis
3395 3483 3494 3538 ho-

1912 3567 2133 3621 noribus
2180 3572 2430 3624 adectutn
2483 3582 2536 3625 et
2584 3574 2916 3629 muneribus.
2973 3575 3207 3631 Sanctus
3236 3577 3494 3649 Tryphon

1913 3662 2223 3726 subridens,
2252 3664 2389 3717 dixit
2420 3684 2432 3718 :
2463 3666 2519 3719 Si
2543 3665 2691 3719 illum
2722 3669 2895 3735 ipsum
2924 3669 3223 3737 Angustum
3248 3671 3492 3739 despexi,

1912 3765 1965 3807 et
1992 3770 2019 3807 a
2052 3756 2260 3810 ratione
2294 3757 2467 3811 aliena
2498 3758 2617 3826 ejus
2642 3759 2796 3828 jussa
2821 3762 3022 3830 respui,
3054 3763 3346 3816 inanimam
3377 3765 3497 3834 ejus

1914 3849 2231 3915 imaginem,
2291 3849 2525 3904 humana
2575 3864 2694 3906 arte
2747 3865 2802 3905 et
2851 3856 3123 3909 coloribus
3184 3855 3494 3923 formatam,

1914 3939 2187 3994 adorabo?
2212 3942 2384 3996 Absit.
2413 3943 2485 3997 De
2513 3942 2645 3997 Jove
2690 3961 2816 3998 vero
2845 3956 2897 3998 et
2935 3948 3058 4001 aliis
3084 3948 3210 4014 tuis,
3239 3949 3330 4017 qui
3360 3949 3496 4004 falso

1914 4048 2131 4088 nomine
2153 4037 2404 4091 dicuntur
2437 4038 2533 4098 dii,
2569 4039 2836 4106 interroga
2860 4054 2973 4103 eos,
3010 4042 3097 4110 qui
3128 4041 3265 4095 inter
3312 4057 3408 4098 vos
3437 4059 3498 4098 se

1910 4127 2118 4195 jaClanl
2170 4127 2237 4181 de
2278 4130 2568 4197 sapientia,
2602 4132 2694 4198 qui
2746 4134 2886 4199 quod
2920 4145 2985 4185 ex
3021 4134 3106 4196 iis,
3163 4149 3283 4202 quze
3312 4136 3379 4189 de
3430 4136 3496 4189 iis

1916 4216 2169 4270 dicuntur
2211 4218 2429 4280 fabulis,
2467 4220 2531 4274 iis
2552 4222 2651 4288 qui
2680 4224 2919 4287 sapiunt,
2943 4233 3169 4292 apparet
3196 4236 3373 4293 turpe,
3403 4240 3485 4279 col

1917 4320 2115 4360 nantur
2197 4308 2452 4377 cﬂ'ugere,
2511 4308 2697 4365 Jovem
2758 4313 2976 4380 quidem
3034 4315 3221 4370 dicunt
3266 4319 3494 4383 tethera,

1914 4398 2177 4453 lunonem
2210 4412 2390 4455 autem
2424 4416 2627 4467 aerem,
2664 4414 2718 4458 et
2747 4406 3001 4460 Cererem
3044 4416 3267 4472 terrain,
3307 4419 3362 4465 et
3387 4410 3493 4466 Ne-

1919 4504 2140 4562 ptunum
2172 4494 2388 4562 quidem
2447 4510 2633 4559 mare,
2685 4497 2989 4564 Apollinem
3028 4515 3154 4554 vero
3198 4504 3387 4568 solem,
3441 4518 3488 4558 et

226 4590 327 4651 μὲν
362 4584 450 4634 τὸν
485 4582 701 4652 αἰθέρα,
765 4583 944 4651 Ἥραν
993 4582 1047 4634 δὲ
1112 4584 1201 4636 τὸν
1255 4585 1394 4655 ἀέρα
1451 4585 1544 4637 καὶ
1580 4587 1674 4655 τὴν
1711 4586 1805 4654 γῆν

1919 4585 2096 4638 lunam
2158 4588 2376 4640 Dianam
2434 4587 2804 4642 nominarunt.
2864 4589 3008 4645 idem
3063 4594 3194 4648 mihi
3244 4596 3495 4651 videntur

219 4680 547 4744 Δήμητραν,
575 4677 665 4726 καὶ
697 4675 1009 4727 Ποσειδῶνα
1038 4677 1138 4743 μὲν
1159 4678 1257 4746 τὴν
1284 4678 1583 4741 θάλασσαν,
1620 4679 1807 4731 Ἀπόλ-

219 4768 370 4820 λωνα
401 4768 458 4819 δε
508 4767 597 4819 τὸν
645 4767 819 4835 ἥλιον,
858 4769 951 4819 καὶ
993 4768 1261 4837 Ἄρτεμιν
1296 4770 1395 4839 τὴν
1419 4772 1649 4839 σελήνην
1676 4790 1804 4825 κατ-

221 4863 603 4927 ωνομάκασιν,
646 4856 722 4912 ὡν
754 4860 1007 4911 autut/52'
1035 4864 1183 4912 ἐστιν
1225 4866 1316 4913 καί
1368 4864 1429 4914 τὸ
1469 4865 1557 4915 τὸν
1600 4857 1809 4935 Ἑρμῆν

227 4956 330 5023 μὲν
382 4956 462 5014 εἰς
521 4954 819 5019 τὸνλόγον,
857 4953 946 5004 τὸν
1002 4954 1173 5023 Ἀρην
1202 4956 1256 5006 δὲ
1294 4958 1370 5018 εὶς
1396 4957 1487 5009 τὸν
1511 4957 1679 5027 θυμὸν
1717 4962 1810 5012 καὶ

224 5048 324 5115 τὴν
368 5045 687 5114 Ἀφροδίτην
718 5047 795 5106 εἰς
826 5046 925 5114 τὴν
962 5044 1174 5114 φαύλην
1228 5048 1525 5117 ἐπιθυμίαν
1574 5051 1809 5119 ἀλληγον

225 5140 367 5207 ρεῖν,
398 5137 608 5204 δηλαιοι
644 5137 812 5199 ὅντως
845 5138 1001 5205 ὑμεῖς
1033 5138 1141 5190 τῶν
1172 5139 1450 5208 λογισμῶν
1483 5142 1689 5193 τούτων
1716 5143 1808 5194 καὶ

226 5232 461 5299 πονηροὶ
499 5230 598 5297 τῆς
650 5229 1034 5292 κακοϐουλίας,
1089 5231 1137 5282 οἳ
1172 5233 1245 5300 μὴ
1285 5232 1437 5300 μόνοι
1484 5233 1639 5285 αὐτοὶ
1676 5234 1807 5302 πρὸς

230 5318 514 5372 ἀπώλειαν
543 5320 879 5388 ὲξετράπητε
912 5320 984 5370 τὸ·
1026 5320 1199 5389 ἀληθῆ
1228 5320 1358 5372 θεὸν
1410 5322 1806 5388 ἐγκαταλιπόν-

227 5429 344 5476 τες,
393 5412 529 5463 ἀλλά
573 5413 665 5463 καὶ
720 5410 867 5478 ἡμᾶς
931 5412 1257 5478 κοινωνῆσαι
1288 5411 1387 5481 τῆς
1439 5411 1561 5464 ὀδοῦ
1606 5413 1811 5481 ταύτης

230 5507 364 5574 ὑμῖν
394 5506 451 5555 ὲν
485 5503 689 5571 σπουδῇ
722 5503 992 5567 τίθεσθαι,
1020 5502 1111 5565 οὓς
1139 5504 1351 5567 πολλοῖς
1384 5508 1648 5574 πρότερον
1683 5508 1809 5576 χρόα

229 5616 344 5662 νοις
380 5598 611 5660 Ἡσαΐας
664 5597 875 5664 φθάσας
916 5598 942 5648 ὁ
982 5597 1156 5665 μέγας
1190 5597 1355 5662 ἀξίως
1388 5598 1613 5667 θρηνεῖ·
1652 5601 1809 5662 Οὐαὶ,

231 5696 434 5760 λέγων,
490 5692 541 5743 οἱ
594 5692 654 5743 τὸ
683 5690 919 5758 πονηρὸν
968 5690 1153 5752 καλὸν,
1184 5692 1276 5742 καὶ
1307 5692 1367 5743 τὸ
1391 5692 1554 5742 καλὸν
1579 5691 1813 5760 πονηρὸν

239 5785 542 5847 ποιοῦντες,
569 5787 619 5837 ol
647 5784 891 5847 τιθέντες
939 5783 1000 5835 τὸ
1030 5784 1142 5853 φῶς
1178 5782 1388 5847 σκότος,
1412 5784 1503 5835 καὶ
1531 5784 1591 5834 τὸ
1623 5785 1811 5845 σκότος

235 5884 375 5951 φῶς,
407 5881 455 5931 οἱ
485 5880 732 5947 λέγοντες
760 5880 817 5932 τὸ
846 5878 1043 5947 πικρὸν
1093 5876 1265 5945 γλυκὺ
1300 5878 1387 5929 καὶ
1420 5876 1477 5927 τὸ
1502 5877 1672 5943 γλυκὺ
1725 5895 1810 5930 πι-

1914 4676 2238 4732 Mercurium
2266 4679 2480 4747 quidem
2511 4681 2837 4746 orationem,
2864 4680 3090 4738 Martem
3126 4696 3304 4739 autem
3334 4688 3491 4751 iram,

1913 4780 1965 4822 et
2000 4767 2258 4823 Venerem
2296 4772 2648 4839 cupiditatem
2691 4774 2870 4827 dicere
2920 4790 3015 4843 per
3049 4776 3389 4845 allegoriam.
3431 4779 3492 4831 Et

1914 4860 1992 4912 sic
2022 4875 2461 4929 unamquamque
2496 4862 2679 4914 mundi
2710 4873 2941 4929 partem,
2976 4866 3104 4933 quin
3135 4868 3299 4920 etiam
3348 4868 3495 4935 ipsos

1913 4953 2105 5005 animae
2137 4953 2352 5005 hnhitus
2384 4954 2673 5007 simulacra
2727 4957 3147 5021 constituentes,
3192 4967 3244 5010 et
3277 4957 3494 5012 univer-

1915 5060 2097 5099 sorum
2126 5045 2340 5113 quidem
2371 5046 2616 5113 opiﬁcem
2636 5046 2827 5102 insane
2850 5046 3242 5117 relinquentes,
3265 5063 3376 5102 rem
3396 5062 3495 5102 au-

1917 5146 2022 5189 tem
2052 5147 2289 5189 creatam
2324 5137 2494 5206 magis
2525 5152 2683 5207 quam
2728 5137 3042 5195 Creatorem
3083 5143 3343 5204 colentes,
3386 5156 3493 5195 non

1914 5228 2085 5279 solum
2123 5228 2235 5295 ipsa
2270 5242 2297 5279 a
2339 5238 2483 5280 recta
2513 5228 2779 5282 sententia
2810 5230 3143 5295 excidentes,
3196 5236 3262 5287 ad
3299 5232 3493 5286 anima:

1935 5323 2190 5372 interitum
2224 5319 2458 5373 ferimini
2489 5320 2811 5389 prmcipites,
2841 5322 2934 5375 sed
2965 5338 3062 5377 nos
3088 5326 3248 5377 etiam
3275 5334 3490 5379 conten-

1915 5411 2042 5465 ditis
2069 5412 2364 5473 attrahere,
2389 5421 2446 5464 ut
2467 5415 2636 5467 simus
2666 5415 2956 5482 participes
2986 5415 3224 5483 ejusdem
3249 5415 3491 5469 barathri

1915 5514 1966 5555 ct
1996 5505 2176 5558 exitii:
2207 5506 2299 5558 sed
2326 5505 2561 5572 priedam
2611 5505 2785 5561 dolosi
2836 5507 3058 5561 minime
3106 5508 3492 5577 asscquemiui.

1917 5610 2015 5649 nec
2045 5613 2139 5651 eos
2167 5598 2253 5665 qui
2291 5612 2414 5651 vere
2444 5611 2795 5667 speraverant
2819 5600 2871 5652 in
2905 5600 3076 5655 solum
3110 5600 3274 5655 Deum
3302 5601 3493 5655 fortem

1915 5698 1965 5742 et
1996 5692 2191 5751 vivum,
2228 5704 2256 5741 a
2287 5702 2432 5743 recta
2471 5699 2646 5745 mente
2673 5691 3022 5754 abducentes,
3042 5706 3178 5745 vana
3207 5692 3490 5748 simulacra

1916 5787 2193 5838 attendere
2235 5786 2645 5852 persuadebitis.
2699 5784 3012 5839 Admiratus
3058 5796 3139 5839 est
3194 5786 3307 5840 hxe
3332 5785 3492 5838 verba

1917 5878 2141 5933 audiens
2194 5878 2523 5948 Aquilinus:
2582 5880 2733 5934 valde
2794 5894 2983 5951 magna
3038 5890 3216 5935 autem
3259 5880 3494 5949 repletus
