4218 6482
228 439 366 507 1329
1351 440 1524 500 VlTA
1564 442 1604 501 S
1668 440 1994 502 AGATIIE
2035 441 2402 503 VIRGINIS.
3366 434 3500 498 1330

3317 591 3410 601 opu.

238 590 3488 625 W

597 793 779 907 DE
859 794 1425 911 SANCTA
1514 793 2098 911 AGATHA
2180 794 2583 914 VIRG.
2679 794 3126 908 MART.

1445 1047 1792 1111 unus:
1842 1049 1920 1111 IN
1983 1047 2274 1144 atoma

787 1239 957 1299 (Anno
981 1236 1163 1289 Christi
1191 1238 1305 1301 25!,
1335 1234 1593 1289 Februarii
1618 1236 1667 1299 δ,
1689 1263 1747 1274 -
1773 1241 1890 1291 Acta
1915 1239 2013 1290 ss.
2044 1237 2272 1289 Bollnntl.
2298 1237 2450 1289 Febr.
2481 1242 2601 1287 tom.
2636 1236 2676 1295 ι,
2700 1250 2751 1300 ρ.
2788 1213 2927 1301 sas.)

294 1568 500 1621 Calatia
536 1566 732 1621 Silicizc
754 1567 901 1627 urbs,
940 1568 1002 1620 ad
1035 1567 1236 1623 Ionium
1279 1570 1381 1625 situ
1441 1570 1683 1639 pelagus,
1735 1567 2019 1641 Αἱιηωίιιιο
2083 1570 2324 1627 horriﬁci
2386 1573 2591 1627 montis
2645 1572 2881 1637 radices,
2914 1568 2982 1624 ab
3015 1568 3219 1624 Graecis
3252 1571 3495 1635 condita,

222 1660 526 1728 iisdemque
559 1662 646 1713 ditt
675 1661 935 1721 habitata,
971 1664 1093 1717 dein
1119 1675 1173 1717 et
1196 1663 1530 1732 Campanis;
1567 1666 1660 1719 sed
1696 1665 1908 1720 colonia
1939 1667 2154 1722 demum
2194 1667 2396 1722 civium
2459 1667 2827 1722 Romanorum
2880 1666 3233 1735 ampliﬁcata,
3272 1676 3329 1717 ut
3381 1661 3493 1718 Pii-

222 1756 347 1807 tiius
378 1764 607 1807 testatur
633 1755 723 1808 lib.
746 1770 824 1818 III,
861 1771 979 1823 cap.
1019 1755 1073 1817 8,
1113 1758 1334 1826 ipsaque
1372 1756 1645 1823 Messana,
1674 1758 1960 1815 Strabonis
2020 1760 2312 1828 geographi
2339 1774 2477 1824 aevo,
2512 1759 2734 1829 Augusti
2784 1759 2993 1813 scilicet
3018 1758 3329 1827 Tiberiique
3362 1767 3499 1811 tem-

220 1850 470 1920 poribus,
505 1851 865 1919 frequentior,
902 1851 1200 1905 etiamnum
1243 1853 1386 1909 inter
1420 1863 1527 1908 tres
1550 1855 1717 1909 totius
1751 1852 1941 1908 insula:
1971 1852 2356 1907 celeberrimas
2386 1851 2552 1906 urbes
2572 1851 2896 1906 Panormum
2950 1850 3361 1920 Mes<anamquc
3398 1864 3499 1903 nu-

222 1958 489 2000 meratur.
519 1948 596 2003 Ac
627 1947 792 2000 multa
828 1956 1068 2002 ostentat
1097 1946 1185 2000 illa
1222 1947 1442 2017 quidem
1468 1949 1665 2004 decora
1709 1947 2050 2018 antiquitatis
2081 1956 2472 2013 monumenta;
2510 1947 2713 2000 nullmn
2738 1956 2915 1999 tamen
2941 1944 3257 2016 praeclarius
3286 1945 3498 2013 Agatha

220 2045 433 2113 virgine
458 2058 521 2096 ac
551 2054 786 2113 martyre
822 2062 832 2096 :
860 2058 1019 2112 quam
1055 2054 1340 2114 propterea
1368 2044 1614 2099 Gracum
1649 2044 1886 2114 Menolog

1830 2045 2006 2114 ogium
2043 2057 2107 2098 ac
2142 2043 2341 2098 Menma
2372 2044 2563 2095 merito
2594 2042 2849 2110 Κατάνης
2865 2042 2926 2092 τὸ
2957 2039 3243 2109 καύχημα.
3288 2059 3305 2091 ‹
3336 2039 3496 2094 Cata-

221 2152 309 2189 nae
350 2137 723 2204 gloriationem
769 2155 787 2189 ι
824 2139 1185 2206 compellant;
1221 2136 1472 2193 Rnccltus
1492 2139 1678 2194 Pirrus
1700 2137 1897 2193 Sicilia:
1946 2154 2113 2191 sacra:
2153 2145 2193 2190 t.
2229 2136 2295 2199 ll,
2342 2134 2510 2189 Notit.
2545 2151 2560 2188 ι
2598 2134 2745 2188 Eccl.
2798 2135 3081 2195 Catanen.,
3122 2133 3251 2197 n.3,
3282 2152 3300 2183 ‹
3336 2133 3499 2187 totius

222 2229 426 2282 Sicilia:
456 2228 621 2283 decus
652 2239 705 2283 et
729 2241 1107 2283 ornamentum
1144 2231 1444 2288 immortale
1473 2250 1487 2287 :
1530 2251 1547 2283 ι
1587 2233 1812 2301 ejusque
1841 2246 2036 2300 corpus
2059 2229 2462 2285 sanctissimum
2488 2227 2769 2282 Mauritius
2796 2242 2883 2298 ep.
2929 2228 2979 2278 in
3014 2226 3236 2280 historia
3291 2226 3498 2281 Trans—

220 2320 467 2390 latiunis,
501 2344 520 2377 ι
559 2326 720 2380 totius
747 2324 945 2380 Sicilia!
969 2327 1160 2395 pignus
1187 2338 1240 2381 et
1270 2328 1501 2384 amabile
1534 2329 1915 2397 patrocinium.
1952 2347 1971 2380 ι

303 2458 322 2490 ε
358 2439 482 2507 Ejus
507 2454 728 2506 numen,
765 2460 783 2492 ι
820 2453 876 2495 ut
908 2442 1148 2510 loquitur
1179 2441 1418 2498 Thomas
1438 2444 1683 2499 Fazellus
1720 2444 1795 2500 De
1830 2447 1938 2500 reb.
1996 2444 2192 2500 Siculis
2235 2445 2435 2500 decade
2467 2461 2505 2506 ι,
2541 2443 2637 2497 lib.
2683 2458 2763 2503 Ill,
2797 2458 2911 2509 cap.
2954 2443 3004 2507 l,
3040 2462 3056 2494 ι
3098 2452 3357 2509 tanquam
3394 2439 3498 2494 Ca-

222 2547 369 2591 latiae
401 2536 549 2589 urbis
582 2535 833 2598 tutelare,
867 2537 1104 2589 maximo
1136 2539 1303 2592 latius
1340 2537 1538 2594 Sicilia:
1569 2541 1808 2594 virorum
1838 2554 1902 2593 ac
1936 2540 2225 2593 mulierum
2272 2548 2564 2602 conventu,
2599 2535 2765 2590 Nonis
2799 2536 2956 2590 Febr.
2990 2551 3149 2606 quam
3188 2534 3491 2603 religiosis-

221 2629 365 2684 sime
394 2629 612 2684 colitur.
648 2648 664 2678 ι
702 2626 886 2695 Neque
921 2628 1140 2684 (Satanae
1168 2632 1341 2686 solum
1382 2633 1525 2687 illius
1557 2648 1622 2689 eo
1651 2633 1737 2686 die
1759 2632 2073 2687 celebratur
2101 2630 2316 2695 natalis,
2346 2630 2465 2692 sed,
2499 2640 2699 2683 utante
2732 2629 2838 2682 250
2866 2644 3035 2683 :mnos
3060 2628 3281 2695 scripsit
3307 2627 3358 2680 in
3382 2628 3497 2682 Ka-

221 2724 473 2777 lendario
504 2723 875 2778 ecclesiastico
903 2724 1138 2793 generali
1172 2721 1487 2794 Radulpltus
1532 2726 1596 2780 de
1628 2726 1787 2788 Rivn,
1826 2723 2160 2793 Tungrensis
2208 2726 2261 2779 in
2323 2723 2506 2794 Belgio
2569 2724 2826 2786 decanus,
2866 2741 2884 2774 ι
2928 2723 3125 2790 ubique
3188 2738 3252 2776 ex
3310 2720 3498 2777 Sicilia

221 2815 455 2886 ﬁgathte
489 2814 553 2871 Υ,
584 2826 634 2869 et
668 2814 733 2868 Μ.
770 2831 822 2869 Ix
890 2816 1018 2870 lect.
1049 2834 1065 2867 ι
1101 2816 1191 2871 Est
1219 2818 1614 2888 antiquissimis
1648 2817 2047 2890 Martyrologiis
2072 2818 2139 2873 ad
2185 2832 2308 2873 eum
2332 2816 2472 2871 diem
2514 2816 2657 2871 illius
2688 2816 2985 2886 ascriptum
3022 2830 3238 2870 nomen.
3282 2816 3359 2870 Ita
3400 2831 3494 2868 ve.

221 2911 592 2964 tustissimum
624 2907 950 2972 Romanum,
987 2910 1129 2978 quod
1164 2911 1364 2979 sacpius
1381 2911 1482 2965 sub
1512 2910 1569 2965 S.
1604 2911 1919 2983 Hieronymi
1980 2912 2197 2966 nomine
2249 2911 2560 2967 citavitnus.
2600 2929 2617 2961 ι
2659 2909 2715 2964 In
2746 2911 2952 2974 Sicilia,
2979 2911 3203 2964 civitate
3232 2909 3496 2968 (Satanas,

224 3014 345 3059 nat.
376 3003 596 3072 Agatlne
621 3001 770 3071 Virg.
813 3023 831 3056 ι
863 3003 1299 3059 Consonataliud
1337 3004 1409 3060 ab
1449 3002 1736 3059 Hcribcrto
1766 3004 2071 3076 Rosweydo
2102 3015 2286 3060 nostro
2314 3006 2516 3061 editum
2556 3024 2567 3060 :
2607 3023 2625 3055 t
2665 3003 2723 3058 S.
2771 3004 2990 3072 Agathaa
3035 3005 3169 3072 Virg.
3196 3002 3335 3070 apud
3363 2999 3501 3053 civi-

225 3103 393 3151 tatem
425 3097 847 3166 Catanensium;
882 3118 898 3151 I
935 3109 988 3156 et
1018 3100 1469 3167 Richenoviense,
1529 3104 1649 3158 sive
1695 3101 1885 3157 Divitis
1936 3102 2166 3171 Ausim:
2208 3121 2227 3155 ι
2274 3101 2482 3163 Sicilia,
2525 3101 2579 3155 in
2630 3100 2875 3155 Cathana
2918 3100 3159 3163 civitate,
3198 3097 3379 3169 passio
3420 3095 3483 3153 S.

222 3197 257 3246 Α
272 3195 453 3263 galba:
490 3192 549 3247 ν.
598 3213 614 3244 ι

299 3308 495 3363 Fusius
530 3309 805 3366 Usuarilus
838 3329 850 3364 ε
898 3329 915 3362 t
952 3311 1105 3382 Apud
1136 3310 1396 3381 Siciliam,
1427 3313 1645 3369 civitate
1674 3313 1963 3370 Catanensi

1830 3315 2082 3381 tensium,
2124 3313 2325 3373 natalis
2370 3310 2428 3370 8.
2458 3310 2680 3385 Agathe,
2726 3310 2862 3382 vim.
2908 3318 2964 3368 et
2996 3312 3192 3375 mart..
3225 3318 3345 3380 Qum
3372 3318 3496 3377 post

226 3404 419 3470 alapas
449 3415 503 3459 et
528 3420 826 3469 carcerem,
852 3418 973 3477 post
991 3407 1277 3477 equuleum
1298 3419 1348 3464 et
1377 3411 1659 3475 tortiones,
1686 3419 1811 3481 post
1830 3409 2190 3467 mamillarum
2212 3408 2624 3472 abseissionem,
2646 3417 2766 3477 post
2788 3405 3176 3461 rolutatinnem
3204 3408 3254 3461 in
3279 3408 3493 3465 testulis

221 3502 280 3547 et
312 3494 665 3560 carbonibus,
698 3499 912 3552 tandem
944 3502 1045 3553 sub
1070 3500 1251 3567 judice
1284 3501 1577 3567 Quintiano
1607 3503 1868 3573 martyrio
1896 3513 2271 3558 consummata
2311 3509 2415 3559 est.
2457 3520 2475 3554 ο
2513 3502 2627 3555 Ado
2662 3514 2749 3565 ep.
2786 3499 3112 3556 Viennensis
3144 3503 3195 3555 in
3224 3501 3496 3574 Martyro—

225 3586 377 3657 logio
410 3590 509 3641 ista
540 3590 722 3654 habet,
756 3606 873 3658 qua
902 3602 956 3647 et
1001 3594 1052 3646 in
1105 3610 1233 3650 mss.
1276 3596 1463 3660 variis,
1515 3595 1676 3650 etiam
1730 3595 1887 3650 Beda:
1946 3596 2165 3651 omine
2223 3593 2587 3665 prmtitnlatis,
2643 3595 2938 3663 leguntur:
2977 3613 2995 3645 ι
3035 3596 3185 3664 Apud
3227 3596 3496 3665 Siciliam,

223 3681 455 3736 civitate
485 3682 876 3749 Catinensium,
902 3686 1081 3754 passio
1116 3686 1175 3741 S.
1211 3687 1432 3757 Agathe
1467 3688 1601 3759 Virg.
1645 3689 1743 3743 sub
1770 3688 1933 3744 Decio
1958 3694 2084 3755 imp.
2120 3689 2443 3758 proconsule
2508 3688 2801 3754 Quintiano
2834 3706 2846 3741 :
2877 3704 2997 3757 quze
3045 3698 3167 3756 post
3222 3690 3407 3757 alapas
3438 3703 3496 3747 et

226 3792 537 3842 carcerem,
579 3788 701 3848 post
724 3778 1011 3848 equuleum
1045 3789 1099 3833 et
1124 3781 1409 3846 tortiones,
1441 3791 1563 3849 post
1596 3781 1955 3834 mamillarum
1989 3783 2401 3848 abscissionem,
2436 3782 2528 3837 sed
2578 3797 2606 3835 a
2662 3782 2887 3836 Domino
2946 3784 3305 3849 sanationem,
3376 3791 3500 3851 post

227 3872 624 3926 volutationem
655 3872 707 3924 in
738 3871 950 3925 testulis
974 3880 1029 3925 et
1049 3873 1394 3937 carbonibus,
1430 3874 1644 3928 laudent
1670 3874 1724 3927 in
1747 3889 1969 3929 carcere
2007 3885 2381 3929 consummata
2417 3883 2518 3931 est.
2560 3894 2577 3928 ι
2612 3874 2742 3941 Quae
2786 3874 2900 3929 Αάο
2948 3885 2999 3929 et
3051 3876 3351 3940 Usuartlus,
3397 3893 3497 3930 ea-

229 3965 362 4018 dem
396 3965 711 4033 exprimunt
745 3967 999 4033 pleraque
1057 3966 1183 4030 alia,
1221 3967 1384 4021 etiam
1438 3968 1826 4032 recentiorum,
1888 3967 2305 4038 Martyrologia;
2339 3971 2673 4027 contractius
2737 3970 3003 4041 quaedam,
3069 3970 3171 4027 alia
3220 3969 3492 4032 diﬂusius.

230 4056 660 4113 “’andelbertus
690 4056 1045 4125 Prutniensis,
1075 4063 1164 4129 qui
1197 4072 1320 4118 ante
1359 4077 1504 4118 taccc
1538 4077 1709 4119 annos
1741 4066 1894 4129 vixit,
1927 4064 2041 4120 hac
2073 4065 2139 4119 de
2158 4081 2216 4120 ea
2254 4067 2404 4122 canit
2433 4084 2446 4125 :

1058 4217 1285 4290 Sit-(mur
1318 4223 1537 4286 populos
1576 4221 1745 4275 Nonis
1782 4223 1883 4275 sibi
1920 4226 2096 4276 subdit
2127 4227 2357 4290 Agat/trs

1071 4286 1294 4358 l'trgmis
1322 4291 1511 4344 eximio
1544 4295 1705 4345 tirlus
1740 4294 2001 4347 celebrata
2037 4286 2239 4349 decore.

302 4442 564 4497 Eu-mlcm
602 4441 844 4499 referunt
875 4443 977 4499 hoc
1005 4444 1091 4498 die
1123 4442 1435 4500 Graecorum
1474 4446 1692 4509 Merum,
1744 4447 2121 4522 Menologium,
2166 4451 2572 4521 Attthologiunt.
