4218 6482
214 413 347 478 1341

1283 427 1459 487 νιΤΑ
1500 430 1557 487 S.
1602 430 1929 492 AGA’I‘HE
1974 433 2349 496 VlllGlN‘lS.

3341 447 3484 513 1342

209 550 335 604 pou,
374 527 501 585 ὅθεν
527 530 732 598 μᾶλλον
778 531 988 600 ὤςςελον
1039 534 1203 598 αἰδὼς
1258 536 1542 604 γενέσθαι,
1578 543 1809 606 ἀναιδῶς

1918 555 1974 599 ιιι
1999 562 2187 601 curam
2223 547 2598 619 medelamque
2632 554 2847 622 corpori
2883 570 3003 612 meo
3034 556 3344 613 adhiberes.
3369 557 3505 612 illud

210 623 663 692 ἀπογυμνώσασα
708 627 775 678 τὰ
819 625 952 692 ἕλκη
1006 642 1148 694 μου·
1208 627 1290 681 διὸ
1341 629 1656 701 εὐχαριστῶ
1701 649 1807 697 σοι,

212 712 399 781 Πάτερ
426 713 595 781 τίμιε,
624 717 707 769 δτι
752 718 1105 786 κατηξίωσας
1133 720 1310 775 ἐλθεῖν
1341 722 1544 792 ταύτης
1572 725 1672 793 τῆς
1702 743 1809 779 σωο

213 806 456 873 ματικῆς
492 810 775 877 φροντίδος
806 814 902 866 καὶ
927 814 1227 885 θεραπείας
1252 835 1264 850 ·
1305 816 1396 870 ἔσο
1420 818 1475 872 δὲ
1501 819 1807 886 γινώσκων,

207 897 292 949 ὅτι
324 898 578 969 οὐδαμῶς
603 901 680 972 τῷ
711 903 829 973 ἐμῷ
882 902 1094 971 σώματι
1154 908 1424 980 φάρμακα
1458 910 1563 963 ὑπὸ
1595 910 1808 983 ἀνθρὼ-

208 1004 332 1041 πων
357 994 884 1050 κατασκευασθέντα
931 998 1710 1071 προσαχθῶσιν.Ἀποκριθε“ις
1753 1003 1807 1055 δὲ

208 1080 240 1131 ό
267 1080 610 1153 πρεσϐευτὴς
632 1081 784 1138 εἶπεν
807 1088 943 1158 αὐτῇ
966 1105 980 1119 ·
1005 1091 1105 1142 Διά
1127 1089 1178 1144 τί
1195 1091 1295 1145 οὐκ
1324 1093 1416 1163 ἐᾷς
1442 1111 1509 1162 με
1532 1093 1813 1164 ἰατρεῦσαέ

212 1187 311 1226 σε;
363 1175 426 1226 Ἡ
452 1175 584 1241 ἀϊία
631 1177 840 1249 ’Λγάθη
889 1176 1046 1233 εἶπεν
1072 1199 1083 1211 ·
1118 1182 1264 1253 Ἐχω
1299 1184 1390 1237 τὸν
1446 1184 1652 1254 Κύριόν
1683 1206 1805 1258 μου,

223 1263 434 1333 Ἰησοῦν
494 1269 752 1336 Χριστὸν,
810 1271 869 1336 ὃς
918 1272 997 1344 τῷ
1034 1274 1263 1345 νεύματι
1318 1277 1489 1332 αὐτοῦ
1542 1281 1688 1334 ἰᾶται
1743 1282 1815 1335 τὰ

210 1356 421 1409 stium“
450 1362 545 1412 καὶ
574 1361 655 1430 τῷ
685 1363 827 1433 λόγῳ
863 1365 1032 1419 αὐτοῦ
1063 1369 1255 1439 ἀνιστᾷ
1291 1374 1797 1443 κατερραγμένους·

212 1450 400 1512 αὐτὸς,
437 1453 531 1505 ἐὰν
557 1453 709 1526 θέλῃ,
743 1457 967 1512 δύναται
993 1459 1168 1515 σῶσαι
1198 1463 1292 1515 καὶ
1318 1464 1419 1534 ἐμὲ
1443 1464 1542 1535 τὴν
1582 1466 1808 1532 ἀναξίαν

209 1542 413 1613 δούλην
460 1547 647 1601 αὑτοῦ.
705 1550 839 1604 Τότε
904 1554 1337 1623 προσμειδιάσας
1403 1558 1809 1631 δπρεσσευτὴς

1918 646 2100 693 tamen
2130 640 2276 693 scias
2304 640 2488 706 velim,
2517 643 2661 697 nulla
2702 661 2938 714 unquam
2984 651 3199 705 ratione
3224 666 3505 721 passuram

1919 744 2025 794 me,
2061 740 2117 782 ut
2158 733 2371 800 corpori
2408 748 2530 788 meo
2580 736 2978 799 admoveantur
3013 740 3290 795 hominum
3322 742 3507 796 studio

1918 832 2109 893 parata
2138 826 2557 881 medicamenta.
2591 826 2699 881 Cur
2729 831 2894 894 enim,
2935 832 3012 885 ait
3046 847 3233 898 senex,
3269 848 3354 889 me
3410 833 3507 888 tibi

1919 918 2120 970 mederi
2176 932 2282 971 non
2326 919 2571 987 pateris?
2600 920 2659 975 S.
2714 921 2925 989 Agatha
2972 924 3150 977 dixit:
3188 922 3368 979 llabeo
3400 925 3507 979 Do-

1912 1009 2116 1062 minum
2147 1025 2323 1064 meum
2357 1011 2540 1065 Jesnm
2566 1013 2869 1077 Christum,
2894 1016 2986 1084 qui
3026 1018 3140 1071 solo
3167 1028 3299 1071 uqu
3324 1020 3506 1071 omnia

1912 1113 2085 1164 curat,
2123 1114 2176 1157 et
2234 1112 2540 1173 prostratos
2603 1107 2769 1163 verbo
2827 1109 3006 1180 erigit.
3065 1108 3206 1178 Ipse,
3258 1111 3303 1164 si
3354 1110 3507 1173 velit,

1913 1194 2123 1261 poterit
2150 1210 2237 1250 me
2265 1211 2482 1266 quoque
2512 1199 2787 1268 indignam
2810 1197 3071 1255 famulam
3104 1217 3260 1254 suam
3286 1214 3503 1255 sanare.

1916 1286 2217 1346 Snbridens
2246 1293 2432 1346 senior
2450 1293 2586 1346 dixit
2612 1313 2625 1349 :
2663 1293 2724 1348 Et
2754 1311 2839 1349 me
2863 1296 2980 1364 ipse
3012 1297 3182 1352 misit.
3221 1295 3332 1366 Ege
3359 1297 3507 1349 enim

1914 1394 2034 1434 sum
2060 1379 2176 1448 eius
2210 1383 2511 1449 apostolus.
2543 1384 2740 1454 Aspice
2769 1395 2848 1449 te,
2879 1389 3338 1456 quemadmodum
3376 1403 3508 1455 pcr-

1916 1484 2108 1529 sanata
2143 1476 2234 1530 sis.
2275 1476 2485 1544 Quibus
2520 1480 2705 1546 dictis,
2740 1496 2771 1537 e
2803 1493 3106 1553 conspectu
3138 1482 3258 1554 ejus
3286 1492 3510 1555 repente

1924 1568 2224 1626 subductus
2248 1582 2350 1627 est.

213 1637 372 1746 sine»:
405 1646 542 1746 apt?)
569 1661 582 1675 ο
626 1647 786 1716 Κάμὲ
807 1649 970 1713 αὐτὸς
998 1651 1320 1707 ἀπέστειλεν
1344 1672 1357 1685 ·
1394 1652 1509 1723 ἐγὼ
1557 1656 1664 1727 γὰρ
1732 1658 2031 1729 ἀπόστολος
2057 1668 2222 1721 αὐτοῦ
2258 1671 2375 1741 ειμί
2400 1689 2412 1702 ·
2446 1672 2522 1725 [δε
2561 1670 2784 1740 ἑαυτὴν,
2816 1674 2893 1737 ὡς
2940 1674 3119 1746 ἱάθης.
3159 1675 3269 1730 Καὶ
3332 1672 3508 1729 ταῦτα

214 1740 391 1794 εἰπὼν
427 1743 664 1811 ἄφαντος
698 1745 919 1814 ἐγένετο
951 1749 1059 1801 ἀπὸ
1099 1750 1208 1803 τῶν
1240 1750 1537 1821 ὀφθαλμῶν
1576 1752 1770 1825 αὐτῆς.

217 1931 332 1986 στῶ
388 1950 490 1997 σοι,
540 1936 714 2006 Κύριε
772 1939 950 2008 Ἰησοῦ
1000 1943 1229 2012 Χριστε,
1263 1944 1347 1997 ὅτι
1386 1945 1667 2016 ἐμνήσθης
1705 1964 1807 2016 μου

215 2029 314 2080 καὶ
372 2028 698 2091 ἀπέστειλας
753 2032 891 2100 πρός
925 2050 992 2103 με
1046 2034 1139 2087 τὸν
1172 2036 1471 2089 ἀπόστολόν
1506 2053 1624 2099 σου,
1660 2038 1810 2101 ὅστις

221 2137 288 2187 με
332 2120 615 2190 ἐνίσχυσεν
647 2122 744 2177 καὶ
775 2124 1084 2179 ἀνενέωσεν
1147 2128 1217 2180 τὰ
1279 2128 1415 2199 μέλη
1449 2146 1572 2198 μου.
1631 2131 1719 2184 Ἐν
1752 2131 1808 2185 δὲ

214 2212 298 2282 τῷ
326 2213 617 2285 πληρῶσαι
673 2218 844 2287 αὐτὴν
899 2219 1001 2289 τὴν
1042 2220 1232 2289 εὐχὴν,
1268 2221 1450 2275 ἰδοῦσα
1486 2223 1546 2274 τὸ
1602 2224 1808 2293 ἑαυτῆς

220 2305 401 2373 σῶμα,
439 2302 562 2379 εὗρε
612 2308 1067 2379 τεθεραπευμένα
1124 2313 1192 2365 τε
1224 2312 1519 2383 τραύματα
1575 2316 1672 2368 κα)⁵
1718 2316 1809 2367 τὴν

218 2398 396 2467 μαζὸν
418 2399 617 2467 ἑαυτῆς
642 2401 1170 2458 ἀποκατασταθέντα
1189 2422 1203 2436 ·
1228 2409 1412 2460 πᾶσαν
1435 2408 1490 2460 δὲ
1522 2407 1620 2479 τὴν
1643 2408 1812 2462 νύκτα

216 2490 335 2553 ιεὼς
369 2494 648 2561 περιεῖχεν
680 2492 777 2565 τὴν
811 2496 1087 2563 φυλακὴν,
1143 2495 1283 2550 ὥστε
1337 2500 1448 2552 ἀπὸ
1482 2500 1577 2566 τῆς
1604 2499 1812 2570 ἐκλάμ-

213 2583 367 2650 ψεωις
427 2586 621 2652 φυγεῖν
680 2587 806 2650 τοὺς
864 2588 1137 2656 φύλακας,
1192 2592 1288 2645 καὶ
1334 2593 1395 2645 τὸ
1427 2593 1810 2663 δεσμωτήριον

217 2677 565 2745 ανειμγμένον
599 2680 943 2735 καταλιπεῖν.
982 2684 1046 2735 Ui
1076 2683 1133 2737 δὲ
1162 2684 1323 2747 ὄντες
1375 2688 1554 2739 ἐκεῖσε
1591 2686 1814 2740 καταδι-

218 2784 329 2831 κοι,
368 2768 694 2838 θεασάμενοι
718 2772 779 2824 τὸ
810 2774 1054 2840 γεγονὸς,
1084 2776 1302 2843 λέγουσι
1328 2780 1395 2847 τῇ
1427 2778 1558 2847 ἁγία
1581 2778 1809 2848 ’Λγαθτγ

235 2859 367 2911 ἰδοῦ
393 2861 448 2912 αἱ
489 2860 648 2931 θύραι
683 2864 1032 2934 ἀνεῳγμέναι
1059 2866 1222 2929 εἰσὶν,
1262 2868 1356 2921 καὶ
1390 2868 1564 2929 οὐδείς
1606 2873 1753 2922 ἐστιν
1785 2871 1813 2922 ὁ

220 2951 529 3019 φυλάττων,
556 2954 737 3019 ἔξελθε
770 2959 863 3010 καὶ
897 2957 1059 3025 φύγε.
1104 2959 1495 3031 Ἀποκριθεῖσα
1526 2962 1580 3013 δὲ
1614 2963 1647 3031 ἡ
1682 2962 1815 3029 ἁγία

232 3045 440 3116 ’Δγάοη
477 3044 633 3101 εἶπεν
666 3050 849 3114 αὐτοῖς
875 3066 886 3079 ·
913 3053 1006 3121 Μή
1042 3070 1135 3120 μοι
1158 3052 1393 3121 γένοιτο,
1433 3054 1518 3107 ἶνα
1550 3055 1663 3123 ἐγὼ
1693 3073 1816 3109 στε-

222 3133 375 3203 ρηθῶ
408 3134 503 3187 τοῦ
537 3139 801 3206 στεφάνου
842 3140 953 3193 τῶν
994 3142 1223 3211 ἀγώνων
1277 3162 1401 3213 μου,
1438 3147 1530 3199 καὶ
1569 3148 1694 3210 τοὺς
1725 3149 1812 3201 δε-

290 1838 387 1892 ΙΓ’.
422 1840 555 1894 Τότε
589 1843 860 1915 εὐχομένη
884 1848 916 1915 ἡ
943 1847 1078 1915 ἁγία
1119 1848 1320 1919 Ἀγὰθη
1350 1846 1527 1905 εἷπεψ
1558 1852 1799 1920 Εὑχαρι·

1977 1855 2113 1911 ΧΙΙΙ.
2145 1856 2280 1913 Τιιιιι
2305 1874 2433 1915 vero
2461 1871 2733 1929 pr03trata
2764 1864 2814 1915 in
2858 1877 3047 1931 preces
3069 1864 3279 1933 Agatha
3319 1881 3335 1917 ι
3363 1864 3504 1920 Gra-

1919 1950 2022 2003 tias
2061 1951 2155 2004 tibi
2194 1966 2317 2020 ago,
2342 1951 2784 2020 inquit,Domine
2803 1955 2927 2009 .Iesu
2952 1955 3192 2020 Christe,
3221 1958 3365 2024 quod
3401 1957 3505 2011 nn-i

1916 2042 2082 2096 fueris
2105 2051 2440 2111 recordatus,
2485 2050 2808 2119 miserisque
2842 2053 3153 2118 apostolum
3213 2060 3383 2111 tuttm,
3411 2052 3505 2119 qui

1916 2150 2002 2190 me
2041 2138 2407 2205 coniirtnavit,
2457 2150 2511 2194 et
2545 2145 2786 2195 membra
2830 2158 2946 2195 mea
3000 2143 3295 2210 reparavit.
3341 2145 3510 2197 Abso-

1918 2229 2027 2281 luta
2104 2233 2441 2298 precatione,
2503 2234 2781 2287 conversis
2845 2236 2910 2287 ad
2962 2250 3159 2303 corpus
3206 2234 3405 2299 oculis,
3446 2245 3501 2289 ct

1917 2320 2137 2374 vulnera
2162 2335 2375 2388 sanata,
2397 2332 2451 2379 et
2471 2326 2773 2380 restitutam
2802 2327 3095 2380 mamillam
3119 2327 3502 2398 deprehendit.

1918 2413 2049 2468 Tuta
2094 2432 2225 2470 vero
2285 2428 2446 2474 nocte
2497 2436 2589 2489 per
2627 2435 2904 2476 carcerem
2946 2421 3032 2474 lux
3068 2420 3420 2489 resplenduit,
3449 2428 3508 2474 ut

1916 2504 2125 2577 fulgore
2149 2509 2322 2563 territi
2348 2514 2605 2566 custodes
2649 2512 2992 2580 aufugerunt.
3018 2523 3070 2566 et
3105 2514 3346 2568 carceris
3364 2513 3509 2568 fores

1920 2610 2136 2667 apertas
2167 2602 2563 2671 relinquerent.
2600 2603 2700 2671 Qui
2727 2620 2857 2659 vero
2890 2606 3048 2659 isthic
3069 2616 3228 2659 erant
3251 2605 3351 2670 rei,
3383 2622 3507 2658 cuin

1918 2695 2065 2762 quod
2105 2706 2363 2749 evenerat
2395 2698 2679 2762 vidissent,
2705 2698 2894 2751 dicunt
2920 2696 2976 2750 S.
3001 2696 3189 2767 Agaue
3217 2713 3234 2755 :
3264 2695 3339 2749 En
3367 2700 3510 2752 tores

1918 2796 2124 2856 patent,
2155 2802 2329 2857 neque
2363 2805 2458 2844 eas
2487 2789 2776 2860 quisquam
2805 2791 3060 2843 observat
3086 2806 3099 2852 ;
3126 2790 3212 2842 exi
3244 2800 3299 2843 et
3325 2788 3507 2857 lugam

1920 2880 2122 2947 arripe.
2181 2881 2359 2945 Absit,
2428 2882 2601 2949 inquit
2658 2882 2901 2950 Agatha,
2962 2892 3019 2935 ut
3074 2896 3275 2935 corona
3329 2882 3513 2951 privcr

1920 2988 2164 3027 meorum
2196 2975 2580 3039 certaminum,
2613 2985 2666 3029 et
2698 2974 2936 3029 cari-eris
2969 2975 3225 3028 custodes
3276 2977 3327 3028 in
3367 2976 3513 3041 peri-

1919 3068 2100 3121 eulum
2128 3068 2416 3123 adducam.
2454 3067 2775 3135 Adjutorem
2803 3068 2947 3122 enim
2983 3068 3191 3123 habens
3220 3066 3504 3120 Dominum

1921 3172 2100 3211 meum
2151 3161 2205 3212 et
2250 3159 2413 3212 Deum
2467 3157 2652 3212 Jesum
2692 3158 2971 3213 Christum
2999 3158 3193 3211 Fiiiuni
3231 3157 3324 3211 Dei
3379 3158 3507 3220 vivi,

222 3228 580 3295 σμοιρύλακας
633 3234 713 3295 εἰς
760 3234 1005 3287 κίνδυνον
1061 3238 1416 3306 περιϐαλλωο
1471 3241 1672 3307 ἔχουσα
1700 3243 1810 3313 γὰρ

1926 3258 2095 3311 usque
2151 3245 2218 3299 ad
2252 3246 2412 3300 finem
2441 3247 2698 3316 perstabo
2770 3249 2822 3302 in
2880 3246 3226 3303 confessione
3247 3249 3385 3317 ejus,
3416 3216 3507 3319 qui

223 3319 421 3387 βοηθὸν
459 3322 549 3372 τὸν
588 3322 793 3391 Κύριον
833 3342 937 3392 μου
991 3328 1083 3379 καὶ
1138 3326 1273 3381 Θεὸν
1320 3328 1528 3397 Ἰησοῦν
1549 3331 1810 3400 Χριστὸν,

1928 3350 2012 3387 me
2042 3336 2256 3390 sanavit
2283 3338 2702 3408 consolatusque
2735 3350 2837 3395 est.

218 3414 314 3464 τὸν
342 3416 464 3467 Υἱὸν
485 3416 577 3469 τοῦ
610 3417 745 3471 Θεοῦ
770 3419 863 3473 τοῦ
888 3420 1109 3488 ζῶντος,
1148 3423 1313 3496 μέχρι
1381 3426 1566 3491 τέλους
1627 3429 1870 3499 διαμενῶ
1915 3432 1973 3483 ἐν
2029 3436 2097 3504 τῇ
2139 3432 2528 3505 ἐξομολογήσει
2592 3435 2759 3488 αὑτοῦ
2823 3435 2918 3490 τοῦ
2956 3436 3253 3511 ἱασαμένου
3316 3452 3385 3509 ιιι
3413 3433 3507 3490 καὶ

219 3509 793 3581 παραμυθησαμένου.

1676 3681 1853 3737 CAl'l'.
1870 3682 1905 3735 Τ
1936 3682 2021 3738 ιν.

640 3820 902 3876 Ultimum
926 3822 984 3877 S.
1013 3824 1234 3894 Agatho:
1269 3835 1531 3880 certamen
1559 3871 1574 3892 ,
1611 3843 1753 3882 mors
1781 3830 1917 3898 ejus,
1954 3829 2265 3899 actyraimi.
2301 3828 2507 3885 Catana
2542 3839 2747 3883 servata
2778 3829 2926 3883 illius
2953 3845 3068 3898 ope.

296 3964 391 4017 ω’.
425 3964 581 4017 Μετὰ
611 3962 666 4015 δὲ
694 3962 963 4031 τετάρτην
1003 3964 1216 4034 ἡμέραν
1258 3964 1474 4019 κελεύει
1506 3969 1532 4019 ὁ
1568 3969 1805 4021 Κυντια-

220 4058 311 4118 νὸς
328 4056 560 4125 ἀχθῆναι
588 4054 758 4123 αὐτὴν
786 4056 844 4105 ὲν
870 4054 946 4123 τῷ
966 4054 1329 4126 δικαστηρίῳ,
1357 4061 1453 4109 καὶ
1478 4060 1624 4126 λέγει
1644 4062 1803 4130 αὖτῇ·

221 4147 403 4215 Μέχρι
435 4147 575 4206 τινος
599 4146 859 4214 ἐμμένεις
878 4147 1267 4218 ἐναντιουμένη
1286 4152 1397 4212 τοῖς
1420 4151 1811 4221 προστάγμασι

221 4239 332 4292 τῶν
365 4240 818 4307 αὑτοκρατόρωνς
855 4239 887 4308 ἦ
927 4239 1089 4292 θῦσον
1150 4242 1261 4302 τοῖς
1298 4240 1481 4303 θεοῖς,
1514 4244 1543 4311 ἢ
1578 4243 1812 4295 δεινοτέ-

223 4352 345 4403 ραις
408 4332 662 4402 βασάνοις
712 4333 1107 4403 τιμωρήσομαί
1143 4350 1225 4387 σε.
1267 4332 1327 4386 'H
1359 4335 1415 4387 δὲ
1450 4336 1574 4388 ὁσία
1623 4332 1809 4389 εἶπεν·

222 4428 413 4481 Πάντα
433 4430 496 4478 τα
526 4427 748 4496 ῥήματά
776 4443 870 4478 σου
912 4426 1139 4495 μάταια,
1173 4428 1241 4479 τά
1272 4428 1327 4480 δὲ
1380 4428 1682 4498 πράγματά
1716 4446 1810 4481 σου

221 4518 517 4589 παράνομα
536 4520 631 4570 καὶ
658 4519 766 4570 τῶν
804 4516 1095 4587 βασιλέων,
1138 4518 1299 4572 ἅτινα
1348 4521 1444 4573 καὶ
1479 4522 1643 4575 αύτδν
1673 4523 1812 4593 ἀέρα

225 4611 569 4683 μολύνουσιν.
618 4610 803 4676 Ὅθεν,
831 4612 1147 4685 ταλαίπωρε
1176 4616 1268 4665 καὶ
1320 4614 1635 4682 ἀναίσθητε,
1687 4618 1808 4670 εἱπὲ

1991 3968 2134 4025 XIV.
2175 3970 2582 4042 Pnstqnartum
2618 3987 2747 4026 vero
2776 3972 2914 4026 diem
2955 3974 3069 4027 sisti
3105 3973 3246 4027 illam
3288 3989 3386 4043 pro
3413 3982 3511 4029 trt-

1914 4062 2093 4117 bunali
2149 4064 2389 4132 pl'tEt’iltil
2443 4062 2787 4128 Quintianus,
2829 4066 3010 4131 aitque
3072 4064 3171 4117 illi.
3208 4064 3506 4134 Quousque

1919 4156 2133 4209 tandem
2166 4152 2556 4223 imperatorum
2590 4155 2784 4208 edit-tis
2813 4154 3236 4209 adversalieris?
3277 4154 3357 4208 vel
3406 4157 3509 4209 diis

1921 4246 2193 4308 sacrifiea,
2228 4248 2309 4299 vel
2354 4255 2405 4301 te
2444 4247 2786 4316 gravioribus
2818 4247 3103 4322 tormentis
3156 4248 3507 4302 excruciabit.

1923 4336 2122 4392 Sancta
2157 4340 2437 4408 respondit
2469 4356 2481 4391 :
2514 4336 2683 4391 Verba
2714 4350 2799 4391 tua
2829 4338 3009 4391 omnia
3035 4354 3168 4392 vana
3194 4347 3350 4405 sunt;
3388 4354 3508 4393 acta

1922 4444 2048 4481 vero
2084 4438 2137 4482 et
2170 4438 2257 4482 tua
2294 4437 2349 4481 et
2385 4430 2772 4497 imperatorum
2801 4429 3006 4496 iniqua,
3038 4444 3158 4497 qua:
3196 4432 3276 4482 vel
3326 4444 3509 4483 acrem

1921 4521 2093 4589 ipsum
2132 4522 2432 4590 inquinent.
2458 4522 2846 4587 Quamobrem,
2885 4524 3051 4575 miser
3084 4531 3137 4575 et
3170 4522 3319 4576 nullo
3343 4537 3509 4577 sensu

1922 4613 2168 4683 prtedite,
2212 4612 2299 4666 dic
2348 4611 2506 4676 mihi,
2544 4612 2667 4682 quis
2718 4611 2924 4681 lapides
2976 4623 3029 4668 et
3097 4614 3262 4682 ligna,
3311 4614 3516 4681 quibus

222 4723 340 4775 μοι,
368 4705 448 4766 τίς
477 4704 621 4756 θέλει
649 4704 877 4774 βοηθοὺς
917 4706 1296 4760 ἐπικαλεῖσθαι
1327 4707 1507 4771 λίθους
1538 4710 1806 4775 καὶξύλα,

1918 4706 2096 4759 nullus
2113 4715 2198 4759 est
2225 4719 2443 4767 sensus,
2470 4718 2626 4773 opem
2664 4706 2850 4773 roget?
2881 4704 3067 4759 Viden‘
3093 4721 3191 4775 pro
3223 4721 3309 4771 ea,
3342 4722 3505 4774 quam

219 4793 302 4860 οἷς
334 4799 434 4850 οὐκ
458 4798 602 4849 ἔστιν
633 4798 887 4865 αῑσθησις
910 4814 923 4862 ;
949 4799 1132 4852 Βλέπε
1157 4793 1330 4870 οὗπερ
1363 4800 1528 4864 αὐτὸς
1553 4802 1819 4869 ἐξέκυψας

225 4890 425 4960 μαζοῦ,
453 4890 861 4960 ἀνεϐλάστησεν
896 4890 1084 4961 ἕτερος
1116 4893 1233 4946 ἀντ’
1258 4893 1451 4959 αὑτοῦ,
1485 4897 1551 4965 τῇ
1583 4894 1817 4964 δυνάμει

218 4984 319 5039 τοῦ
354 4983 556 5055 Κυρίου
585 5002 687 5053 μου
729 4983 907 5053 Ἰησοῦ
940 4985 1235 5054 Χριστοῦ,η
1254 4986 1553 5056 Ἐμμιινεὶς
1576 4988 1634 5039 δὲ
1662 4988 1816 5055 γενό-

227 5090 389 5146 μενος
414 5075 438 5125 δ
461 5074 759 5137 Κυντιανὸς
789 5069 976 5127 εἶπεν*
1012 5076 1179 5129 Πάλιν
1214 5076 1278 5128 σὺ
1308 5078 1401 5129 τὸν
1430 5078 1665 5149 Χριστὸν
1696 5079 1814 5131 ὀνο·

230 5174 449 5240 μάςεις,
478 5172 535 5224 δν
569 5172 679 5238 ἐγὼ
698 5169 927 5223 ἀκοῦσαι
959 5169 1020 5223 ού
1046 5168 1186 5223 θέλω
1210 5187 1225 5236 ;
1276 5171 1485 5239 Ἀγάθη
1519 5166 1677 5224 εἶπεν
1696 5188 1710 5202 ·
1736 5171 1811 5226 Οὐ

226 5265 514 5331 παύσομαι
550 5263 659 5331 ἐγὼ
678 5262 991 5332 καλουμένη
1018 5264 1128 5325 τοῖς
1159 5263 1363 5333 χείλεσι
1386 5263 1481 5314 καὶ
1508 5265 1573 5334 τῇ
1608 5262 1809 5335 καρδία

224 5358 509 5425 δοξολογοῦ
518 5375 606 5410 σα.

301 5451 393 5507 ΙΕ’.
430 5453 728 5513 Κυντιανος
785 5444 967 5502 εἶπεν·
1028 5451 1187 5520 ’Δρτι
1248 5447 1532 5519 γνώσομαι
1594 5447 1726 5518 εγὼ,
1760 5450 1810 5500 ει

229 5543 396 5605 σῴζει
420 5560 479 5596 σε
508 5546 536 5596 ὁ
564 5542 815 5614 Χριστός.
833 5541 1149 5595 Ἐκέλευσεν
1189 5542 1434 5613 ὄστρακα
1462 5542 1613 5609 ὀξεῖα
1636 5559 1811 5611 στρω⁹

227 5637 415 5705 θῆναι,
440 5636 717 5707 ἄνθρακας
759 5635 814 5689 δὲ
859 5635 1032 5705 πυρὸς
1054 5634 1422 5707 ἐμϐληθῆναι,
1455 5638 1551 5690 καὶ
1588 5636 1813 5706 ῥιφῆναι

230 5729 402 5800 αὐτὴν
442 5730 497 5782 ἰν
519 5730 627 5792 τοῖς
665 5728 912 5801 ἄνθραξι.
952 5728 1168 5782 Τούτων
1207 5728 1264 5782 δὲ
1301 5728 1443 5782 οῦτω
1489 5729 1809 5799 γινομένων,

229 5826 388 5890 ἄφνω
420 5825 447 5876 ὁ
481 5823 640 5885 τόπος
668 5824 875 5885 ἐκεῖνος
901 5822 1141 5893 ἐσείσθη,
1177 5822 1272 5876 καὶ
1310 5825 1475 5891 μέρος
1500 5824 1579 5887 εἰς
1612 5821 1668 5874 τὸ
1692 5820 1813 5873 ἔδα-

232 5935 329 5981 ιςος
373 5917 538 5970 -τεσδν
568 5917 826 5971 κατέλαϐε
856 5917 946 5970 τ⁵ρν
989 5916 1265 5987 σύμπονον
1290 5916 1382 5970 τοῦ
1411 5915 1667 5988 ἄρχοντος
1693 5915 1813 5971 ὸνότ

1924 4799 2053 4853 mihi
2080 4798 2399 4860 pracidisti,
2433 4798 2696 4861 mamilla,
2729 4798 2889 4851 aliain
2918 4801 3281 4863 succrevisse,
3308 4800 3511 4853 virtute

1925 4887 2136 4941 Domini
2169 4888 2272 4942 mei
2298 4886 2425 4941 .lesu
2458 4887 2661 4942 Christi
2687 4887 2709 4940 ?
2733 4889 2943 4942 Insania
2979 4890 3219 4957 percitus
3260 4890 3510 4956 Quintia.

1922 5000 2023 5038 nus
2053 4984 2319 5039 exclamat
2347 5003 2358 5035 :
2398 4986 2532 5051 Quis
2576 4996 2627 5039 te
2656 4988 2868 5040 curavit
2891 4987 2913 5039 ?
2935 4989 3146 5056 Agatha
3177 4989 3449 5055 respondit
3488 5005 3506 5041 :

1919 5076 2078 5131 .lesns
2110 5075 2383 5143 Christus,
2421 5078 2593 5133 Filius
2636 5079 2727 5134 Dei
2769 5080 2895 5133 vivi.
2952 5080 3283 5146 Quintianus
3319 5081 3450 5135 dixit
3490 5100 3503 5135 :

1924 5167 2196 5223 Iterumne
2216 5168 2494 5224 ChriSluut
2529 5170 2769 5239 appellas
2802 5212 2816 5235 ,
2849 5171 3005 5237 cujus
3046 5187 3145 5242 ego
3183 5187 3251 5226 ne
3316 5172 3507 5226 audire

1915 5262 2132 5331 quidem
2185 5276 2384 5317 no:ucn
2434 5262 2833 5329 volo?Agatha
2890 5262 3072 5317 dixit:
3114 5263 3227 5317 Non
3279 5262 3514 5318 cessabo

1914 5370 2040 5409 eum
2083 5364 2131 5408 et
2170 5354 2439 5422 appellare
2465 5353 2621 5408 labiis
2647 5363 2703 5409 et
2731 5354 2895 5408 corde
2926 5354 3225 5408 celebrare.

1990 5446 2104 5501 XV.
2130 5447 2454 5512 Quintianus
2475 5446 2611 5502 dixit
2645 5464 2657 5501 :
2693 5445 2844 5501 Nunc
2861 5462 3181 5517 cognoscam
3209 5461 3331 5515 ego,
3365 5460 3431 5499 an
3454 5454 3514 5500 te

1920 5541 2112 5595 liberet
2173 5538 2465 5603 Christus;
2508 5548 2801 5606 acutasque
2851 5538 3099 5608 protinus
3154 5550 3322 5593 testas
3356 5539 3509 5591 humi

1918 5633 2085 5689 sterni
2107 5631 2290 5700 jussit,
2323 5642 2378 5687 et
2404 5633 2601 5702 ignitus
2639 5635 2907 5688 carbones
2961 5630 3309 5701 interspergi,
3340 5630 3508 5699 inque

1925 5728 2039 5779 lmc
2072 5725 2425 5795 eainprojici.
2458 5723 2611 5791 Quod
2658 5725 2787 5779 dum
2844 5725 3017 5790 ﬁeret,
3072 5735 3299 5792 repente
3355 5725 3507 5778 locus

1926 5818 2199 5873 illeterrac
2230 5828 2377 5873 metu
2428 5831 2727 5873 concussus
2779 5824 2883 5882 est,
2942 5832 3175 5888 parsque
3220 5817 3271 5870 in
3330 5814 3508 5870 solum

1927 5909 2521 5984 prolapsa,adjutoreut
2555 5908 2823 5982 prmsidis,
2848 5909 3063 5968 nomine
3097 5906 3375 5964 Silvanum
3406 5920 3497 5975 0p-
