4218 6482
178 444 327 508 1353

1417 439 1594 499 ΥἰΤΑ
1638 436 1694 495 S.
1729 432 2112 495 PARTHENI
2132 435 2175 495 i.

3304 430 3445 497 1354

177 560 280 611 οὐκ
312 558 541 623 ἐνέγκας
575 556 634 608 τὸ
665 554 771 624 πῦρ
812 554 905 607 τοῦ
942 555 1082 608 κατὰ
1124 552 1255 605 Θεὸν
1288 553 1452 622 ζήλου
1486 551 1579 604 τοῦ
1613 551 1767 619 ἁγίου
1798 552 1843 611 Λ

1798 552 1849 611 Λ
1877 549 1997 612 viri,
2028 548 2367 603 conturbatis
2412 548 2603 610 bobus,
2656 548 2854 611 eil'ecit,
2896 557 2952 600 ut
3008 548 3041 601 ii
3088 556 3308 617 repente
3345 548 3448 601 int-

182 651 399 720 ἀνδρὸς,
438 648 767 718 ειαταράξας
812 647 938 709 τοὺς
975 647 1103 713 βόας
1134 644 1418 715 αἰφνιδίως
1461 644 1603 714 ὁρμῇ
1637 646 1772 697 ἀκα‹

182 743 457 812 τασχέτῳ,
493 742 685 793 ὕπτιον
722 740 947 809 ἔρριψεν
984 741 1063 802 είς
1110 737 1207 808 τὴν
1254 737 1360 806 γῆν
1406 735 1499 788 τὸν
1545 736 1773 789 ἕλκοντα

183 838 308 899 τοὺς
365 834 518 903 βόας,
553 835 779 903 ὀνόματι
824 832 1181 901 Εὐτυχιανὸν,
1212 832 1271 883 ὃν
1324 829 1773 899 ὑπολαϐομένηὴ

187 929 395 999 ἅμαξα,
428 930 608 980 πᾶσαν
655 928 753 994 τὴν
811 926 917 977 τῶν
965 926 1292 994 σπλάγχνων
1326 922 1489 976 αὑτοῦ
1525 922 1776 993 διέρρηξε

189 1024 279 1074 δια
306 1020 402 1074 τοῦ
430 1020 624 1090 τροχοῦ
664 1019 1001 1085 οἰκονομίαν.
1038 1017 1239 1071 Μαθὼν
1287 1012 1379 1070 οῦν
1410 1017 1469 1068 τὸ
1495 1015 1720 1083 γεγονὸς
1750 1017 1777 1063 ὁ

190 1116 374 1177 δοῦλος
421 1115 516 1166 τοῦ
573 1113 810 1182 Χριστοῦ
846 1108 1033 1164 εἶπεν·
1084 1112 1257 1164 Τοῦτο
1302 1111 1573 1176 Σατανικὴ
1611 1108 1779 1161 κακία

193 1208 518 1274 πεποίηκεν.
579 1206 693 1257 υίικ
750 1204 1065 1273 ἐμποδίσεις
1111 1205 1168 1254 ἐν
1211 1202 1409 1272 τούτῳ,
1439 1200 1687 1260 διὲϐολε,
1718 1198 1780 1251 τὸ

194 1299 355 1366 ἔργον
383 1298 474 1350 τοῦ
514 1296 669 1359 Θεοῦ,
692 1299 785 1349 καὶ
804 1295 1138 1365 παραλαϐὼν
1165 1296 1289 1357 τοὺς
1324 1296 1484 1357 ὄντας
1517 1293 1611 1346 σὺν
1636 1292 1782 1360 αὑτῷ

196 1392 403 1460 ἀνδρας
465 1391 761 1453 θεοσεϐεῖς,
815 1388 1158 1458 κατέδραμεν
1193 1391 1284 1441 ἐπὶ
1330 1388 1420 1441 τὸν
1465 1388 1651 1451 τόπον,
1690 1389 1782 1440 καὶ

197 1484 429 1551 πλησίον
460 1483 551 1535 τοῦ
587 1484 879 1553 πτώματος
931 1481 1118 1544 κλίνας
1158 1482 1224 1533 τὰ
1269 1481 1470 1549 γόνατα
1518 1481 1656 1550 μετά
1685 1482 1781 1533 δαο

196 1574 383 1645 κρυων
437 1575 785 1644 προσηύξατο
834 1576 1068 1637 ἐκτενῶς
1104 1575 1240 1643 πρὸς
1272 1574 1363 1625 τὸν
1407 1573 1539 1627 Θεὸν
1574 1573 1745 1640 λέγων
1769 1578 1783 1602 ‘

198 1670 272 1721 ΣΞ)
304 1671 555 1722 Δέσποτα
587 1667 783 1729 ὁΘεὸς,
819 1668 847 1719 ὁ
884 1667 1024 1737 ζωῆς
1048 1668 1143 1720 καὶ
1175 1667 1406 1720 θανάτου
1438 1666 1661 1737 Κύριος,
1691 1666 1790 1719 οὑκ

198 1764 442 1828 ἀγνοεῖς,
475 1761 541 1813 δι’
592 1761 659 1831 ἣν
699 1761 879 1812 αἰτίαν
917 1761 944 1811 ὀ
996 1760 1305 1830 ἀρχέκακος
1338 1758 1531 1828 ἐχθρὸς
1564 1758 1791 1811 θάνατον

202 1856 285 1909 εἰς
318 1856 378 1906 τὸ
406 1854 497 1906 σον
530 1854 778 1921 πλάσμα,
808 1851 921 1906 ἀλλ’
954 1852 1029 1913 ὡς
1076 1851 1305 1903 πάντοτε
1336 1853 1430 1903 καὶ
1474 1850 1569 1903 νῦν
1616 1849 1788 1915 δεῖξον

202 1941 371 1996 αὺτοῦ
411 1943 648 2011 ματαίαν
678 1943 776 2012 τὴν
826 1941 1191 2010 ἐπιχείρησιν,
1256 1940 1401 2009 ζωῆς
1450 1940 1505 1993 δὲ
1561 1941 1787 2009 μέτοχον

204 2035 297 2084 τδν
333 2035 424 2086 σὸν
477 2035 665 2088 δοῦλον
705 2033 966 2102 Εὑτύχιον
1028 2033 1275 2102 ποίησον,
1338 2033 1515 2096 δείξας
1566 2034 1675 2094 τοῖς
1709 2034 1787 2094 εις

208 2126 268 2177 σὲ
311 2128 659 2179 πιστεύουσιν
689 2128 785 2195 τὴν
812 2126 1067 2196 ἀνίκητόν
1096 2143 1189 2177 σου
1220 2125 1449 2193 δύναμιν
1472 2142 1486 2155 ο
1516 2124 1672 2177 ἔτιδὲ
1698 2124 1789 2191 τοῦ

204 2220 419 2270 είκαίου
445 2220 544 2277 τὴν
572 2218 735 2287 εὐχὴν
766 2218 840 2287 τῷ
867 2217 983 2287 Θεῷ
1009 2218 1445 2285 ἀναπέμποντος,
1483 2217 1541 2268 τὸ
1578 2215 1795 2285 πνεῦμα

205 2309 302 2360 τοῦ
340 2308 660 2379 τεθνηκότος
692 2310 995 2379 ἐπέστρεψε
1026 2309 1160 2379 πρὸς
1190 2308 1251 2360 τὸ
1283 2309 1441 2377 σῶμα
1459 2307 1550 2360 τοῦ
1577 2307 1790 2376 ἀνθρώ-ν

207 2420 313 2455 που
367 2404 590 2471 smn-sem
642 2403 843 2465 παντὸς
893 2402 986 2454 τοῦ
1020 2401 1147 2454 λαοῦ
1199 2401 1482 2468 λέγοντος·
1519 2401 1654 2465 Δόξα
1688 2418 1795 2465 σοι,

220 2495 397 2564 Ἰησοῦ
426 2496 651 2566 Χριστέ,
693 2499 719 2549 ὁ
760 2498 986 2566 νεκροὺς
1026 2493 1292 2547 ἀνιστῶν·
1338 2499 1434 2547 καὶ
1467 2495 1796 2565 ἐπιλαϐόμεο

208 2609 300 2652 νος
333 2594 457 2653 τους
495 2591 623 2659 βόας
654 2585 804 2642 εἷλκε
858 2590 956 2658 τὴν
990 2587 1210 2656 ἅμαξαν
1245 2587 1348 2649 ἐως
1376 2586 1469 2639 τοῦ
1512 2588 1659 2639 οἴκου
1700 2589 1796 2657 τῆς

209 2684 379 2749 ἀγίας
413 2683 730 2752 ἐκκλησίας.

1876 649 2025 709 peto,
2054 640 2145 710 qui
2179 640 2421 694 cohiberi
2452 656 2554 695 non
2591 648 2822 710 poterat,
2852 640 3085 706 incitati,
3112 642 3362 711 supinum
3401 645 3452 696 in

1878 744 2076 787 terram
2112 733 2439 801 projeceriut
2461 748 2605 794 eum,
2629 733 2719 800 qui
2748 734 2997 788 trahebat
3028 736 3211 797 boves,
3238 738 3458 790 nomine

1879 823 2315 895 Eutychianum;
2355 839 2517 894 quem
2561 825 2839 891 excipiens
2892 840 3109 889 currus,
3146 841 3240 893 per
3285 838 3452 879 totam

1880 918 2132 987 perfregit
2161 935 2374 972 onmem
2410 920 2677 973 viscerum
2706 917 2821 983 ejus
2879 935 3222 989 compagem.
3265 921 3456 987 sicque

1885 1013 1928 1064 is
1949 1012 2266 1081 exspiravit.
2288 1013 2423 1067 Cum
2449 1023 2629 1065 autem
2660 1013 2958 1079 accepisset
2988 1014 3127 1078 quod
3162 1014 3456 1073 acciderat,

1885 1119 2077 1158 servus
2111 1104 2201 1157 Dei
2231 1103 2576 1168 Parthenius,
2620 1104 2795 1157 dixit:
2839 1103 2950 1155 Iloe
2996 1105 3251 1157 Satanica
3306 1107 3464 1170 plane

1887 1200 2015 1255 fecit
2049 1199 2280 1253 malitia.
2328 1195 2443 1251 Non
2481 1196 2743 1265 impedics
2797 1198 2847 1249 in
2900 1196 3020 1257 hoc,
3051 1196 3291 1259 diabole,
3321 1213 3461 1265 Opus

1888 1296 2003 1356 Dei,
2030 1307 2082 1347 et
2109 1293 2291 1345 statim
2322 1306 2605 1346 assumens
2639 1307 2819 1344 secum
2856 1294 2969 1358 pios
3014 1292 3181 1352 viros,
3213 1292 3302 1359 qui
3339 1310 3458 1346 cum

1888 1389 2005 1456 ipso
2063 1402 2238 1449 erant,
2264 1385 2507 1440 cucurrit
2561 1386 2627 1437 ad
2660 1383 2835 1436 locum
2871 1401 2882 1433 :
2920 1394 2972 1438 et
2999 1396 3149 1439 stans
3173 1400 3341 1454 prope
3371 1402 3465 1439 ca-

1890 1482 2075 1541 daver,
2109 1488 2368 1533 etsancta
2401 1494 2497 1531 sua
2528 1477 2800 1532 inclinans
2832 1492 3029 1547 genua,
3061 1494 3183 1533 cum
3210 1480 3466 1546 lacrymis

1895 1577 2103 1629 inteuse
2162 1576 2336 1627 oravit
2408 1574 2473 1625 ad
2530 1571 2720 1635 Deum,
2778 1570 3148 1633 dicens:Tu.
3215 1572 3462 1629 Domine.

1891 1670 2240 1737 omnipotens
2268 1665 2642 1733 suppeditatur
2685 1664 2809 1717 vita:
2844 1675 2900 1717 et
2930 1666 3141 1728 mortis,
3182 1681 3286 1718 non
3322 1666 3465 1734 igno-

1895 1779 1981 1815 Ius
2036 1771 2254 1828 propter
2300 1773 2462 1827 quam
2498 1771 2716 1810 causam
2750 1767 2939 1811 auctor
2976 1759 3241 1811 malorum
3286 1759 3465 1812 initoi-

1895 1869 2010 1917 cus,
2042 1852 2386 1906 machinatus
2433 1858 2516 1904 est
2558 1859 2787 1902 mortem
2847 1851 2897 1902 iu
2935 1862 3082 1903 tuum
3127 1851 3467 1919 ﬁgmentum.

1901 1944 2030 2004 Sed,
2068 1958 2100 1996 ο
2135 1941 2544 2008 benignissime,
2579 1955 2722 1994 nunc
2752 1955 2965 2009 quoque
2996 1944 3219 1995 ostende
3257 1943 3473 1995 inanem

1898 2037 2016 2107 ejus
2052 2044 2305 2089 c0uatum
2342 2053 2353 2087 :
2391 2034 2511 2087 vita:
2571 2043 2752 2087 autem
2800 2036 3124 2102 participem
3187 2033 3273 2088 fac
3324 2044 3475 2086 tuam

1900 2144 2113 2183 servum
2143 2128 2560 2198 Eutychianum,
2594 2129 2889 2182 ostendens
2928 2129 3012 2193 iis,
3048 2130 3135 2194 qui
3174 2129 3225 2181 in
3273 2140 3324 2181 te
3356 2144 3479 2183 cre-

1901 2222 2051 2283 dunt,
2109 2221 2368 2273 invictam
2426 2231 2572 2272 tuam
2630 2220 2950 2287 potentiam.
2990 2220 3257 2285 Quoniam
3329 2230 3382 2274 tu
3420 2236 3480 2273 es

1902 2313 2047 2366 solus
2101 2311 2262 2377 Deus,
2292 2323 2347 2366 et
2409 2322 2460 2365 te
2501 2314 2652 2367 decet
2701 2313 2871 2380 gloria
2933 2313 2985 2366 in
3040 2314 3474 2367 smeula.Anicn.

1904 2403 2038 2458 Cum
2083 2413 2262 2458 autem
2318 2402 2396 2456 vir
2454 2404 2633 2472 justus
2667 2405 2774 2457 Deo
2818 2404 3087 2458 emisisset
3118 2404 3215 2459 has
3270 2419 3478 2476 preces,

1909 2512 2157 2553 reversus
2182 2507 2264 2551 est
2295 2497 2492 2550 mortui
2515 2498 2735 2565 spiritus
2769 2498 2820 2549 in
2841 2513 3036 2564 corpus
3057 2500 3197 2566 ejus,
3216 2510 3269 2552 et
3293 2500 3479 2565 erepit,

1906 2594 1995 2659 qui
2028 2589 2206 2643 fuerat
2257 2599 2524 2650 mortuus.
2560 2590 2743 2644 dicere
2796 2589 2847 2642 in
2903 2601 3193 2657 conspectu
3246 2591 3482 2645 universi

1908 2682 2089 2751 populi
2128 2698 2139 2731 :
2173 2680 2355 2734 Gloria
2401 2680 2518 2744 tibi,
2541 2680 2764 2736 Christe
2792 2680 2956 2745 Deus,
2990 2684 3079 2752 qui
3105 2685 3268 2737 etiam
3304 2684 3483 2737 susci-

216 2793 303 2833 tas
332 2789 609 2844 mortuos;
652 2790 708 2831 et
738 2792 859 2832 eum
888 2777 1136 2846 protinus
1165 2778 1510 2841 surrexisset,
1543 2789 1598 2831 et
1660 2778 1834 2834 lactus
1871 2788 2015 2833 esset
2081 2791 2248 2831 sanus
2274 2777 2416 2831 sicut
2449 2777 2621 2845 prius,
2652 2786 2705 2831 et
2733 2778 3033 2846 accepisset
3074 2780 3257 2843 boves,
3319 2782 3485 2835 traxit

211 2887 436 2925 currum
475 2886 647 2940 usque
679 2871 745 2923 ad
780 2850 950 2924 adem
990 2868 1254 2925 ecclesia’.

286 2970 377 3034 ς’.
410 2969 616 3029 Πάντες
648 2966 741 3020 οῦν
784 2967 983 3029 ἰδόντες
1005 2968 1065 3020 τὸ
1100 2968 1403 3038 παράδοξον
1435 2971 1660 3040 σημεῖον
1680 2970 1801 3023 τοῦ-

214 3080 299 3127 το,
336 3060 672 3130 πανταχόθεν
729 3060 925 3131 ἔφερον
956 3062 1080 3125 τοὺς
1139 3062 1499 3126 ἀσθενοῦντας
1531 3064 1626 3115 καὶ
1673 3064 1801 3126 τοὺς

213 3152 595 3222 ὀχλουμένους
659 3150 763 3203 ὑπὸ
821 3153 1152 3221 πνευμάτων
1218 3152 1505 3222 πονηρῶν·
1566 3155 1660 3205 καὶ
1735 3155 1802 3224 τῇ

1981 2968 2068 3024 Vl.
2089 2966 2239 3022 Tunc
2261 2965 2573 3036 omnes,qui
2595 2964 2836 3019 viderant
2855 2964 2955 3020 hoc
2989 2965 3309 3020 miraculum
3346 2967 3483 3023 adeo

1910 3072 2105 3129 praeter
2141 3061 2470 3131 op'niouem,
2522 3058 2818 3113 aﬂ‘erebant
2868 3060 3107 3129 undique
3133 3071 3484 3131 a'grotantes,

1913 3162 1965 3203 et
1993 3151 2084 3219 qui
2110 3150 2440 3204 vexabantur
2467 3149 2534 3203 ab
2562 3149 2854 3203 immundis
2871 3151 3148 3217 spiritibus
3180 3172 3191 3205 :
3229 3163 3282 3207 et
3312 3156 3483 3222 gratia

213 3244 450 3313 δυνάμει
473 3243 566 3295 τοῦ
591 3243 794 3314 Κυρίου
826 3242 1225 3314 ἐθεραπεύοντο
1257 3246 1516 3306 ἅπαντες.
1568 3245 1724 3297 Πᾶσα
1751 3245 1806 3296 δέ
1836 3268 1878 3325 C

1836 3268 1878 3325 ρ
1914 3253 1967 3295 et
2002 3245 2200 3296 virtute
2225 3242 2435 3296 Domini
2485 3241 2613 3295 Jesu
2666 3242 3001 3295 curabuntur
3047 3259 3259 3300 omnes.
3296 3248 3486 3301 Omnis

220 3336 450 3402 ἰατρικὴ
502 3333 664 3403 τέχνη
726 3335 784 3385 ἐν
824 3335 941 3396 ταῖς
977 3336 1213 3405 ἡμέραις
1260 3336 1354 3389 τοῦ
1396 3336 1553 3405 ἁγίου
1608 3337 1803 3390 τούτου

220 3427 420 3497 ἀνδρὸς
444 3426 679 3495 ἠσθένει,
732 3427 820 3479 διὰ
846 3429 903 3480 τ’,
925 3430 1155 3480 παντοῖα
1182 3428 1328 3499 πάθη
1360 3432 1452 3481 ἐπὶ¹
1479 3429 1555 3499 τῷ
1580 3430 1805 3498 ὀνόματι

218 3518 317 3569 τοῦ
344 3517 546 3587 Κυρίου
570 3518 727 3587 ἡμῶν
755 3517 929 3585 Ἰησοῦ
962 3518 1200 3588 Χριστοῦ
1224 3520 1550 3590 ἀναργῦρως
1585 3522 1799 3575 ἰᾶσθαι·

222 3612 280 3661 ἐν
316 3603 398 3671 οἷς
430 3609 705 3671 Διονύσιος
749 3609 844 3662 τοῦ
888 3613 1245 3682 πραιττοσίτου
1280 3611 1566 3682 βασιλικῆς
1602 3614 1805 3682 βαστα-

223 3702 354 3764 -ιοῆς,
396 3700 672 3768 θυγατέρα
728 3701 1017 3771 παρθένον,
1073 3702 1298 3772 ὀνόματι
1332 3706 1568 3774 Δάφνην,
1617 3704 1809 3767 δεινῶς

223 3792 333 3844 ὑπῦ
362 3793 615 3861 δαίμονος
648 3794 1066 3862 παιδευομένης),
1100 3796 1155 3846 ἐν
1182 3795 1332 3858 ὅλαις
1355 3796 1536 3865 τρισὶν
1569 3797 1805 3865 ἡμέραις

225 3885 620 3953 ἐθεράπευσεν.
693 3886 918 3952 Ἑτέραν
967 3886 1024 3938 δὲ
1090 3887 1382 3956 Μαμαλὶου
1441 3889 1809 3957 πρωτεύοντός

224 3993 373 4035 τινος
441 3975 540 4038 τῆς
597 3976 885 4045 Σμυρνέων
952 3977 1158 4041 πόλεως
1225 3977 1526 4047 θυγατέρα,
1583 3979 1809 4048 ὀνόματι

241 4067 617 4134 ’Λγαλματίαν
658 4067 761 4119 ὑπὸ
814 4068 1121 4136 πνεύματος
1156 4069 1469 4139 ἀκαθάρτου
1497 4073 1811 4140 καταινιρησ-⁵

230 4160 471 4227 σομένην
506 4159 598 4210 καὶ
625 4158 960 4225 ἀφρίζουσαν
987 4161 1077 4211 καὶ
1101 4160 1495 4229 ξηραινομένην
1521 4160 1814 4231 ἐθεράπευε

232 4266 324 4300 σεν
354 4265 363 4274 ·
396 4248 601 4300 Ζωῖλαν
632 4250 687 4300 δὲ
717 4249 942 4316 ὀνόματι
992 4249 1099 4301 ἀπὸ
1127 4253 1251 4313 τοὺς
1302 4253 1518 4322 Πέρσας
1549 4252 1810 4306 ἐλθοῦσαν

230 4343 333 4394 καὶ
363 4342 468 4393 ὑπὸ
496 4341 746 4409 δαίμονος
804 4341 1068 4409 μαντικοῦ
1100 4341 1347 4405 ἐλεεινῶς
1385 4346 1810 4417 συντριϐομένην

230 4436 336 4484 οὐκ
369 4436 446 4493 εἰς
480 4433 690 4503 μακρὸν
718 4433 914 4502 ,χρόνον
965 4432 1337 4504 ἠλευθέρωσεν
1362 4438 1427 4505 τῇ
1467 4438 1558 4489 τοῦ
1608 4439 1809 4509 Κυρίου

234 4528 457 4596 χάριτι·
487 4525 644 4577 ἀλλον
675 4526 730 4577 δέ
777 4527 936 4577 πάλιν
970 4525 1233 4595 νεώτερον
1261 4528 1368 4578 ἀπὸ
1402 4529 1605 4599 Ὀρνὼν
1631 4531 1809 4599 ὁρμώ-

1910 3346 2089 3387 autem
2153 3350 2243 3387 ars
2280 3333 2565 3387 medicina:
2601 3334 2653 3386 iu
2689 3333 2881 3387 diebus
2934 3336 3092 3403 hujus
3146 3340 3321 3392 sancti
3385 3339 3486 3394 viri

1909 3435 2024 3480 erat
2053 3425 2342 3486 imbecilla,
2379 3437 2665 3493 propterea
2689 3427 2830 3494 quod
2882 3442 3042 3483 omne
3092 3446 3264 3500 genus
3306 3434 3483 3488 morbi

1912 3518 1963 3572 in
2013 3519 2235 3571 nomine
2296 3517 2509 3571 Domini
2542 3520 2715 3573 nostri
2741 3520 2869 3573 Jesu
2924 3520 3126 3576 Christi
3184 3526 3353 3594 gratis
3414 3527 3485 3581 ab

1915 3608 2036 3677 ipso
2122 3617 2433 3662 curaretur.
2501 3609 2650 3662 Inter
2721 3625 2861 3678 quos
2921 3611 3213 3682 Dionysius
3261 3631 3487 3686 quoque

1913 3698 2183 3766 prazpositi
2246 3698 2406 3758 ﬁlius.
2462 3698 2630 3766 stirpe
2686 3698 3066 3768 imperatoria,
3126 3720 3246 3756 cum
3319 3707 3485 3761 habe-

1916 3802 1994 3844 rct
2041 3792 2203 3843 tiliam
2254 3792 2538 3857 virginem,
2603 3794 2817 3846 nomine
2849 3794 3123 3864 Daphnen,
3152 3813 3271 3865 quae
3305 3815 3333 3851 a
3381 3802 3489 3853 dac-

1914 3898 2071 3934 mone
2100 3883 2332 3951 graviter
2362 3884 2748 3951 castigabatur,
2792 3885 2901 3953 ipse
2961 3900 3079 3939 eam
3144 3890 3269 3943 totis
3313 3891 3486 3945 tribus

1914 3975 2103 4028 diebus
2177 3977 2404 4028 ruravit.
2468 3975 2704 4029 Alteram
2776 3989 2952 4030 autem
3015 3978 3249 4035 Marnalii
3312 3982 3489 4051 cujus-

1915 4066 2034 4118 dam
2093 4065 2281 4128 ﬁliani,
2360 4069 2451 4134 qui
2516 4076 2632 4121 erat
2691 4069 2938 4139 princeps
2995 4073 3230 4127 civitatis
3292 4074 3484 4147 Smyr-

1917 4159 2182 4219 neusium,
2232 4161 2451 4213 nomine
2502 4160 2882 4229 Agalmatiam,
2942 4179 3060 4232 qua:
3118 4166 3185 4220 ab
3246 4168 3483 4225 immun-

1915 4249 1982 4301 do
2050 4248 2246 4317 spiritu
2316 4259 2527 4315 vexata,
2576 4266 2821 4318 spumam
2880 4255 3185 4318 emittebat,
3243 4264 3480 4313 curaris.

1916 4338 2127 4393 Zoelein
2153 4356 2278 4394 vero
2302 4342 2540 4403 nomine,
2575 4357 2694 4411 qua:
2734 4343 2800 4395 ad
2836 4342 3029 4401 Persas
3075 4360 3316 4411 venerat,
3374 4366 3422 4405 et
3454 4371 3481 4402 ιο

1916 4433 2157 4486 daemone
2235 4435 2566 4488 vaticinante
2615 4436 2999 4492 miserabiliter
3046 4447 3433 4498 conterebatur
3464 4488 3477 4507 .

1918 4526 2057 4579 haud
2098 4525 2168 4578 ita
2208 4525 2366 4594 longo
2408 4536 2528 4594 post
2582 4537 2844 4597 tempore,
2887 4529 3095 4586 Domini
3144 4538 3315 4602 gratia
3350 4538 3483 4592 libe-

239 4633 404 4684 μενον
433 4617 543 4669 υίὸθ
576 4615 949 4685 πρεσϐυτέρου
980 4616 1207 4685 ὀνόματι
1249 4617 1471 4670 Νίκωνα
1514 4618 1617 4670 ὑπὸ
1649 4623 1811 4672 πνεῦ-
1843 4621 1886 4676 D

1843 4621 1886 4676 D
1920 4618 2077 4671 ravit.
2112 4618 2289 4671 Alium
2320 4629 2497 4672 autem
2535 4634 2723 4674 rursus
2751 4623 3004 4691 juvenem
3050 4639 3114 4679 ex
3153 4625 3359 4683 llunnis
3389 4647 3478 4684 or-

240 4722 413 4773 ματος
465 4704 638 4756 δεινοῦ
695 4704 1120 4774 παιδευόμενον,
1164 4707 1463 4773 ἀγαγόντες
1524 4708 1572 4759 οἱ
1620 4709 1809 4762 τούτου

236 4801 442 4864 γονεῖς,
479 4797 706 4867 ἔρριψαν
749 4798 825 4859 είς
874 4799 998 4860 τοὺς
1030 4799 1193 4860 πόδας
1228 4798 1320 4851 τοῦ
1357 4799 1537 4865 ἁγίου,
1566 4801 1812 4870 δεόμενοι

237 4891 334 4942 τοῦ
371 4891 589 4958 ἐλεῆσαι
622 4892 719 4957 τὴν
746 4889 839 4941 τοῦ
876 4889 1059 4942 ἀθλίου
1097 4890 1325 4959 νεότητα
1372 4893 1464 4942 καὶ
1515 4892 1813 4963 ἐλευθερῶο

239 5000 333 5036 σαι
365 4982 530 5034 αὑτὸν
568 4982 659 5034 τοῦ
686 4983 994 5050 ἀκαθάρτου
1019 4983 1286 5049 δαίμονος.
1330 4983 1399 5046 ’0,
1424 4984 1478 5036 δὲ
1508 4986 1653 5047 ὅσιος
1676 4986 1813 5055 ἀνὴρ

235 5078 343 5146 ἒῃη
380 5077 591 5138 αὐτοῖς·
630 5078 743 5128 Οὐκ
776 5077 923 5129 ἔστιν
947 5076 1094 5141 ἄξιος
1125 5075 1218 5128 τοῦ
1254 5077 1486 5146 ίαθῆναι-
1535 5080 1676 5148 ΠΡδῖ
1707 5081 1813 5150 γὰρ

239 5169 492 5220 παιδείαν
534 5169 761 5237 ἐπεδόθη
794 5169 942 5238 αὐτῷ
968 5172 995 5222 ό
1039 5167 1272 5237 σκὼλωψ
1334 5169 1427 5220 τοῦ
1484 5171 1810 5240 πνεύματος.

234 5263 377 5314 διότι
418 5262 743 5328 πατρολοίας
774 5261 937 5312 ἐστίν.
984 5261 1367 5330 Ἀθετηθέντες
1396 5262 1502 5331 γὰρ
1549 5264 1808 5327 πολλάκις

240 5356 332 5407 ὑπ’
366 5354 533 5405 αὑτοῦ
569 5356 625 5403 ἐν
653 5355 848 5421 πικρία
888 5354 1065 5421 ψυχῆς
1113 5353 1263 5422 ὑμῶν
1286 5395 1301 5419 ,
1334 5354 1491 5421 ὑμεῖς
1537 5355 1810 5423 ᾐτήσασθε

236 5452 330 5499 τὸν
360 5446 497 5500 Θεὸν
530 5446 883 5514 παιδευθῆναι
928 5446 1111 5497 αὐτόν.
1148 5446 1345 5511 ’Ἄφετε
1371 5446 1556 5508 αὑτὸν,
1608 5449 1814 5516 συμφέ-

240 5559 324 5610 ρει
350 5541 463 5606 γὰρ
494 5539 657 5607 αὐτῷ.
699 5539 761 5589 Οἱ
803 5539 859 5589 δὲ
882 5538 955 5599 ὡς
1004 5540 1178 5604 γονεῖς
1214 5539 1546 5608 ὑπάρχοντες
1580 5542 1673 5593 καὶ
1703 5544 1813 5602 τοῖς

238 5633 579 5700 σπι,άγχνοις
639 5633 952 5699 νικώμενοι,
1003 5628 1307 5699 ἀνεϐόησαν
1350 5633 1487 5699 μετά
1540 5631 1810 5702 δακρύων,

234 5730 488 5797 δεόμενοι
515 5724 771 5793 εὔχεσθαι
812 5725 945 5793 πρὸς
977 5724 1065 5776 τὸν
1118 5724 1251 5776 Θεὸν
1278 5725 1405 5793 περὶ
1446 5726 1632 5788 αὐτοῦ,
1667 5729 1811 5790 ὅπως

233 5818 497 5886 λυτρωθῇ
534 5817 642 5869 ἀπὸ
666 5817 757 5868 τοῦ
785 5816 1056 5882 δαίμονος.
1102 5813 1159 5868 '0
1193 5815 1249 5866 δὲ
1283 5816 1552 5884 μακάριος
1590 5834 1807 5886 συμπαο

238 5912 415 5983 θήσας
448 5914 560 5973 τοῖς
594 5908 983 5976 ἀκατασχέτοις
1006 5907 1234 5979 δάκρυσι
1265 5907 1371 5959 τῶν
1406 5911 1622 5975 γονέων,
1659 5912 1808 5963 ἐκτε-

654 6007 920 6063 Ι¹Ατιιοιμ
972 6005 1011 6065 l‘:
1030 6024 1088 6063 ιι.
1130 6004 1345 6063 (iXli'o

1919 4720 2053 4772 tum,
2122 4712 2417 4780 presbyteri
2486 4712 2675 4775 ﬁlium,
2728 4716 2942 4768 nomine
2978 4716 3254 4784 Niconem.
3288 4726 3377 4792 qui
3415 4728 3482 4778 ah

1918 4802 2191 4855 immundo
2211 4803 2399 4869 spiritu
2443 4805 2677 4869 graviter
2724 4808 3105 4875 castigabatur,
3152 4813 3482 4871 adducentes

1918 4895 2031 4958 ejus
2091 4903 2361 4960 parentes,
2395 4893 2646 4962 jeceruut
2698 4896 2763 4950 ad
2801 4901 2963 4965 pedes
2995 4903 3189 4963 sancti,
3237 4920 3483 4972 rogantes

1918 4995 1975 5038 ut
2003 4986 2120 5052 ejus
2168 4986 2856 5053 miserereturiuventutis.
2890 5001 2942 5043 et
2964 5006 3084 5043 eum
3134 4994 3382 5049 liberaret
3416 5002 3483 5050 ab

1919 5077 2195 5129 immundo
2257 5082 2514 5132 dannune.
2559 5078 2651 5131 Vir
2706 5092 2883 5134 autem
2934 5093 3155 5139 sanctus
3187 5090 3319 5139 dixit
3348 5090 3474 5143 eis:

1917 5168 2029 5223 Non
2059 5180 2140 5223 est
2165 5168 2356 5235 dignus
2388 5170 2477 5237 qui
2512 5184 2768 5236 curetur;
2799 5173 2863 5225 ad
2889 5177 3301 5244 castigationem
3333 5183 3474 5233 enim

1920 5267 2077 5315 datus
2104 5262 2149 5313 ei
2186 5262 2286 5314 fuit
2309 5262 2559 5315 stimulus
2592 5265 2851 5331 spiritus;
2879 5279 2959 5320 est
3007 5270 3149 5321 enim
3185 5273 3475 5336 parricida.

1921 5351 2026 5405 Vos
2076 5354 2221 5407 enim
2250 5369 2389 5421 saepe
2420 5355 2486 5407 ab
2515 5370 2579 5408 eo
2602 5354 2770 5409 habiti
2809 5362 3158 5423 contemptui,
3201 5362 3252 5413 in
3285 5365 3478 5418 anima:

1920 5461 2109 5502 vestrm
2147 5463 2393 5502 aniarore
2426 5462 2454 5499 a
2509 5446 2617 5502 Deo
2658 5451 2910 5516 petiistis.
2953 5462 3009 5505 ut
3043 5453 3152 5519 ipsc
3183 5455 3477 5526 castigare-

1920 5555 2019 5596 lur.
2063 5544 2236 5596 Sinite
2265 5557 2384 5594 eum
2417 5542 2494 5595 sic
2540 5558 2693 5605 esse,
2724 5548 2939 5609 expedit
2991 5548 3156 5598 enim.
3206 5546 3280 5601 Illi
3327 5565 3475 5616 vero,

1919 5648 1974 5688 ut
2016 5637 2105 5703 qui
2156 5645 2335 5688 essent
2386 5648 2636 5702 parentes
2665 5646 2718 5689 et
2760 5638 3104 5691 vincerentur
3149 5643 3477 5707 visceribus,

1916 5728 2356 5779 exclamaverunt
2421 5736 2670 5791 rogantes
2724 5739 2846 5777 cum
2906 5727 3155 5795 lacrymis
3202 5728 3479 5783 :Precare

1920 5818 2084 5871 Deum
2119 5830 2215 5886 pro
2248 5818 2381 5878 ipso,
2434 5826 2490 5869 ut
2522 5816 2778 5869 liberetur
2806 5833 2831 5868 a
2870 5832 3010 5871 san")
3035 5830 3087 5872 et
3115 5821 3335 5872 inunani
3370 5823 3477 5872 dze-

1920 5924 2096 5965 moue.
2137 5910 2331 5963 Beatus
2364 5920 2540 5962 autem
2596 5906 2914 5964 Parthenius
2963 5912 3213 5964 misertus
3268 5912 3477 5965 abunde

3086 6007 3156 6065 413
