4218 6482
240 443 375 507 1357

1484 438 1657 496 ΧἸΤΑ
1699 438 1756 495 S.
1805 435 2257 495 ΡΛΗΤΗΕΝΠ.

3362 440 3378 499 l
3392 437 3501 500 358

227 556 383 625 αὑτῷ
418 557 575 625 χεῖρα
624 554 924 624 ἀνέστησεν
985 552 1081 607 καὶ
1128 553 1383 607 ἀπέδωκε
1413 554 1524 614 τοῖς
1551 549 1809 619 γονεῦσιν1

1930 563 2119 603 versus
2165 558 2247 603 est
2298 548 2519 618 Spiritus
2554 566 2567 603 :
2600 560 2650 606 et
2683 552 2868 605 statim
2926 553 3147 617 assedit,
3186 552 3275 622 qui
3332 553 3505 606 fuerit

225 648 302 709 ὼς
339 648 515 698 πᾶσαν
539 644 635 714 τὴν
670 645 822 698 πόλιν
853 644 1098 708 δοξάζειν
1121 644 1212 697 τὸν
1242 644 1376 695 Θεὸν
1423 642 1519 693 ἐπί
1560 641 1636 710 τῷ
1663 658 1821 708 γεγο-

228 739 365 790 νότι.
414 737 555 805 Γυνὴ
612 735 669 789 δέ
720 754 805 798 τις
854 737 1123 799 διάκονος,
1180 736 1464 803 Ἀσήρμου
1499 733 1691 803 κώμης
1722 734 1819 802 τῆς

230 830 604 899 Χερσονήσου,
636 827 862 896 ὀνόματι
892 828 1127 895 Θεοφίλα
1152 830 1244 879 καὶ
1268 828 1365 879 σὺν
1394 827 1530 895 αὐτῇ
1566 824 1820 891 Ῥουφῖνα

228 923 453 982 ἀείπαις
512 921 577 971 ὲκ
612 920 708 987 τῆς
736 920 905 987 αὐτῆς
942 918 1157 989 κώμης,
1189 918 1295 970 ὑπὸ
1340 916 1650 983 πνευματος
1677 919 1817 968 ἀκα-

229 1014 434 1081 θάρτου
464 1012 703 1081 πάρετος
731 1013 1008 1079 γεγονυῖα,
1038 1009 1348 1079 ἠνέχθησαν
1370 1007 1447 1077 τῷ
1474 1009 1615 1077 ἀγίῳ
1639 1006 1815 1077 ἀνδρὶ,

228 1106 292 1166 ἀς
331 1106 389 1155 ἐν
415 1104 653 1173 ἡμέραις
685 1103 917 1170 ὀλίγαις,
955 1102 1098 1170 ὕδωρ
1128 1102 1439 1169 ἐπιόρέχων
1461 1102 1553 1151 καὶ
1584 1099 1815 1166 ἐπευχό-

232 1214 416 1266 μενος,
450 1200 514 1265 τῇ
549 1197 776 1266 δυνάμει
801 1195 896 1249 τοῦ
925 1196 1131 1265 Κυρίου
1165 1195 1334 1260 ὑγιεῖς
1379 1190 1709 1261 ἀπέπεμψεν
1737 1191 1817 1253 είς

226 1292 294 1339 τὰ
329 1289 457 1342 Eata.
502 1288 735 1357 Ἰὶαρίου
769 1290 911 1349 τινος
939 1286 1315 1357 πρεσϐυτέρου
1346 1284 1455 1337 ἀπὸ
1491 1282 1813 1344 Σανσαδίας,

229 1385 342 1446 υίὸς
368 1384 685 1452 μονογενὴς,
720 1384 948 1450 ὀνόματι
977 1381 1305 1441 Θαλάσσιος,
1349 1380 1455 1431 ὑπὸ
1506 1377 1815 1444 πνεύματος

228 1474 469 1543 πονηροῦ
531 1474 635 1538 ἔξω
693 1476 799 1527 τῶν
864 1475 1083 1545 φρενῶν
1140 1473 1453 1539 γενόμενος,
1508 1467 1712 1538 ἠνέχθη
1739 1468 1816 1537 τῷ

224 1566 358 1635 ὁσίῳ
384 1584 397 1598 ·
433 1567 491 1618 ὃν
516 1569 611 1620 καὶ
642 1566 1007 1636 ἐπευχόμενος
1040 1568 1095 1617 ὲν
1128 1566 1279 1625 ὅλαις
1310 1563 1449 1615 ἐπτά
1477 1560 1714 1630 ἡμέραις
1736 1563 1816 1622 εἰς

222 1658 284 1710 τὸ
314 1660 456 1710 κατὰ
481 1658 642 1725 φύσιν
674 1660 903 1728 ἤγαγεν,
934 1663 1027 1711 καί
1055 1656 1485 1727 εὐχαριστοῦντα
1519 1653 1594 1722 τῷ
1627 1654 1815 1720 Κυρίῳ

228 1754 325 1803 σὺν
364 1752 442 1819 τῷ
473 1754 650 1821 Πατρὶ
678 1753 979 1806 ἀπέλυσεν.
1030 1750 1231 1819 Γραῖδα
1266 1749 1323 1801 δέ
1381 1764 1500 1801 τινα
1555 1746 1815 1815 πενιχρὰν

220 1844 450 1911 ὀνόματι
489 1845 774 1913 Καλιόπην
802 1844 895 1895 καὶ
937 1844 1034 1896 σὺν
1068 1843 1204 1910 αὐτῇ
1246 1841 1439 1910 ἑτέραν
1472 1840 1660 1909 κόραν,
1695 1838 1810 1888 0V6-

226 1953 363 2001 ματι
392 1937 701 2003 Κυριακὴν,
730 1937 1051 2006 ἀμφοτέρας
1082 1935 1187 1988 ὑπὸ
1220 1936 1533 2003 πνεύματος
1568 1930 1812 2000 άκαθάρ⁴

220 2042 317 2078 tau
354 2029 751 2097 παιδευομένοις
804 2030 1045 2097 ἤνεγκαν
1094 2027 1229 2095 πρὸς
1269 2026 1453 2087 αὑτὸν,
1483 2026 1576 2076 καὶ
1601 2025 1689 2076 διὰ
1716 2023 1813 2091 τῆς

224 2120 365 2185 πρὸς
399 2120 532 2172 θεὸν
576 2122 738 2189 εὖχῆς
786 2120 1191 2187 ἐθεράπευσεν·
1228 2118 1350 2179 δούς
1382 2134 1440 2169 τε
1499 2118 1693 2177 αὐταῖς
1723 2114 1814 2165 καὶ

223 2218 292 2259 τά
320 2212 453 2278 πρὸς
487 2212 783 2281 διατροφὴν
815 2213 1106 2265 ἀπέλυσεν.

1926 650 2192 705 mortuus,
2230 652 2282 693 et
2330 644 2492 711 t-mpit
2532 643 2699 713 loqui.
2734 646 2863 698 Data
2913 654 3094 699 autem
3130 648 3179 700 ei
3218 661 3400 712 manu,
3427 645 3503 699 le-

1924 736 1997 788 cit
2023 748 2144 787 eum
2174 749 2419 805 surgere,
2440 745 2493 788 et
2516 750 2709 789 sanum
2745 738 2974 791 reddidit
3010 740 3344 808 parentilms,
3368 740 3506 794 adeo

1924 836 1979 879 ut
2012 827 2259 880 universa
2303 828 2492 882 civitas
2529 829 2695 882 Deum
2726 829 2971 883 laudaret
3022 842 3245 899 propter
3290 829 3493 883 factum

1925 921 2267 975 miraculum.
2295 920 2552 986 Quaedam
2584 934 2762 976 autem
2805 923 2998 975 mulier
3041 922 3370 985 diaconissa,
3403 938 3502 976 no-

1924 1014 2067 1067 mine
2121 1012 2441 1083 Theophila,
2473 1029 2537 1068 ex
2600 1015 2828 1068 Asermo
2865 1016 2984 1069 vico
3037 1015 3387 1077 Cherronesi.
3448 1026 3501 1067 et

1922 1119 2042 1158 cum
2084 1106 2219 1174 ipsa,
2273 1105 2466 1160 littlina
2512 1106 2754 1174 impuch
2786 1122 2848 1161 ex
2894 1107 3081 1161 eodem
3120 1109 3256 1168 vico,
3299 1108 3366 1159 ab
3397 1110 3498 1158 im-

1922 1198 2124 1250 mundo
2187 1199 2379 1267 spiritu
2445 1199 2733 1261 dissoluta,
2761 1208 2814 1251 et
2844 1198 3034 1252 eﬂecm
3070 1199 3389 1268 paralytira,
3426 1202 3501 1251 at-

1921 1289 2041 1343 lata:
2074 1300 2202 1344 sunt
2250 1292 2314 1344 ad
2352 1301 2599 1345 sanctum
2662 1292 2858 1344 virum.
2889 1291 3033 1357 Quas
3098 1295 3283 1362 paucis
3309 1293 3500 1345 dielms

1922 1394 2057 1448 aqua
2110 1382 2343 1452 irrigans
2401 1392 2456 1436 et
2493 1398 2745 1451 precans,
2802 1385 3005 1438 virtute
3056 1383 3267 1437 Domini
3338 1399 3500 1439 sanas

1921 1470 2100 1524 emisit
2135 1474 2199 1525 ad
2224 1487 2371 1526 suos.
2409 1471 2596 1527 Hilarii
2634 1475 2918 1543 cujusdam
2947 1476 3247 1544 presbyteri
3278 1490 3342 1528 ex
3383 1476 3499 1527 An-

1922 1562 2070 1615 sadia
2101 1564 2241 1616 lilius
2267 1565 2517 1631 unigena,
2552 1567 2769 1619 nomine
2832 1566 3168 1625 Thalassius.
3196 1567 3285 1635 qui
3321 1582 3348 1618 a
3378 1582 3496 1620 ma-

1920 1653 2064 1720 ligno
2097 1654 2292 1722 spiritu
2322 1654 2499 1708 fuerat
2549 1667 2729 1709 mente
2756 1668 2955 1719 matus,
2999 1667 3242 1724 portatus
3291 1667 3374 1711 est
3429 1660 3493 1710 ad

1918 1755 2182 1798 sanctum.
2217 1747 2389 1811 Quem
2418 1762 2539 1801 cum
2573 1749 2893 1817 accepisset,
2919 1763 3083 1805 orans
3116 1758 3256 1802 totos
3287 1760 3494 1817 septem

1918 1836 2053 1901 dies,
2084 1837 2299 1891 reduxit
2332 1841 2398 1892 ad
2444 1850 2713 1906 naturam,
2757 1853 2809 1895 et
2838 1841 3066 1895 Domino
3091 1850 3338 1911 agentem
3373 1857 3495 1910 gra-

1921 1929 2043 1993 tias,
2069 1945 2188 1983 cum
2239 1943 2391 1999 patre
2437 1934 2651 1988 remisit
2703 1935 2769 1989 ad
2824 1936 3077 2003 patriam.
3113 1934 3332 1989 V’etulas
3364 1948 3494 1986 vero

1919 2022 2179 2088 quasdam
2208 2023 2341 2076 duas
2381 2038 2671 2093 pauperes,
2710 2041 2941 2093 quarum
3002 2029 3090 2079 uni
3130 2041 3324 2079 nomen
3372 2038 3494 2079 erat

1919 2112 2178 2178 Calliope,
2228 2115 2385 2168 alteri
2435 2131 2564 2170 vero
2610 2118 2861 2187 Cyriaca,
2897 2134 3019 2187 qua:
3071 2122 3243 2172 amba:
3296 2120 3364 2171 ab
3398 2119 3496 2171 im-

1926 2205 2124 2257 mundo
2145 2206 2339 2273 Spiritu
2371 2209 2801 2277 castigabantur,
2831 2212 3073 2264 tulerunt
3100 2212 3164 2263 ad
3192 2210 3449 2263 Sanctum
3476 2232 3490 2269 ;

223 2302 317 2365 qui
352 2316 445 2370 per
471 2316 597 2355 suas
650 2303 715 2355 ad
748 2303 915 2356 Deum
961 2316 1153 2370 preces
1186 2302 1375 2356 ambas
1403 2297 1638 2355 curavit.
1672 2295 1750 2352 Cu
1778 2315 1804 2346 ιι
1840 2306 2017 2347 autem
2081 2296 2161 2351 eis
2200 2312 2413 2366 quoque
2459 2299 2696 2356 dedisset
2750 2316 2811 2354 ea
2841 2317 2959 2369 quae
2987 2313 3144 2357 erant
3195 2302 3260 2355 ad
3294 2302 3490 2356 victum

230 2393 567 2453 necessaria,
597 2392 803 2444 dimisit
836 2392 887 2443 in
915 2404 1066 2457 pace.

300 2480 374 2533 6'.
406 2482 548 2549 Πρὸς
573 2481 628 2532 δὲ
659 2481 869 2543 τούτοις
893 2482 989 2533 καὶ
1010 2482 1122 2543 τοῖς
1145 2478 1327 2541 ἄλλοις
1347 2480 1461 2540 τοῖς
1486 2475 1783 2544 ἀνεκδιηγή

221 2591 337 2635 τιις
367 2574 695 2641 θαυμασίοις
732 2574 927 2641 συνέὀη
987 2572 1108 2624 τότε
1158 2573 1216 2624 τὸ
1260 2572 1532 2640 ταμιακδν
1589 2570 1810 2638 βαφεῖον

220 2666 324 2731 τῆς
352 2666 639 2735 πορφύρας
671 2664 775 2717 ὑπὸ
799 2664 1110 2733 πνευματος
1156 2664 1470 2733 ἀκαθάρτου
1500 2660 1813 2726 ἐνσκήψαν-

220 2774 336 2819 τος,
390 2756 801 2823 ἐμποδίζεσθαι,
840 2758 933 2806 καὶ
986 2756 1059 2822 μὴ
1090 2755 1376 2806 ἀποτελεῖν
1428 2754 1527 2820 τὴν
1562 2753 1619 2815 ἐξ
1659 2749 1814 2811 ἐθους

224 2847 426 2916 ῥαφὴν,
456 2846 592 2899 ἀλλά
616 2846 708 2897 καὶ
744 2845 996 2915 φανερῶς
1030 2845 1415 2913 ἐπιφαίνεσθαι
1444 2844 1535 2896 τὸν
1566 2841 1810 2909 ἀκάθαρ-

220 2955 315 2990 τον
346 2937 578 3006 δαίμονα
606 2938 716 2998 τοῖς
748 2936 1013 3004 βαφεῦσιν
1044 2938 1138 2989 καὶ
1172 2936 1246 3006 μὴ
1278 2936 1580 3003 συγχωρεῖν
1613 2932 1670 2984 τὸ
1706 2932 1806 3000 βαι

224 3030 435 3082 τελικὸν
480 3029 863 3081 ἀποτελεῖσθαι
912 3030 1093 3099 ἔργον,
1149 3030 1224 3092 ὼς
1280 3031 1342 3081 ἐκ
1389 3027 1579 3080 τούτου
1640 3027 1808 3079 πολὺν

221 3123 470 3174 κίνδυνον
502 3123 593 3173 κλὶ
613 3122 817 3190 ζημίαν
848 3122 1146 3190 ὑπομένειν
1178 3123 1304 3183 τοὺς
1334 3121 1685 3181 δουλεύοντας
1712 3120 1806 3171 καὶ

1993 2472 2083 2527 IX.
2112 2472 2311 2529 Praeter
2338 2475 2447 2527 haec.
2472 2484 2649 2531 autem
2663 2476 2848 2541 elalia,
2868 2494 2984 2546 qum
3006 2482 3212 2534 narrari
3234 2497 3337 2537 non
3367 2500 3491 2553 pos-

1914 2577 2057 2627 sunt,
2092 2568 2265 2621 sancti
2306 2568 2470 2636 hujus
2509 2570 2607 2621 viri
2638 2570 2923 2632 miracula,
2954 2573 3151 2626 accidit
3180 2582 3237 2626 ut
3281 2574 3490 2630 oﬂicina

1916 2671 2153 2725 quoque,
2183 2658 2233 2710 in
2268 2672 2372 2727 qua
2405 2660 2713 2728 tingebatur
2744 2678 3005 2731 purpura,
3047 2665 3399 2732 impediretur
3423 2670 3492 2721 ab

1917 2752 2189 2804 immundo
2254 2752 2473 2819 spiritu,
2501 2754 2592 2821 qui
2630 2754 2681 2805 in
2732 2769 2849 2807 eam
2912 2755 3254 2821 incubuerat,
3287 2769 3341 2811 et
3383 2775 3489 2812 non

1916 2839 2151 2894 elliceret
2189 2856 2305 2894 eam
2366 2857 2527 2911 quam
2586 2844 2795 2897 solebat
2834 2846 3123 2899 tincturam
3156 2863 3169 2898 :
3200 2847 3295 2903 sed
3323 2850 3488 2902 etiam

1917 2932 2224 2987 immundus
2285 2934 2494 2988 dat-mon
2560 2945 2847 3003 appareret
2900 2938 3245 3006 tinctos-ilius,
3272 2952 3327 2993 et
3356 2955 3490 3008 Opus

1917 3024 2256 3092 imperatoris
2289 3041 2393 3078 non
2422 3026 2628 3080 sineret
2675 3027 2928 3081 effectum
2964 3031 3225 3085 reddere:
3256 3031 3392 3087 adeo
3430 3045 3487 3085 ut

1914 3130 1978 3169 ex
2019 3119 2120 3171 hac
2178 3133 2235 3171 re
2295 3133 2550 3183 magnum
2588 3119 2884 3188 perieulum
2929 3128 2983 3173 et
3037 3122 3293 3174 danmum
3343 3124 3485 3178 servi

218 3220 349 3277 τοὺς
390 3214 603 3281 βαφεῖς.
639 3213 823 3265 Ταῦτα
854 3214 1039 3282 μαθὼν
1071 3215 1097 3265 ό
1136 3215 1282 3274 ὅσιος
1308 3214 1469 3282 ἀνὴρ,
1511 3211 1807 3282 προθύμως

1914 3211 2246 3264 sustinerent
2268 3220 2322 3264 et
2356 3213 2638 3266 tinctores.
2684 3212 3045 3277 Quamobrem
3076 3229 3199 3267 cum
3237 3215 3489 3270 rescivis-

220 3309 303 3366 ιξς
325 3306 417 3358 τὸν
447 3305 540 3358 τοῦ
570 3305 796 3374 βαφείου
827 3306 1158 3372 παρεγένετο
1207 3306 1391 3371 τόπον,
1436 3308 1533 3357 καὶ
1563 3322 1808 3375 προσκα-

221 3395 520 3463 λεσάμενος
570 3395 661 3447 τὸν
690 3396 1020 3464 ἐνεργοῦντα
1072 3395 1385 3465 ἀκάθαρτον
1421 3395 1675 3464 δαίμονα,
1712 3396 1806 3445 καὶ

219 3487 556 3555 ἐπιτιμήσας
592 3486 755 3538 αὐτὸν
786 3488 878 3538 ἐπὶ
909 3485 986 3555 τῷ
1023 3487 1241 3557 φοὸερῷ
1281 3487 1376 3539 καὶ
1413 3488 1551 3556 ἁγίῳ
1581 3486 1805 3555 όνόματι

218 3577 315 3629 τοῦ
346 3576 505 3634 Θεοῦ,
542 3577 780 3643 άξαντον
810 3578 975 3631 αὑτὸν
1009 3580 1316 3647 πεποίηκεν
1347 3578 1456 3629 ἀπὸ
1484 3578 1669 3648 πάσης
1709 3579 1806 3646 τῆς

219 3670 532 3738 ἐνεργείας,
560 3671 768 3723 ἐκείνου
793 3671 1091 3739 κράξαντος
1113 3674 1191 3733 είς
1218 3670 1544 3736 ἐξάκουστον
1566 3672 1805 3732 πάντων,

218 3764 304 3811 ἱέτι
337 3761 439 3812 ὑπὸ
475 3761 643 3829 πυρὸς
668 3761 955 3814 ἐλαύνεται
984 3764 1064 3823 εἰς
1096 3761 1195 3829 τὴν
1229 3761 1456 3827 γέενναν
1497 3761 1589 3813 τοῦ
1616 3761 1804 3830 πυρός.

224 3850 601 3913 Κελεύσαντος
642 3851 699 3903 δὲ
732 3851 823 3903 τοῦ
866 3852 1023 3918 ἁγίου
1074 3853 1341 3919 ἐγέμισαν
1371 3853 1416 3904 0i
1451 3850 1643 3920 βαφεῖς
1682 3855 1807 3913 τοὺς

226 3941 486 4009 λέὃητας,
529 3959 622 3992 και
663 3942 927 4009 παρόντος
962 3940 1129 3993 αὑτοῦ
1160 3942 1366 4009 ἐχάλων
1406 3942 1549 4010 ἔριον
1590 3944 1684 3993 καὶ
1711 3941 1807 4011 τὴν

221 4035 452 4085 δέουσαν
483 4034 663 4102 βαέὴν
686 4035 1100 4103 ἀνεμποδίστως
1128 4033 1184 4096 ἐξ
1218 4034 1427 4085 ἐκείνου
1473 4034 1685 4102 ἐδέχετο
1716 4036 1808 4087 καὶ

221 4128 304 4185 εἰς
330 4123 420 4175 τὸν
462 4125 761 4191 μετέπειτα
791 4126 980 4192 χρόνον
1000 4139 1014 4153 ·
1044 4126 1137 4175 καὶ
1178 4123 1351 4185 οὕτως
1387 4122 1734 4194 ἐρῤύσθησαν
1757 4122 1809 4175 οἵ

221 4229 280 4263 τε
316 4213 724 4282 πολιτευόμενοι
753 4213 846 4265 καὶ
875 4212 925 4264 oi
952 4211 1143 4281 βαφεῖς
1178 4212 1377 4274 πάντες
1404 4212 1497 4264 τοῦ
1526 4210 1805 4279 βασιλικοῦ

230 4305 503 4356 κινδύνου.

306 4488 358 4539 I'.
402 4488 699 4557 Τεράστιον
730 4486 911 4554 θέαμα
939 4489 1228 4555 γενόμενον
1260 4485 1364 4538 ὑπὸ
1384 4486 1476 4539 τοῦ
1509 4486 1656 4538 ὁσίου
1681 4485 1793 4538 τού·
1832 4522 1885 4583 D

218 4598 317 4633 του
347 4579 551 4649 Πατρὶς
583 4577 737 4646 ἡμῶν
763 4577 1065 4646 Παρθενίου
1089 4577 1379 4633 ἀκούσατε.
1422 4578 1509 4631 Ἐν
1534 4577 1609 4645 τῷ
1631 4577 1806 4645 καιρῷ

217 4673 324 4742 τῆς
353 4671 461 4723 τῶν
490 4670 663 4721 θύνων
696 4670 879 4732 άλείας
903 4671 988 4721 ὅτε
1028 4671 1077 4720 0i.
1113 4670 1211 4737 μὲν
1249 4669 1431 4737 ἰχθύες
1473 4670 1676 4738 ὁρῶντο
1697 4674 1805 4731 τοῖς

214 4764 486 4823 ἁλιεῦσιν,
528 4761 603 4825 ὡς
632 4761 732 4831 ἤδη
760 4763 816 4813 ἐν
846 4760 1035 4829 χερσὶν
1068 4761 1406 4830 ὑπάρχοντες
1436 4778 1447 4790 ·
1476 4761 1806 4831 χαλωμένων

214 4856 272 4907 δὲ
309 4855 415 4906 τῶν
454 4853 685 4905 δικτύων
725 4852 882 4904 οὐδὲν
918 4852 1081 4904 πλέον
1113 4853 1274 4921 ἤνυον
1310 4852 1343 4922 ἢ
1400 4853 1489 4905 τὸν
1520 4854 1685 4905 κόπον
1710 4852 1804 4920 μό-

217 4965 312 5000 νον
369 4947 660 5015 ὑπέμενον.
714 4943 886 4996 Τοῦτο
923 4944 981 4996 δὲ
1042 4943 1147 4995 ὑπὸ
1202 4944 1517 5013 διαϐολικῆς
1543 4942 1715 5013 αὔρας
1747 4943 1806 4996 τὸ

216 5038 480 5107 ἐμπόδιον
518 5038 784 5106 ὑπῆρχεν,
833 5038 932 5088 οὐκ
985 5038 1061 5099 είς
1111 5037 1168 5089 ἓν
1200 5038 1231 5106 ἢ
1259 5036 1511 5106 δεύτερον
1543 5038 1804 5106 ἐμπόριον

226 5132 548 5201 γενόμενον,
608 5129 721 5183 ἀλλ’
754 5132 831 5191 εἰς
862 5130 988 5197 ὃλην
1015 5131 1111 5198 τὴν
1135 5131 1425 5199 παραλίαν,
1456 5129 1611 5199 ἄχρις
1642 5128 1801 5181 Ἀϐύ-

208 5226 331 5277 δου.
369 5224 479 5276 Καὶ
538 5222 900 5292 συναχθέντες
932 5222 1171 5283 ἅπαντες
1207 5221 1298 5273 ἐπὶ
1331 5220 1408 5290 τῷ
1441 5221 1612 5291 αὐτῷ,
1654 5223 1804 5290 ἐδεή-

211 5315 282 5385 θη
332 5333 394 5367 αν
446 5312 537 5367 τοῦ
588 5312 797 5367 δικαίου
826 5313 1040 5382 ἀνόρὲις,
1076 5311 1335 5376 εὖξασθαι
1379 5311 1513 5381 πρὸς
1547 5313 1636 5364 τὸν
1669 5313 1801 5365 Θεὸν

212 5408 353 5474 περὶ
381 5406 580 5461 αὐτῶν.
616 5405 925 5474 Εὑχομένου
968 5405 1022 5457 δὲ
1055 5405 1222 5457 αὐτοῦ
1268 5404 1406 5474 μετά
1433 5404 1683 5475 νηστείας
1707 5406 1801 5457 καὶ

210 5498 527 5567 κλαυθμοῦ,
559 5501 903 5569 ὲςρανέρωσεν
968 5498 1116 5567 αὐτῷ
1143 5501 1170 5551 ό
1208 5498 1337 5561 Θεὸς
1377 5497 1474 5566 τὴν
1506 5498 1802 5568 σατανικὴν

209 5598 523 5662 ἐνέργειαν,
570 5589 631 5643 Ὀ
661 5590 717 5643 δὲ
757 5590 1056 5659 διεγερθεὶς
1083 5590 1181 5642 οὐκ
1214 5589 1459 5660 ὤκνησεν
1494 5590 1799 5659 παραγενέ-

209 5691 345 5738 alia:
379 5686 433 5735 ἐν
471 5685 683 5751 ἑκάστῳ
712 5684 961 5753 ἐμπορίῳ
1011 5682 1115 5744 ’ἐως
1147 5682 1396 5745 Ἄϐυδον,
1435 5684 1526 5735 καὶ
1558 5681 1797 5748 εὐλογῶν

210 5779 366 5847 tam?
428 5777 521 5828 καὶ
572 5775 857 5845 ἐμϐάλλων
896 5776 1047 5836 ἃλας,
1098 5774 1525 5842 ἐπικαλούμενος
1554 5774 1645 5828 τὸν
1668 5774 1797 5827 Θεὸν

307 5895 383 5961 {5;
426 5891 553 5946 Vide
584 5892 669 5945 hic
699 5904 894 5959 aquam
927 5890 1168 5945 benedici
1196 5906 1314 5945 (‘llltl
1344 5892 1472 5944 sale.

1912 3307 1993 3351 set
2020 3300 2181 3352 homo
2220 3298 2314 3353 Dei
2353 3299 2681 3356 Parthenius
2708 3312 2760 3356 et
2798 3304 2864 3356 ab
2909 3305 2988 3356 eis
3020 3303 3213 3357 fuisset
3245 3315 3486 3374 rogatus,

1911 3403 2165 3459 prompto
2188 3400 2241 3444 et
2295 3392 2457 3445 alacri
2494 3395 2677 3447 animo
2710 3395 2855 3447 venit
2888 3398 2954 3447 ad
2997 3397 3175 3449 locum
3214 3396 3439 3450 ollicina:
3469 3416 3483 3453 :

1910 3489 1963 3533 et
1989 3495 2109 3533 cum
2126 3479 2449 3535 advocasset
2471 3483 2809 3537 immundum
2827 3496 3141 3552 operantem
3162 3487 3487 3551 da‘monem,

1908 3584 1960 3625 et
2002 3588 2124 3625 eum
2161 3573 2495 3641 increpasset
2526 3577 2749 3628 terribili
2778 3585 2830 3628 et
2868 3586 3057 3630 saneto
3085 3578 3303 3631 nomine
3324 3576 3485 3631 Citri-

1912 3664 2003 3727 sti,
2056 3662 2184 3717 fecit
2228 3679 2350 3717 eum
2408 3680 2733 3719 evaneStere
2776 3666 2843 3719 ab
2869 3668 3121 3721 erunibus
3149 3669 3365 3735 ﬁnibus,
3397 3671 3488 3725 illo

1913 3757 2181 3809 clamante
2216 3756 2467 3809 onmihus
2500 3757 2844 3813 audientibus
2881 3774 2894 3812 :
2933 3757 3213 3828 Tanquam
3269 3760 3336 3815 ab
3364 3762 3487 3830 igne

1911 3847 2151 3915 expellor
2208 3852 2258 3900 in
2295 3853 2599 3916 gehennam
2659 3850 2818 3919 ignis.
2846 3851 2980 3904 Cum
3016 3864 3195 3906 autem
3232 3851 3488 3921 jnssisset

1886 3936 2165 4001 -SanClIts,
2204 3938 2465 3992 tinctores
2506 3938 2867 4008 impleverunt
2905 3941 3134 4006 lebetes,
3168 3954 3221 3997 et
3258 3958 3323 3996 eo
3350 3958 3489 4011 prae—

1911 4039 2063 4082 sente
2119 4029 2459 4083 immiserunt
2487 4031 2688 4084 lanam.
2720 4031 2791 4084 Ea
2821 4048 2947 4087 vero
2999 4035 3064 4085 ab
3099 4034 3190 4088 illo
3224 4045 3479 4103 tempore,

1911 4135 2050 4183 cam,
2088 4136 2250 4187 quam
2281 4123 2567 4189 oportebat
2612 4124 2899 4175 tincturam
2941 4124 3077 4177 citra
3120 4126 3283 4177 ullutn
3316 4128 3489 4195 im;e~

1911 4208 2208 4262 dimentum
2239 4212 2633 4277 arcepitettam
2677 4211 2730 4264 in
2764 4210 3027 4267 futurum.
3068 4211 3264 4284 Sicque
3296 4228 3348 4267 ct
3392 4218 3482 4284 qui

1910 4304 2169 4367 gerebant
2208 4304 2615 4371 rempublicam,
2652 4315 2705 4359 et
2732 4308 2995 4361 tinctores
3028 4322 3217 4363 omnes
3262 4309 3474 4364 liberati

1913 4395 2127 4445 luerunt
2163 4409 2189 4444 a
2228 4395 2465 4462 pericqu
2493 4395 2859 4463 imperatoris.

1986 4484 2049 4539 Χ.
2080 4488 2270 4539 Audite
2292 4488 2434 4540 aliud
2467 4503 2679 4557 quoque
2704 4505 2954 4558 tnagnum
2975 4491 3482 4561 miraculum,quod

1916 4575 2115 4630 factum
2144 4585 2225 4630 est
2266 4594 2294 4630 a
2330 4588 2519 4631 sancto
2548 4578 2709 4634 Patre
2741 4592 2925 4634 nostro
2967 4580 3282 4638 Parthenio.
3319 4573 3484 4637 Tem-

1913 4684 2040 4736 pore
2104 4672 2420 4737 piscationis
2468 4672 2815 4743 tliyunnrnm,
2848 4678 3206 4728 ceruehantur
3263 4677 3481 4745 quidem

1914 4762 2089 4830 pisces
2136 4779 2163 4815 a
2218 4767 2597 4831 piscatoribus,
2634 4777 2888 4833 tanquam
2928 4769 3019 4833 qui
3062 4767 3176 4835 jam
3206 4780 3390 4823 essent
3428 4771 3481 4823 in

1914 4856 2180 4909 manibus.
2225 4855 2357 4909 Cum
2392 4856 2711 4910 laxarentur
2758 4868 2937 4911 autem
2980 4864 3137 4924 retia,
3169 4862 3302 4914 nihil
3356 4878 3483 4931 pro—

1912 4948 2183 5011 licieliaut,
2228 4949 2321 5001 sed
2378 4948 2615 5002 laborem
2668 4950 2881 5002 inanem
2942 4952 3300 5006 sustinebant.
3358 4952 3482 5007 Fuit

1913 5053 2041 5091 vero
2075 5042 2175 5093 hoc
2209 5056 2236 5092 a
2292 5041 2559 5094 diabolica
2612 5055 2743 5095 aura
2796 5043 3236 5111 impedimentum
3277 5061 3383 5098 non
3426 5048 3476 5098 in

1910 5146 2015 5184 uno
2045 5142 2252 5185 tantum
2278 5142 2368 5185 aut
2395 5132 2563 5187 altero
2589 5134 2855 5201 emporio,
2887 5138 2981 5188 sed
3017 5137 3068 5189 in
3120 5146 3229 5190 tota
3261 5139 3478 5205 regione

1914 5222 2185 5275 maritima
2240 5238 2410 5291 usque
2464 5226 2529 5277 ad
2581 5226 2853 5295 Abydum.
2881 5225 3080 5281 Omnes
3112 5240 3293 5283 autem
3317 5232 3475 5282 simul

1908 5314 2240 5381 congregati,
2277 5325 2535 5383 rogarunt
2588 5316 2766 5369 virum
2796 5318 3021 5383 justum,
3053 5328 3109 5372 ut
3156 5318 3321 5373 Deum
3380 5334 3477 5387 pio

1906 5403 1984 5455 eis
2017 5416 2351 5471 precaretur.
2385 5404 2457 5457 Eo
2504 5420 2630 5461 vero
2684 5417 2953 5476 precante
2986 5426 3105 5463 cum
3173 5410 3376 5478 jejunio
3424 5424 3477 5465 et

1909 5494 2055 5559 ﬂetu,
2090 5494 2229 5551 Deus
2260 5496 2307 5551 ei
2354 5499 2567 5565 aperuit
2614 5513 2833 5553 causam
2881 5509 2935 5553 et
2985 5499 3295 5556 Satanicam
3341 5518 3474 5573 ope-

1910 5591 2196 5643 rationem.
2230 5588 2593 5656 Experrectus
2626 5603 2826 5657 autem,
2854 5594 2989 5647 citra
3038 5609 3243 5646 moram
3297 5594 3475 5661 profe-

1905 5691 2022 5734 ctus
2051 5691 2133 5735 est
2164 5682 2217 5735 in
2256 5697 2418 5735 unum
2446 5686 2699 5751 quodque
2720 5686 3019 5754 emporium
3046 5700 3212 5753 usque
3243 5685 3309 5738 ad
3330 5686 3473 5755 Aby-

1904 5775 2053 5837 dum,
2094 5785 2145 5828 et
2177 5790 2368 5843 aquam
2409 5776 2752 5842 benedicens,
2788 5789 2840 5831 et
2900 5778 2975 5833 sal
3014 5779 3259 5847 injiciens
3292 5779 3390 5848 (5),
3420 5790 3472 5829 et
