4218 6482
721 375 857 444 1359

1916 376 2197 440 MENSIS
2219 377 2753 455 ,FEBRUARIUS.

3837 385 3983 454 3383

704 498 873 552 Deum
902 493 1376 563 invocans,‘jussit
1398 493 1584 549 ‘atl‘erri
1624 493 1780 558 retia,
1815 500 1869 548 et
1899 508 1965 548 eo
2019 500 2287 556 praesente
2314 494 2350 552 Α

2392 493 2689 564 ἐπέρῤαινε
2715 492 2829 556 τοῖς
2863 491 3102 556 δικτύοις
3132 494 3227 548 καὶ
3257 496 3531 570 ἐπέτρεπε
3578 497 3848 563 παρέντος
3874 500 3982 552 αύ-

701 588 931 659 piscium
994 598 1309 643 consuetam
1351 586 1531 642 facere
1554 587 1931 657 piscationem.
1974 584 2125 640 Tunc
2152 599 2277 637 cum

702 694 894 749 magno
943 679 1138 747 gaudio
1194 693 1290 732 sua
1331 681 1465 732 retia
1510 679 1778 742 laxantes,
1812 676 2025 731 Domini
2077 676 2279 730 virmte

702 778 756 823 et
787 769 959 823 sancti
989 768 1261 837 precibus,
1301 777 1451 823 tanta
1476 768 1615 821 bona
1649 768 1926 821 consecuti
1957 773 2082 819 sunt
2116 766 2166 818 in
2191 763 2278 834 pi-

703 862 962 922 scaiione,
986 868 1042 914 ut
1068 860 1339 928 praeteriti
1382 862 1638 930 temporis
1680 859 1949 914 defectum
1997 855 2279 926 suppleve-

698 954 830 1006 rint.
862 950 1096 1007 Sedente
1121 962 1299 1005 autem
1324 953 1440 1005 viro
1465 962 1658 1006 sancto
1676 953 1726 1005 in
1748 950 1995 1021 emporio
2017 950 2276 1017 Catapte-

703 1045 819 1111 lea,
847 1059 969 1098 cum
995 1045 1222 1113 piscatio
1253 1044 1405 1098 fieret
1424 1043 1675 1113 piscium,
1704 1053 1922 1114 reteque
1943 1041 2274 1103 traheretur,

702 1137 936 1207 thynnus
990 1135 1259 1188 maximus
1297 1150 1328 1190 e
1366 1136 1468 1189 reti
1534 1135 1811 1199 exsilicns,
1850 1148 1910 1189 se
1962 1132 2185 1202 proiecit
2211 1131 2275 1185 ad

719 1228 863 1282 ledes
885 1226 1081 1283 sancti.
1103 1227 1276 1293 Quem
1298 1242 1421 1283 eum
1444 1228 1732 1298 signasset,
1754 1234 1808 1281 et
1827 1235 2080 1296 precatus
2105 1232 2275 1280 esset.

722 1321 857 1378 nssit
884 1321 1056 1376 scindi
1088 1329 1140 1375 ct
1166 1320 1415 1377 distribui
1439 1319 1698 1375 fratribus
1730 1322 1796 1373 ad
1819 1318 2047 1391 gloriam
2082 1316 2199 1373 Dei.

772 1600 862 1657 XI.
915 1600 1222 1667 Aliquando
1286 1597 1657 1653 lleracleotem
1704 1596 1993 1667 quemdam
2057 1608 2275 1649 nomine

698 1696 1003 1755 Callistum,
1027 1695 1112 1746 cui
1149 1707 1176 1745 a
1209 1690 1474 1745 diabolica
1515 1689 1837 1759 operatione
1869 1688 2085 1741 fuerant
2114 1688 2276 1755 pedes

700 1785 887 1848 soluti,
917 1786 1190 1837 duxerunt
1221 1783 1286 1836 ad
1318 1782 1535 1837 beatum
1568 1780 1945 1835 Parthenium.
1966 1782 2135 1845 Quem
2155 1778 2274 1848 qui-

699 1882 846 1942 dem,
877 1891 999 1931 cum
1040 1884 1184 1929 esset
1218 1882 1495 1941 precatus,
1547 1882 1601 1926 et
1633 1883 1877 1925 curasset
1911 1872 2114 1924 virtute
2174 1870 2277 1923 Do-
2311 1843 2350 1897 Β

701 1970 857 2033 mini,
906 1967 1143 2039 propriis
1197 1967 1422 2035 pedibus
1448 1962 1813 2018 ambulantem
1846 1963 2059 2018 remisit
2095 1967 2146 2016 in
2182 1964 2279 2016 do-

702 2077 846 2117 mum
873 2074 1051 2122 suam,
1079 2059 1344 2112 laetantem
1385 2065 1441 2111 et
1473 2054 1636 2110 Deum
1663 2054 2077 2126 glorificantem.
2097 2055 2276 2109 Alium

702 2163 885 2209 autem
919 2151 1227 2221 quemdam,
1260 2148 1479 2201 nomine
1503 2145 1762 2212 Lesbum,
1802 2161 1867 2201 ex
1924 2146 2125 2211 insula,
2155 2161 2277 2217 qua:

702 2246 899 2302 dicitur
926 2243 1026 2308 Oa,
1063 2242 1337 2296 duxerunt
1363 2238 1428 2293 ad
1459 2238 1732 2292 hominem
1777 2237 1890 2291 Dei.
1924 2235 2027 2303 Qui
2064 2239 2278 2305 quidem

705 2355 733 2390 ιι
776 2335 1004 2406 pedibus
1042 2333 1108 2386 ad
1160 2338 1327 2399 caput
1384 2342 1554 2396 usque
1583 2334 1702 2381 erat
1734 2334 1883 2381 totus
1912 2326 2211 2393 ulceratus,
2249 2342 2279 2381 a

704 2429 919 2493 leproso
947 2423 1079 2478 nihil
1109 2420 1387 2475 differens.
1416 2419 1551 2471 Eum
1584 2416 1705 2471 oleo
1734 2431 1943 2487 ungens
1972 2426 2028 2471 et
2055 2433 2283 2486 prccans

705 2520 877 2571 tribus
899 2514 1107 2579 diebus,
1139 2526 1330 2567 sanum
1387 2509 1597 2564 remisit
1639 2508 1706 2562 ad
1746 2522 1897 2561 suos.
1946 2507 2020 2562 Ex
2071 2510 2283 2579 magnis

703 2622 834 2676 ergo
861 2617 914 2661 et
942 2605 1125 2658 multis
1150 2602 1450 2665 miraculis,
1477 2615 1597 2671 quae
1620 2614 1649 2653 a
1691 2609 1882 2654 sancto
1909 2599 2070 2655 Patre
2096 2612 2282 2656 nostro

703 2697 998 2754 Parthenio
1034 2694 1124 2749 Dei
1159 2695 1337 2763 gratia
1377 2691 1521 2746 facta
1566 2700 1715 2755 sunt,
1741 2696 1970 2760 partem,
2002 2702 2161 2761 prout
2190 2706 2283 2756 ρο-

705 2791 806 2853 tui,
838 2786 1143 2859 significavi
1180 2794 1375 2840 vestra:
1427 2782 1680 2836 charitati
1710 2799 1725 2835 :
1770 2796 1877 2836 non
1932 2791 2187 2851 tanquam
2218 2783 2285 2837 de

708 2884 871 2938 Patre
911 2890 966 2935 et
992 2880 1216 2935 doctore
1246 2877 1412 2932 verba
1452 2873 1657 2931 faciens
1688 2875 1753 2929 ad
1802 2890 1926 2930 eum
1954 2878 2283 2942 ornandum,

708 2984 930 3046 pr0pter
960 2973 1035 3038 id,
1062 2971 1204 3041 quod
1241 2970 1441 3025 dicitur
1468 2986 1482 3023 :
1521 2986 1539 3020 ‹
1569 2968 1765 3023 Perdet
1788 2967 2051 3024 Dominus
2074 2982 2284 3032 omnes,

707 3069 801 3137 qui
833 3068 1128 3134 loquuntur
1155 3062 1491 3117 mendacium
1513 3060 1572 3114 ’ς
1602 3078 1621 3113 ι
1667 3056 1761 3115 sc'd
1799 3076 1887 3116 res
1920 3061 2049 3127 ipsa;
2077 3068 2283 3115 testan-

2386 583 2483 636 τοῦ
2520 586 2621 655 τὴν
2652 584 2860 655 συνήθη
2889 585 3068 655 ἄγραν
3095 587 3205 641 τῶν
3235 588 3433 658 ίχθύων
3461 590 3819 662 ποιήσασθαι.
3837 592 3979 644 Τότε

2385 673 2665 743 χαλῶντες
2703 676 2843 746 μετὰ
2867 677 3071 746 πολλῆς
3089 684 3263 749 χαρᾶς
3294 681 3363 732 τά
3389 682 3605 745 δίκτυα,
3639 685 3705 753 τῇ
3736 684 3975 752 δυνάμει

2381 765 2476 819 τοῦ
2509 767 2718 837 Κυρίου
2756 768 2852 823 καὶ
2883 773 2949 839 τῇ
2977 771 3106 841 εὐχῇ
3145 772 3240 825 τοῦ
3274 773 3423 824 ὁσίου
3454 770 3727 826 τοσούτων
3749 774 3980 843 ἀγαθῶν

2382 859 2533 924 ἐντὸς
2565 861 2813 928 ἐγένοντο
2845 864 3087 929 ἅπαντες
3117 868 3178 919 ἓν
3200 870 3263 937 τῇ
3290 867 3457 939 ἄγρᾳ,
3481 869 3560 932 ὡς
3585 869 3677 922 καὶ
3706 870 3804 922 τοῦ
3831 886 3981 940 παρ-

2383 949 2628 1014 ελθόντος
2660 953 2855 1021 χρόνου
2888 955 3290 1026 ἀναπληρῶσαι
3320 957 3381 1010 τὸ
3405 956 3615 1011 λεῖπον.
3643 959 3980 1029 Καθημένου

2381 1043 2438 1096 δὲ
2476 1043 2571 1096 τοῦ
2619 1044 2779 1113 ἀγίου
2808 1046 2999 1117 ἀνδρδς
3031 1050 3089 1102 ἐν
3112 1065 3192 1120 τῳ
3222 1050 3365 1103 κατά
3392 1050 3662 1115 Πτελαίας
3695 1054 3980 1122 ἐμπορίῳ,

2383 1135 2479 1189 καὶ
2508 1136 2801 1208 γινομένης
2831 1140 2929 1208 τῆς
2960 1141 3137 1211 ἄγρας
3166 1142 3275 1196 τῶν
3304 1143 3527 1212 ἰχθύων,
3554 1145 3854 1215 ἑλκομένου
3880 1145 3977 1199 τοῦ

2381 1229 2623 1296 δικτύου,
2658 1229 2819 1295 θῦνος
2873 1232 3135 1302 μέγιστος
3171 1237 3237 1289 ἐκ
3266 1238 3360 1290 τοῦ
3399 1239 3618 1292 δικτύου
3649 1239 3981 1310 προσπηδή-

2383 1337 2502 1387 σας,
2527 1321 2751 1394 ἔρριψεν
2769 1324 2964 1379 ἐαυτὸν
2989 1328 3070 1390 είς
3089 1329 3217 1392 τοὺς
3242 1329 3412 1393 πόδας
3441 1329 3535 1383 τοῦ
3570 1330 3728 1398 ἁγίου
3757 1330 3977 1401 ἀνδρὸς,

2379 1413 2550 1485 ὅνπερ
2589 1415 2903 1485 σφραγίσας
2960 1418 3058 1471 καὶ
3087 1419 3465 1491 ἐπευξάμενος
3514 1422 3804 1476 ἐκέλευσεν
3833 1439 3982 1492 πτη-

2382 1504 2542 1575 θῆναι
2578 1502 2672 1560 καὶ
2700 1511 2815 1572 τοῖς
2855 1509 3105 1579 ἀδελφοῖς
3144 1512 3461 1584 διαδοθῆναι
3485 1515 3566 1578 είς
3595 1514 3754 1579 δόξαν
3777 1513 3942 1568 Θεοῦ.

2453 1596 2557 1652 IA'.
2593 1596 2986 1669 ’Ἡρακλεώτην
3029 1601 3277 1671 μονηρίῳ
3333 1604 3398 1654 ἐκ
3455 1603 3771 1674 διαϐολικῆς
3830 1606 3983 1674 ἐνερ-

2380 1689 2537 1757 γείας
2588 1690 2902 1761 παρεθέντα
2950 1692 3078 1755 τοὺς
3154 1693 3323 1756 πόδας
3378 1694 3609 1764 ὀνόματι
3664 1697 3980 1750 Κάλλιστον

2380 1782 2589 1850 ἡγαγον
2619 1782 2757 1849 πρὸς
2791 1782 2885 1834 τὸν
2919 1783 3215 1854 μακάριον,
3241 1784 3298 1837 ὂν
3325 1787 3624 1855 ἰασάμενος
3647 1791 3714 1858 τῇ
3742 1788 3981 1859 δυνάμει

2379 1870 2473 1924 τοῦ
2503 1872 2709 1941 Κυρίου
2744 1873 2898 1936 ίδίοις
2950 1876 3112 1928 ποσὶν
3183 1877 3600 1947 περιπατοῦντα
3636 1880 3983 1948 ἀπέπεμψεν

2380 1961 2568 2024 είςτδν
2589 1957 2739 2015 οἶκον
2766 1963 2956 2017 αὑτοῦ.
2991 1965 3221 2037 Ἕτερον
3245 1967 3302 2020 δεῖ
3327 1985 3453 2020 τινα
3488 1968 3717 2038 ὀνόματι
3743 1969 3985 2024 Λέσϐιον

2381 2054 2489 2107 ἀπὸ
2526 2055 2626 2124 τῆς
2659 2055 2828 2125 νήσου
2855 2057 2955 2124 τῆς
2991 2056 3294 2127 λεγομένης
3325 2059 3459 2122 “ita;
3487 2060 3692 2129 ἡγαγον
3720 2062 3860 2131 πρὸς
3887 2062 3985 2113 ’δν

2380 2147 2667 2218 ἄνθρωπον
2692 2146 2788 2201 τοῦ
2819 2147 2958 2201 Θεοῦ
2986 2149 3108 2202 ὅλον
3157 2150 3476 2220 ἡλκωμένον
3508 2152 3616 2205 ἀπὸ
3643 2152 3751 2204 τῶν
3799 2152 3988 2205 ποδῶν

2382 2239 2487 2303 ἕως
2519 2238 2790 2311 κεφαλῆς,
2811 2245 2989 2310 »μηδὲν
3020 2241 3353 2311 διαφέροντα
3375 2241 3605 2311 λεπροῦ,
3640 2242 3703 2293 ὃν
3733 2241 3988 2309 ἀλείφων

2383 2329 2573 2400 ἐλαίῳ,
2602 2331 2698 2383 καὶ
2720 2331 3095 2401 ἐπευχόμενος
3124 2334 3182 2385 ἐν
3203 2335 3384 2401 τρισὶν
3400 2334 3553 2394 ὅλαις
3576 2334 3815 2403 ἡμέραι,
3848 2335 3984 2402 τιγιή

2384 2422 2723 2476 ἀπέστειλεν.
2773 2423 2870 2477 Ἐκ
2911 2425 3125 2477 πολλῶν
3159 2427 3214 2479 δὲ
3240 2427 3338 2478 καὶ
3369 2427 3625 2496 μεγάλων
3650 2427 3990 2497 Θαυμασίων

2389 2514 2483 2567 ὑπ’
2509 2514 2679 2568 αὐτοῦ
2708 2514 2896 2586 χάριτι
2928 2500 3167 2588 Χριστοῦ
3198 2519 3504 2586 γεγονότων
3531 2521 3590 2571 ἐν
3618 2521 3775 2589 μέρει
3812 2519 3939 2572 καθ’
3958 2518 3989 2571 δ

2390 2605 2663 2678 ἡδυνὴθην
2692 2607 2968 2678 ἐγνώρισα
2994 2612 3057 2679 τῇ
3080 2610 3272 2682 ἀγάπῃ
3294 2611 3471 2679 ὑμῶν.
3498 2610 3594 2681 ούχ
3616 2613 3691 2674 ὡς
3720 2611 3993 2664 διδασκά-

2391 2696 2484 2750 λου
2509 2702 2830 2769 ποιούμενος
2862 2700 3020 2769 λόγον
3049 2703 3143 2754 ἐπὶ⁸
3176 2702 3237 2755 τὸ
3261 2702 3545 2772 σεμνῦναι,
3577 2704 3712 2756 διότι
3736 2722 3753 2753 ι
3784 2704 3989 2755 ἀπολεῖ

2387 2791 2591 2860 Κύριος
2611 2790 2820 2854 πάντας
2840 2792 2968 2854 τοὺς
2986 2790 3280 2857 λαλοῦντας
3312 2794 3373 2846 τὸ
3392 2794 3608 2863 ψεῦδος,
3650 2812 3669 2845 ι
3695 2793 3812 2846 ἀλλ’
3835 2795 3984 2846 αὐτά

2387 2882 2456 2935 τά
2483 2882 2790 2951 πράγματα
2853 2884 3127 2953 μαρτυρεῖ
3181 2884 3273 2937 καὶ
3299 2885 3437 2952 μετά
3494 2886 3647 2947 τέλος
3675 2885 3983 2952 γινὸαεναο

2389 2973 2578 3044 χρείας
2599 2974 2762 3027 αὐτὸν
2791 2973 3122 3044 καλεσάσης,
3158 2975 3429 3031 κατέλαϐε
3476 2979 3575 3048 τὴν
3640 2995 3799 3047 μητρί
3824 2977 3989 3030 πολιν

2400 3065 2731 3134 Ἡράκλειαν
2781 3069 2883 3137 τῆς
2926 3066 3170 3136 Θρᾴκης,
3223 3067 3317 3119 καὶ
3352 3067 3632 3136 συντυχὼν
3679 3068 3758 3138 τῷ
3797 3071 3987 3121 ἐκεῖσε

710 3177 816 3223 tur,
848 3161 1012 3214 etiam
1039 3170 1160 3226 quae
1196 3155 1332 3209 fiunt
1363 3163 1484 3222 post
1529 3154 1646 3222 ejus
1674 3153 1904 3207 obitum.
1931 3150 2086 3207 Unde
2116 3153 2281 3207 etiam
2312 3193 2350 3247 Ο

2393 3157 2811 3227 ἀρχιεπισκόπῳ
2859 3159 3105 3228 ἐσχάτως
3151 3157 3352 3229 ἔχοντι.
3397 3160 3631 3213 ἐπύθετο
3652 3161 3754 3229 τῆς
3790 3162 3986 3231 ἀρῥω-

707 3269 831 3309 t-nm
859 3268 923 3305 co
951 3250 1131 3305 adhuc
1166 3249 1290 3302 vivo
1317 3261 1448 3301 usus
1500 3246 1791 3316 aliquando
1837 3259 1961 3299 eum
2016 3253 2284 3310 vocasset,

713 3346 808 3398 ivit
847 3345 898 3395 in
956 3338 1203 3393 Thracia:
1239 3336 1575 3406 metropolim
1618 3335 1929 3390 lleracleam
1965 3352 1979 3388 :
2011 3344 2065 3388 et
2094 3350 2290 3390 conve-

713 3436 869 3490 nieus
906 3429 1395 3499 archiepiscopum,
1424 3428 1516 3498 qui
1542 3426 1655 3482 illic
1690 3437 1833 3493 erat,
1863 3428 2081 3482 nomine
2107 3426 2287 3499 iiypa-

714 3523 1051 3594 tianum,qui
1077 3521 1145 3577 ad
1176 3532 1416 3575 extrema
1448 3521 1560 3574 fere
1598 3527 1716 3574 erat
1751 3519 2021 3583 redactus,
2082 3520 2290 3589 rogavit

712 3636 934 3675 causam
997 3618 1193 3671 morbi.
1227 3615 1361 3669 Cum
1404 3629 1497 3684 per
1533 3614 1772 3668 divinam
1803 3623 1981 3668 autem
2008 3613 2291 3667 revelatio-

715 3727 837 3767 nein
873 3709 1216 3778 cognovisset
1244 3708 1431 3758 lzeatus
1467 3703 1820 3765 Parthenius,
1849 3717 1972 3756 eum
2029 3701 2289 3772 castigari

717 3812 938 3874 propter
961 3799 1269 3860 avaritiam,
1299 3806 1356 3850 nt
1380 3796 1469 3866 qui
1513 3809 1599 3848 res
1638 3809 1935 3864 pauperum
1978 3803 2289 3863 usurparet,

714 3907 768 3949 rt
793 3910 888 3950 eos
912 3893 1018 3947 illis
1044 3891 1305 3959 privaret,
1332 3903 1488 3941 mane
1532 3886 1630 3940 ivit
1655 3901 1844 3940 rursus
1867 3886 1933 3940 ad
1963 3902 2085 3939 eum
2113 3886 2293 3941 visen-

716 3992 866 4051 dum,
907 3994 961 4039 ct
990 3985 1038 4037 ei
1064 3982 1191 4036 dicit
1226 3998 1238 4033 :
1271 3979 1467 4048 Surge,
1502 3993 1695 4048 magne
1736 3978 1971 4032 domine.
2003 3977 2116 4032 Non
2146 3979 2290 4032 enim

720 4083 934 4134 laboras
969 4074 1282 4129 infirmitate
1315 4074 1582 4140 corporis,
1610 4071 1703 4124 sed
1738 4069 2023 4138 castigaris
2075 4078 2293 4138 propter

720 4170 968 4226 morbum
994 4168 1209 4220 animae.
1241 4163 1365 4217 ila'c
1391 4176 1519 4229 ergo
1538 4162 1771 4230 depone,
1805 4169 1857 4215 ct
1884 4176 2075 4215 rursus
2094 4161 2293 4216 evades

720 4275 903 4315 sanus.
938 4254 1231 4324 Respondit
1262 4264 1499 4322 :egrotus
1526 4252 1735 4306 etdixit
1763 4270 1776 4307 :
1807 4250 1933 4305 Scio
1954 4267 2052 4319 ego
2077 4267 2292 4321 quoque

721 4368 807 4407 me
851 4364 979 4405 esse
1016 4356 1385 4419 peccatorem,
1447 4355 1503 4399 et
1548 4344 1668 4399 ideo
1723 4344 2004 4413 castigari.
2040 4342 2146 4397 Sed
2196 4358 2292 4398 ora

719 4458 815 4514 pro
843 4456 949 4504 me,
991 4455 1121 4508 rogo
1151 4449 1226 4500 te,
1260 4447 1315 4489 ut
1345 4437 1490 4490 lever
1536 4436 1672 4488 meis
1705 4434 2105 4504 iniquitatibus.
2153 4435 2292 4490 Dicit

2393 3248 2547 3309 στίας
2568 3248 2630 3300 τὸ
2670 3250 2864 3303 αἴτιον.
2891 3250 3058 3314 Γνοὺς
3083 3250 3142 3302 δὲ
3172 3249 3259 3303 διά
3283 3250 3434 3315 θείας
3459 3251 3862 3320 ἀποκαλύψεως
3894 3253 3985 3304 ὅτι

2392 3338 2759 3410 φιλαργυρίας
2792 3340 2948 3393 ἐνεκε
2986 3341 3325 3406 παιδεύεται,
3353 3343 3748 3413 νοσφιζόμενος
3774 3346 3846 3396 τα
3866 3345 3983 3396 τῶν

2393 3436 2646 3505 πτωχῶν,
2678 3438 2772 3489 καὶ
2800 3436 3028 3502 τούτους
3069 3437 3393 3508 στερίσκων,
3420 3441 3485 3505 τῇ
3540 3436 3714 3490 ἕωθεν
3761 3435 3983 3509 ἀπῆλθε

2392 3524 2554 3579 πάλιν
2579 3528 2654 3588 είς
2681 3526 2970 3596 ἐπίσκεψιν
3005 3527 3170 3580 αὐτοῦ
3202 3530 3296 3581 καὶ
3320 3524 3474 3580 εἶπεν
3497 3527 3647 3597 αὐτῷ
3671 3542 3685 3555 ·
3723 3525 3980 3595 Ἔγειρε,

2392 3617 2420 3670 6
2454 3617 2654 3686 μέγας.
2689 3617 2764 3669 υύ
2791 3618 2899 3690 γάρ
2930 3620 3243 3691 ἀρρωστίαν
3293 3620 3615 3690 σωματικὴν
3650 3618 3821 3689 ἔχεις,
3845 3618 3988 3671 ἀλλά

2392 3709 2530 3779 νόσῳ
2574 3708 2775 3779 ψυχικῇ
2838 3712 3104 3780 παιδεύῃ·
3145 3709 3351 3779 ταύτην
3401 3708 3638 3773 ἀπόθου,
3690 3713 3786 3762 καὶ
3825 3705 3988 3770 αὖθις

2394 3802 2680 3870 ὑγιαίνεις.
2737 3801 2902 3860 Λέγει
2932 3802 3081 3872 αὺτῷ
3109 3804 3351 3864 ἐκεῖνος·
3382 3797 3513 3855 Οἶδα
3548 3802 3644 3855 καὶ
3681 3802 3849 3863 αὐτὸς
3898 3802 3985 3853 ὅτι

2395 3895 2718 3966 ἁμαρτωλός
2746 3897 2861 3966 είμι
2894 3895 2990 3949 καὶ
3021 3894 3214 3949 τούτου
3259 3895 3421 3965 χάριν
3467 3894 3830 3963 παιδεύομαι·
3868 3895 3985 3946 ἀλλ’

2394 3985 2544 4053 εὖξαι
2574 3987 2713 4056 ὑπὲρ
2752 3987 2887 4057 ἐμοῦ
2926 3988 3071 4049 ὅπως
3126 3985 3405 4054 κουφισθῶ
3435 3987 3543 4037 τῶν
3569 3975 3817 4055 ἀνομιῶν
3852 4004 3983 4055 μου.

2393 4078 2724 4148 Λέγειαύτῷ
2753 4080 2781 4131 6
2814 4079 2961 4140 ὅσιος
2981 4095 2996 4109 ·
3030 4077 3159 4131 Ἐὰν
3190 4079 3273 4141 εἰς
3300 4076 3587 4144 ἄνθρωπόν
3617 4094 3701 4138 τις
3735 4078 3987 4149 ἁμάρτῃ,

2396 4171 2572 4240 ἴσωςὴ
2598 4171 2725 4241 περὶ
2748 4169 2913 4223 αὐτοῦ
2932 4170 3066 4243 εύχὴ
3093 4170 3495 4241 ἀκουσθήσεται
3522 4184 3538 4198 ·
3561 4171 3625 4224 τὸ
3655 4171 3749 4223 σὺν
3768 4174 3989 4241 νόσημα

2394 4264 2473 4326 είς
2504 4264 2637 4315 θεὸν
2669 4265 2954 4317 συντείνει.
2989 4262 3215 4326 Ἀπόδος
3261 4262 3356 4315 οὖν
3389 4265 3456 4316 τὰ
3487 4263 3596 4316 τῶν
3628 4266 3868 4333 πτωχῶν
3909 4263 3990 4334 τῷ

2394 4356 2534 4426 Θεῷ,
2568 4357 2663 4410 καὶ
2689 4357 2787 4428 ἔσῃ
2809 4357 2968 4424 ὑγιὴς
3023 4356 3171 4427 ψυχῇ
3198 4375 3257 4410 τε
3307 4359 3400 4409 καὶ
3445 4355 3682 4425 σώματι.
3734 4359 3872 4411 Τότε
3908 4362 3991 4422 είς

2395 4451 2557 4503 αὑτὸν
2585 4450 2754 4504 ἐλθὼν
2778 4448 2960 4505 εἶπεν
2992 4452 3111 4504 Ἐπ’
3135 4452 3417 4522 ἀληθείας,
3441 4451 3647 4522 Πάτερ,
3680 4455 3988 4524 ἡμάρτηκα

717 4537 765 4587 ri
799 4541 1020 4587 sanctus
1072 4527 1400 4583 Parthenius
1439 4544 1453 4579 :
1486 4526 1546 4581 Si
1609 4526 1732 4594 quis
1770 4527 1824 4579 in
1857 4526 2126 4581 hominem
2162 4541 2289 4595 pec-
2329 4525 2350 4579 Ι

2396 4541 2474 4611 τῷ
2505 4543 2723 4613 Κυρίῳ’
2756 4544 2785 4595 6
2813 4543 2867 4596 δὲ
2893 4541 3096 4614 Κύριος
3122 4543 3353 4598 δίκαιος.
3389 4546 3497 4598 Καὶ
3526 4548 3990 4615 προσκαλεσάμε-

718 4634 946 4687 caverit,
979 4625 1044 4677 de
1070 4637 1134 4676 eo
1161 4622 1389 4675 fortasse
1434 4618 1758 4673 exaudietur
1815 4616 1989 4671 oratio
2022 4635 2036 4672 :
2071 4620 2291 4673 morbus

721 4730 902 4771 autem
933 4727 1055 4769 tuus
1079 4715 1143 4766 ad
1170 4714 1335 4767 Deum
1371 4712 1560 4765 tendit.
1601 4709 1732 4776 Qum
1770 4718 1897 4764 sunt
1925 4725 2053 4779 ergo
2089 4725 2291 4779 paupe-

722 4824 863 4872 rum,
887 4808 1050 4861 redde
1078 4807 1206 4869 Deo,
1238 4814 1294 4858 et
1314 4806 1424 4858 eris
1456 4817 1671 4871 semper
1698 4816 1863 4855 sanus
1890 4802 2070 4855 animo
2094 4814 2147 4855 et
2172 4816 2295 4856 cor-

722 4914 876 4969 pore.
905 4896 1056 4953 Tunc
1080 4898 1126 4950 is
1160 4895 1228 4949 ad
1254 4909 1314 4949 se
1344 4895 1577 4960 rediens,
1610 4894 1781 4948 dixit:
1823 4893 2055 4960 Revera,
2106 4891 2289 4957 Pater,

724 4988 938 5059 peccavi
993 4986 1217 5041 Domino
1266 4999 1387 5040 ineo
1439 5001 1454 5040 :
1494 4983 1752 5037 Dominus
1808 4998 1934 5036 vero
1977 4984 2194 5050 justus:
2241 4994 2296 5037 ct

723 5082 969 5152 protinus
1005 5077 1272 5132 accersito
1330 5090 1427 5131 suo
1454 5073 1940 5142 (nconoino,ju5sit
1968 5075 2020 5127 in
2059 5075 2290 5126 medium

725 5173 925 5236 :.li'erri,
952 5169 1212 5240 quidquid
1243 5167 1361 5221 auri
1386 5166 1672 5221 collectum
1717 5165 1893 5223 luerat
1917 5180 1981 5218 ex
2036 5165 2292 5234 pauperi.

724 5274 844 5324 bus.
876 5267 1008 5321 Cum
1040 5271 1217 5316 autem
1248 5262 1382 5316 satis
1401 5260 1519 5314 auri
1551 5259 1744 5314 luisset
1777 5259 2292 5322 allaluin,sanctum

727 5360 935 5430 rogavit
990 5359 1296 5426 episcopus,
1344 5362 1401 5407 ut
1453 5355 1504 5406 id
1560 5351 1909 5407 distribueret
1944 5352 2291 5421 pauperibus.

726 5456 816 5509 lite
840 5466 969 5506 vero
994 5465 1099 5504 non
1130 5447 1409 5509 sustinuit,
1453 5447 1639 5499 dicens
1673 5443 1844 5496 :Cuin
1894 5443 2032 5498 Deus
2065 5444 2157 5495 tibi
2206 5447 2295 5500 det.

730 5544 899 5606 \ires,
934 5549 988 5593 tu
1053 5553 1147 5608 per
1213 5541 1439 5607 teipstun
1478 5536 1641 5591 redde
1674 5550 1774 5600 cis,
1817 5550 1933 5605 qua.
2021 5553 2045 5586 ξ’
2153 5554 2243 5591 an;
2277 5580 2290 5595 .

796 5682 814 5709 ¹
851 5677 989 5733 l’sal.
1018 5694 1072 5738 v.
1103 5678 1156 5730 7.

797 5804 873 5873 l5)
910 5800 1018 5858 Sic.
1052 5817 1152 5858 ms.
1180 5817 1191 5865 ;
1222 5799 1345 5855 fort.
1368 5799 1481 5869 ,οὐχ
1515 5799 1709 5852 είλετο.

2397 4650 2485 4696 νος
2514 4634 2605 4685 τὸν
2636 4633 2896 4688 διέποντα
2933 4635 3124 4699 αὑτοῦ,
3181 4637 3466 4689 ἐκέλευσεν
3493 4639 3573 4699 είς
3605 4638 3772 4706 μέστ
3809 4641 3853 4685 ὲ.
3876 4642 3989 4690 πεῖν

2399 4725 2508 4777 πᾶν
2566 4724 2626 4777 τὸ
2664 4725 2890 4794 χρυσίον
2945 4727 3004 4779 τὸ
3029 4730 3094 4781 ἐκ
3148 4729 3257 4781 τῶν
3290 4730 3524 4797 πτωχῶν
3556 4732 3848 4798 συναχθὲν,
3889 4731 3986 4783 καὶ

2401 4816 2605 4885 ἠνέχθη
2654 4818 2874 4886 χρυσίον
2936 4818 3143 4872 ἱκανόν.
3194 4820 3507 4891 Παρεκάλει
3559 4824 3614 4875 δὲ
3667 4825 3760 4874 τὶν
3791 4824 3988 4877 δε.ο.·ὀ

2397 4908 2719 4969 ἐπίσκοπος,
2786 4907 3060 4962 διαδοῦναι
3110 4911 3241 4963 αὐτὸ
3273 4914 3384 4975 τοῖς
3413 4915 3647 4981 πτωχοῖς
3673 4929 3688 4943 ·
3721 4914 3750 4965 6
3780 4914 3838 4965 δὲ
3881 4934 3982 4968 ua"

2395 4998 2562 5067 ἥλατο
2597 5002 2674 5067 (ὁ)
2734 5000 2923 5063 εἰπὼν,
2958 5001 3064 5054 T03
3094 5001 3231 5055 Θεοῦ
3282 5004 3621 5073 ἐνισχύοντός
3674 5023 3754 5065 σε,
3821 5008 3888 5059 ei:
3920 5014 3989 5057 οι·

2399 5089 2594 5142 ἐαυτοῦ
2620 5090 2816 5151 ἀπὸδος
2840 5091 3025 5154 αὐτοῖς
3063 5093 3132 5147 τά
3163 5093 3363 5148 αὐτῶν.
3396 5096 3530 5148 Τότε
3567 5096 3861 5157 καθεσθεὶς
3895 5100 3990 5151 ἐπὶ

2401 5182 2572 5251 φορίῳ
2598 5183 2836 5254 ἀπῆλθεν
2867 5188 2946 5247 είς
2970 5186 3029 5238 τὸ
3063 5186 3360 5257 μαρτύριον
3382 5188 3478 5257 τῆς
3510 5190 3671 5255 ἁγίας
3705 5190 3991 5259 μαρτυρες

2402 5272 2723 5343 Γλυκερίας,
2756 5276 2848 5327 καὶ
2878 5280 3208 5346 συναγαγὼν
3248 5284 3461 5341 πάντας
3496 5282 3620 5343 τοὺς
3653 5298 3806 5348 πενο,
3837 5281 3992 5343 ivga;

2401 5362 2500 5431 τῆς
2533 5362 2764 5427 πόλεως,
2826 5367 2960 5417 πᾶσι
3002 5366 3261 5422 διέδωκεν
3308 5369 3567 5439 ἀφειδῶς.
3620 5370 3682 5421 'U
3715 5369 3770 5422 δὲ
3807 5373 3992 5438 φιλᾶν.

2404 5452 2622 5523 θρωπος
2648 5455 2779 5517 Θεὸς
2807 5458 2835 5509 ὁ
2864 5458 2933 5510 τὰ
2955 5458 3051 5511 δύο
3074 5458 3248 5514 λεπτά
3277 5463 3378 5531 τῆς
3406 5467 3671 5533 πενιχρᾶς
3701 5465 3881 5534 γῆρας
3913 5466 3990 5535 μὴ

2404 5544 2596 5604 ”·..βιδ’“
2628 5563 2669 5613 ψ,
2699 5550 2793 5601 καὶ
2816 5548 2931 5619 ,τὴν
2988 5551 3243 5609 πλουσίαν
3268 5559 3425 5624 πρὸυ.
3446 5572 3529 5611 πιν
3562 5572 3659 5627 της.
3688 5558 3867 5627 χήρτι
3900 5560 3911 5607 ί
3934 5558 3992 5611 τὶ
