4218 6482
224 394 242 457 1
256 392 359 460 361

1457 400 1634 460 νιτΑ
1679 401 1739 459 S.
1786 400 2236 462 PARTHENII.

3338 398 3481 466 1362

224 511 412 563 Ἠλίου
439 508 534 563 τοῦ
565 513 846 581 προφήτου
870 514 1302 583 ἀποδεξάμενος,
1323 513 1418 566 καὶ
1447 512 1547 582 τῆς
1574 513 1803 580 ἐναγοῦς

1918 515 2062 570 Tunc
2099 517 2143 570 is
2174 515 2370 570 sedens
2412 516 2465 570 in
2518 518 2730 579 lettica,
2761 520 2856 572 ivit
2892 523 2956 572 ad
2993 520 3251 587 templum
3286 529 3487 573 sancta:

213 600 425 669 πόρνης
448 599 517 653 τὰ
545 599 756 670 δάκρυα
792 601 865 672 μὴ
889 603 1287 671 ἀποστραφεὶς,
1311 610 1405 656 καὶ
1437 602 1531 655 τοῦ
1567 603 1801 655 τελώνου

212 692 309 741 τὸν
332 692 639 759 στεναγμὸν
660 692 978 758 δικαιώσας,
1014 695 1176 759 αὑτὸς
1205 697 1301 749 καὶ
1329 694 1423 749 τοῦ
1452 696 1802 766 προρρηθέν-

209 796 306 843 τος
338 784 767 850 ἁρχιεπισκόπου
818 784 910 838 τόν
972 788 1277 856 μετάμελον
1307 787 1708 857 είσδεξάμενος,
1745 789 1802 840 ἐν

211 876 397 944 τρισὶν
426 878 661 946 ἡμέραις
683 877 895 931 τελείαν
932 882 1171 951 παρέσχε
1202 882 1299 951 τὴν
1327 881 1537 948 ὑγείαν.

1914 608 2167 678 martyris
2225 607 2490 678 Glycerite
2527 629 2539 663 :
2573 620 2628 664 et
2681 626 2805 664 cum
2863 618 3245 679 congregasset
3295 624 3487 664 omnes

1913 711 2176 767 pauperes
2204 697 2463 761 civitatis,
2492 696 2695 751 affatim
2734 697 2987 751 omnibus
3009 696 3305 750 distribuit.
3333 694 3487 748 Beni-

1913 806 2048 857 guns
2082 798 2262 844 autem
2292 801 2344 843 ct
2370 790 2613 845 clemens
2643 789 2806 855 Deus,
2834 792 2925 859 qui
2963 788 3139 843 vidua:
3158 789 3263 842 duo
3281 789 3487 843 minuta

1915 897 2021 935 non
2084 883 2333 951 deSpexit
2386 884 2739 945 numismata,
2782 891 2837 937 et
2883 898 3073 937 rursus
3109 881 3266 937 dives
3314 881 3490 935 vidum

218 973 561 1041 propositum
580 985 857 1041 acceptum
884 974 1334 1043 habuittempore
1377 976 1505 1030 Elia:
1547 976 1843 1045 prophetae,
1894 984 1947 1029 et
1978 979 2233 1046 pauperis
2288 978 2673 1048 flagitiosaeque
2737 977 3040 1032 meretricis
3094 976 3360 1048 lacrymas
3385 990 3489 1031 non

215 1080 297 1119 r'St
362 1075 665 1129 aversatus,
701 1079 757 1121 et
810 1069 1077 1136 publicani
1128 1071 1421 1138 suspirium
1458 1072 1851 1139 comprobavit,
1890 1072 2003 1138 ipse
2034 1088 2248 1144 quoque
2299 1073 2541 1141 pra-dicti
2570 1069 2962 1141 archiepiscopi
2988 1078 3265 1139 acceptam
3288 1068 3492 1124 habens

216 1159 621 1222 pii-nitentiam,
659 1161 711 1214 in
738 1162 914 1215 tribus
954 1164 1143 1217 diebus
1168 1164 1215 1217 ei
1242 1164 1539 1231 perfectam
1570 1163 1796 1231 pra-buit
1829 1168 2139 1221 Sanitatem.

293 1252 393 1306 IB’.
440 1252 497 1304 '0
536 1252 592 1305 δὲ
624 1253 721 1306 τοῦ
744 1254 877 1307 Θεοῦ
905 1255 1161 1322 θεράπων
1209 1256 1511 1327 Παρθένιος
1540 1259 1809 1327 περιῆγεν

216 1348 303 1411 ἐφ’
338 1347 579 1417 ἑκάστης
610 1348 738 1410 τοὺς
761 1349 1084 1417 εὑκτηρίονς
1109 1351 1292 1409 οἴκους
1312 1350 1413 1418 τῆς
1444 1350 1672 1413 πόλεως,
1710 1351 1809 1413 τάς

218 1439 475 1507 συνήθεις
530 1440 697 1509 εὑχάς
746 1440 1048 1493 ἐπιτελῶν·
1104 1444 1164 1495 ὲν
1215 1440 1296 1505 οἷς
1346 1442 1605 1495 εἰσελθὼν
1641 1445 1698 1494 ὲν
1732 1441 1810 1510 τῷ

218 1534 362 1584 κατὰ
396 1533 565 1594 Χίλας
613 1535 913 1603 μαρτύριον
943 1533 1116 1597 οὕτως
1176 1535 1604 1604 ἐπιλεγόμενον,
1650 1527 1811 1604 εὗρεν

1986 1258 2099 1315 XII.
2134 1260 2229 1315 Dei
2266 1274 2395 1315 vero
2422 1274 2617 1315 servus
2653 1257 2976 1313 Parthenius
3029 1256 3273 1326 quotidie
3307 1256 3493 1311 obibat

1915 1368 2098 1408 sacras
2127 1353 2271 1407 aedes
2299 1353 2557 1416 civitatis,
2604 1362 2892 1407 consuetas
2944 1366 3133 1419 preces
3173 1352 3225 1404 in
3256 1351 3337 1405 eis
3374 1365 3494 1418 per-

1914 1460 2099 1515 agens.
2131 1445 2373 1511 Quodam
2404 1458 2581 1499 autem
2610 1446 2697 1500 die
2718 1448 2767 1498 in
2798 1445 3143 1512 martyrium,
3165 1444 3309 1514 quod
3332 1442 3494 1497 Achi-

1918 1536 1998 1589 Ias
2022 1536 2244 1601 dicitur,
2285 1538 2491 1591 invenit
2543 1538 2651 1591 illic
2678 1537 2953 1590 hominem
2980 1537 3271 1604 quemdam
3304 1535 3493 1604 jacen-

220 1626 341 1675 éxzi
359 1642 483 1676 τινα
505 1626 903 1693 κατακείμενον
927 1628 1053 1679 ὅλον
1078 1627 1259 1697 ξηρόν.
1282 1629 1524 1696 Αίτήσας
1546 1629 1602 1679 δὲ
1633 1628 1810 1681 ἔλαιον

1918 1638 2027 1683 tem
2077 1632 2305 1683 omnino
2346 1630 2581 1683 aridum.
2616 1629 2781 1696 Cujus
2828 1631 3107 1691 misertus,
3160 1642 3282 1681 cum
3317 1627 3496 1680 oleum

220 1718 312 1768 καὶ
346 1715 742 1784 ἐπευξάμενος,
789 1719 975 1781 κλίνας
1032 1735 1091 1770 τε
1133 1720 1201 1772 τὰ
1237 1720 1464 1786 γόνατα,
1529 1721 1664 1789 μετᾶ
1718 1720 1809 1773 δαο

222 1808 407 1875 κρύων
437 1807 620 1861 ἐδέετο
648 1808 741 1861 τοῦ
767 1807 904 1862 Θεοῦ
938 1811 1065 1878 περὶ
1105 1810 1297 1873 αὑτοῦ,
1345 1813 1440 1863 καὶ
1470 1812 1710 1873 ἀναστὰς
1750 1813 1815 1863 ἐκ

219 1902 322 1968 τῆς
355 1903 689 1969 προσευχῆς,
759 1903 943 1971 ἠρέμα
977 1903 1070 1955 καὶ
1103 1904 1247 1956 κατά
1280 1904 1474 1973 μικρὸν
1522 1904 1712 1957 τοῦτον
1738 1904 1816 1975 τῷ

220 1993 390 2062 ἐλαίῳ
418 1992 828 2059 διαμαλὰσσων,
870 1993 1032 2054 εὑθυς
1069 1993 1164 2046 καὶ
1206 1992 1550 2062 παραχρῆμα
1578 1994 1814 2062 ἀνέστη-

222 2103 339 2149 σεν,
378 2088 473 2138 καὶ
512 2086 638 2155 ὑγιῆ
686 2089 763 2148 είς
818 2087 886 2138 τὰ
920 2086 1027 2139 ἴδια
1084 2085 1238 2148 ίδίοις
1266 2089 1424 2138 ποσὶν
1457 2085 1679 2138 ἀπ.ἐναι
1712 2088 1815 2139 ἀπ-

225 2179 479 2248 έτρεψεν.
508 2178 550 2229 Τ
554 2177 713 2229 οὐτου
762 2177 819 2229 δὲ
885 2178 1179 2247 γενομένου
1215 2178 1308 2229 τοῦ
1343 2177 1650 2247 παραδόξου
1684 2178 1814 2232 θαύ-

226 2286 399 2337 ματος
450 2271 507 2320 ἐν
581 2268 882 2338 Ἡρακλείᾳ
926 2270 991 2337 τῇ
1054 2268 1229 2330 πόλει,
1281 2269 1484 2331 πάντες
1523 2270 1638 2321 ὅσοι
1667 2265 1816 2337 εἶχον

222 2359 533 2423 ἀσθενείας,
561 2359 911 2429 κατέδραμον
935 2360 1072 2429 πρὸς
1096 2360 1187 2411 τὸν
1217 2359 1504 2430 ἄνθρωπον
1530 2361 1625 2413 τοῦ
1653 2358 1812 2422 Θεοῦ,

224 2457 321 2506 καὶ
377 2456 444 2522 τῇ
495 2453 725 2521 δυνάμει
787 2452 881 2505 τοῦ
940 2450 1178 2521 Χριστοῦ
1240 2451 1415 2516 ὑγιεῖς
1471 2452 1814 2522 ὑπέστρεφον

227 2548 489 2603 ἅπαντες.
524 2544 829 2612 Συμπαρῆν
850 2542 903 2593 δὲ
943 2539 1091 2611 αὑτῷ
1122 2541 1216 2592 καὶ
1244 2539 1592 2604 ’Υπατιανὸς,
1630 2544 1658 2593 6
1693 2542 1811 2593 κατ’

227 2639 441 2690 ἐκείνου
465 2635 659 2705 καιροῦ
685 2635 1064 2704 ἀρχιδιὰκονος
1094 2633 1192 2698 τῆς
1221 2632 1432 2693 πόλεως
1461 2632 1813 2701 Ἡρακλείας,

228 2731 318 2781 ὅτε
355 2728 424 2779 τὰ
458 2727 739 2793 θαυμάσια
778 2726 1045 2792 ἐγένοντο.
1106 2723 1289 2793 Ὅπερ
1337 2722 1696 2790 θεασάμενος.
1730 2726 1817 2776 πί-

232 2838 351 2874 στει
383 2821 464 2882 είς
509 2820 674 2882 πόδας
731 2818 831 2870 τοῦ
861 2817 1020 2885 ἀγίου
1061 2816 1252 2884 ἀνδρὸς
1284 2814 1622 2885 παρακαλῶν
1655 2815 1817 2867 αὑτὸν

232 2910 375 2978 μετά
431 2906 706 2975 δακρύων,
758 2908 840 2959 ὅτι
896 2908 954 2958 ἐν
1004 2906 1245 2973 κτήματι
1317 2904 1483 2957 αὑτοῦ
1543 2904 1816 2974 ἔσπαρται

1920 1719 2189 1789 petiissel,
2233 1719 2387 1774 flexis
2419 1721 2668 1789 genibus,
2703 1735 2825 1775 cum
2883 1719 3139 1787 Iacrymis
3179 1718 3357 1771 oravit
3400 1732 3499 1785 pro

1920 1812 2041 1881 ipso
2068 1808 2360 1880 benignum
2397 1820 2451 1864 et
2483 1812 2803 1866 clementem
2844 1810 3039 1865 Deum.
3071 1809 3274 1863 Etcum
3304 1809 3499 1862 deinde

1920 1906 2253 1959 surrexisset
2289 1920 2316 1957 a
2367 1904 2700 1973 precatione,
2732 1904 2934 1958 sensim
2966 1914 3020 1958 et
3075 1901 3333 1972 paulatim
3374 1915 3497 1954 eum

1919 2005 2115 2050 sancto
2175 1996 2295 2050 oleo
2339 1996 2609 2058 molliens,
2638 1995 2886 2064 protinus
2914 2006 2969 2048 et
3009 1994 3123 2064 ipsa
3184 1994 3315 2045 hora
3367 1991 3499 2046 fecit

1917 2102 2038 2142 eum
2068 2085 2259 2143 sarium
2294 2102 2541 2156 surgere,
2567 2098 2622 2142 et
2660 2088 2825 2156 jussit
2864 2101 2987 2141 eum
3035 2086 3149 2141 suis
3176 2085 3404 2153 pedibus
3432 2085 3498 2137 ad

1917 2196 2047 2237 auos
2079 2183 2256 2236 redire
2318 2181 2486 2236 Deum
2525 2181 2950 2250 gloriﬁcantem.
2985 2180 3121 2235 Cum
3180 2179 3281 2233 hoc
3318 2190 3497 2231 autem

1919 2273 2167 2328 terribile
2194 2281 2250 2327 et
2278 2273 2420 2341 quod
2463 2272 2780 2338 opinionem
2811 2278 3033 2337 superat
3065 2267 3389 2322 miraculum
3416 2264 3500 2319 fa-

1917 2374 2060 2416 ctum
2086 2372 2229 2417 esset
2254 2362 2307 2416 in
2330 2359 2587 2415 Heraclea
2606 2359 2845 2423 civitate,
2862 2360 3172 2427 quicunque
3228 2356 3502 2411 habebant

1916 2461 2172 2520 aegrotos,
2213 2466 2336 2504 cum
2391 2451 2491 2502 eis
2520 2450 2920 2503 concurrebant
2977 2449 3041 2502 ad
3082 2446 3173 2499 Dei
3226 2446 3497 2501 hominem

1920 2542 2298 2607 Parthenium,
2356 2552 2409 2597 et
2450 2542 2653 2597 virtute
2683 2542 2891 2596 Domini
2929 2541 3096 2595 nostri
3123 2538 3495 2595 Jeanltristi.

1917 2649 2107 2688 omnes
2172 2635 2582 2690 revertebantur
2634 2635 2772 2689 sani.
2843 2633 3014 2687 Simul
3074 2646 3203 2687 vero
3252 2644 3377 2686 cum
3438 2646 3501 2683 eo

1921 2729 2110 2782 aderat
2138 2728 2301 2782 etiam
2345 2726 2700 2797 llypatianus,
2728 2727 2818 2796 qui
2853 2727 2942 2780 illo
2978 2736 3224 2794 tempore
3259 2732 3381 2779 erat
3413 2738 3503 2777 ar-

1917 2822 2267 2876 chidiaconus
2311 2820 2545 2874 civitatis
2606 2818 2899 2881 Heraclme,
2962 2818 3179 2887 quando
3234 2817 3350 2870 haec
3397 2816 3499 2869 fie-

1923 2913 2052 2963 bant
2082 2909 2366 2966 miracula.
2400 2910 2529 2975 Quae
2568 2923 2692 2964 eum
2730 2907 2955 2963 vid‘sset
2984 2948 2999 2969 ,
3033 2908 3267 2976 procidit
3306 2906 3372 2960 ad
3400 2919 3496 2973 pe-

229 2998 427 3061 πολλᾶ,
464 2998 568 3050 ὑπὸ
597 2998 653 3050 δὲ
681 2998 781 3067 τῆς
812 2997 1073 3066 ἁϐροχίας
1100 2998 1317 3050 ᾶπαντα
1347 2997 1620 3067 ἐξηράνθη
1642 3014 1655 3027 ο
1689 2998 1818 3069 ἀλλά

1928 3003 2024 3057 des
2054 3003 2227 3056 sancti
2262 3002 2385 3065 viri,
2425 3014 2620 3069 rogans
2648 3014 2772 3055 eum
2796 3015 2916 3052 cum
2938 2998 3194 3069 lacrymis
3218 3008 3272 3053 et
3293 2998 3499 3061 dicens,

232 3088 554 3160 παραγενοῦ
584 3091 679 3142 ἰπὶ
701 3090 795 3141 τὸν
836 3090 1004 3142 τόπον
1050 3090 1146 3141 καὶ
1202 3090 1501 3158 πρόσευξαι
1550 3090 1687 3159 πρὸς
1732 3092 1823 3144 τὸν

240 3184 399 3246 Θεὸν,
454 3184 601 3245 ὅπως
640 3182 902 3253 παράσχῃ
954 3182 1110 3235 ὑετὸν
1146 3184 1212 3252 τῇ
1244 3184 1339 3250 γῇ,
1372 3181 1459 3235 ἵνα
1490 3182 1635 3252 σωθῇ
1677 3185 1822 3236 πᾶσα

234 3277 270 3339 ὴ
312 3274 535 3345 πατρίς.
584 3273 641 3326 '0
694 3274 749 3325 δὲ
780 3274 926 3336 ὅσιος
976 3272 1116 3343 ἀνὴρ
1144 3272 1443 3343 προθύμως
1476 3274 1569 3326 ἐπὶ
1599 3275 1661 3327 τὸ
1692 3292 1826 3345 προ-

234 3367 491 3437 κείμενον
540 3365 791 3429 ὲϐἁδιζε’
854 3367 947 3418 καὶ
999 3368 1294 3436 γενόμενος
1344 3368 1485 3419 κατά
1517 3368 1607 3421 τὸν
1632 3367 1823 3429 τόπον,

233 3462 334 3514 καὶ
363 3460 485 3511 ἰδὼν
516 3461 733 3512 ἅπαντα
756 3459 1140 3529 ἐξηραμμένα,
1180 3460 1367 3522 κλίνας
1400 3461 1468 3513 τὰ
1502 3462 1703 3527 γόνατα
1730 3465 1824 3513 καὶ

232 3553 335 3613 τὰς
368 3552 553 3620 χεῖρας
586 3553 663 3613 εἰς
708 3551 977 3621 οὐρανοὺς
1034 3553 1346 3615 ἀνατείνας,
1408 3553 1545 3620 μετά
1572 3554 1826 3623 δακρύων

236 3642 420 3695 ἐδέετο
452 3641 547 3695 τοῦ
575 3642 710 3695 Θεοῦ
746 3643 1108 3713 καταπέμψαι
1159 3643 1315 3696 ὑετδν
1368 3647 1433 3713 τῇ
1476 3647 1545 3714 γῇ
1579 3648 1657 3707 είς
1691 3664 1826 3714 καρ-

238 3736 533 3805 sweep-Iuv.
584 3735 642 3788 Ὀ
665 3735 720 3788 δὲ
751 3734 1138 3805 φιλάνθρωπος
1167 3734 1300 3800 Θεὸς
1320 3738 1348 3789 6
1382 3736 1469 3789 ἀεὶ
1505 3737 1566 3788 τὸ
1612 3736 1827 3806 θέλημα

236 3829 352 3880 τῶν
405 3828 757 3897 φοϐουμένων
789 3830 952 3881 αὑτὸν
985 3828 1176 3893 ποιῶν,
1210 3830 1289 3881 ἔτι
1329 3829 1429 3898 τῆς
1462 3830 1629 3898 εὐχῆς
1661 3832 1717 3881 ὲν
1749 3829 1826 3899 τῷ

239 3925 477 3991 στόματι
530 3923 625 3975 τοῦ
672 3924 830 3989 ἁγίου
890 3921 1077 3991 οῦσης,
1123 3921 1424 3990 συνεσχέθη
1457 3922 1561 3974 ὑπὸ
1593 3922 1769 3989 νεφῶν
1799 3925 1827 3975 6

238 4015 472 4085 οὐρανὸς
504 4016 596 4066 καὶ
646 4014 893 4066 κάτεισιν
948 4013 1102 4074 ὑετὸς
1147 4013 1244 4064 καὶ
1272 4013 1497 4080 ὲκόρεσε
1523 4014 1701 4064 πᾶσαν
1728 4014 1827 4081 τὴν

238 4108 374 4175 γῆν.
410 4106 769 4158 Εἱσελθὸντων
801 4105 857 4157 δὲ
883 4105 1061 4157 αὐτῶν
1087 4106 1146 4156 ὲν
1170 4103 1246 4172 τῷ
1279 4102 1454 4171 ἀγρῷ,
1487 4103 1830 4173 ἐπεζήτησεν

241 4201 475 4268 οἴκημα,
506 4202 562 4251 ὲν
590 4193 633 4265 ᾧ
664 4198 761 4260 τὰς
798 4197 962 4266 εὐχὰς
1020 4196 1317 4250 ὲκτελέσει.
1367 4196 1477 4249 Καὶ
1531 4198 1830 4264 εἰσήγαγεν

243 4293 412 4345 αὑτὸν
440 4294 469 4343 6
497 4291 871 4359 ἀρχιδιάκονος
896 4291 924 4340 6
957 4290 1145 4359 κύριος
1176 4288 1266 4341 τοῦ
1301 4287 1475 4356 ἀγροῦ
1500 4291 1578 4350 είς
1603 4288 1699 4340 ἕνα
1721 4289 1830 4341 τῶν

1927 3095 2071 3163 quod
2113 3095 2165 3147 in
2193 3094 2395 3162 praedio
2449 3109 2547 3147 suo
2592 3093 2758 3147 tnulta
2806 3094 3024 3162 quidem
3056 3102 3181 3146 sunt
3212 3091 3502 3152 seminata,

1928 3196 2147 3256 propter
2176 3186 2373 3255 pluvia:
2412 3192 2593 3239 autem
2625 3195 2921 3255 egestatem
2948 3186 3129 3239 omnia
3162 3195 3289 3241 sunt
3324 3183 3504 3236 exsic-

1927 3287 2065 3333 cata.
2135 3277 2262 3341 Sed,
2292 3279 2409 3331 veni
2456 3276 2521 3329 ad
2582 3276 2779 3341 locum,
2836 3276 3073 3337 dicebat,
3110 3290 3143 3329 ο
3200 3276 3507 3328 venerande

1929 3370 2108 3431 Pater,
2142 3378 2196 3422 et
2223 3383 2316 3421 ora
2370 3367 2564 3431 Deum,
2590 3378 2646 3421 ut
2676 3380 2834 3422 terrte
2878 3367 3117 3436 praebeat
3149 3368 3411 3433 pluviam,
3448 3378 3509 3419 ut

1928 3470 2281 3516 conservetur
2334 3461 2585 3515 universa
2655 3469 2840 3515 nostra
2896 3459 3094 3526 patria.
3158 3456 3505 3512 Venerandus

1931 3571 2059 3610 vero
2111 3566 2166 3609 et
2221 3564 2445 3608 sanctus
2480 3554 2562 3606 vir
2609 3551 2958 3614 Parthenius,
3014 3554 3109 3605 ivit
3169 3561 3415 3620 prompto
3455 3562 3507 3603 et

1932 3647 2098 3701 alacri
2131 3646 2334 3700 animo.
2363 3644 2610 3713 Cumque
2640 3643 2880 3698 venisset
2913 3643 2979 3697 ad
3020 3642 3225 3704 locum,
3258 3648 3314 3695 et
3343 3640 3508 3695 vides-

1929 3747 2012 3794 set
2046 3737 2224 3791 omnia
2253 3736 2547 3800 exsiccata,
2591 3737 2917 3805 Iacrymatus
2946 3745 3058 3795 εει,
3121 3732 3383 3803 ﬂexisque
3412 3748 3505 3804 ge-

1932 3830 2089 3883 nibus
2121 3828 2215 3883 diu
2242 3842 2470 3896 precaris
2500 3842 2622 3881 eum
2654 3827 2931 3897 Iacrymis,
2978 3825 3300 3880 clementem
3340 3825 3502 3877 Deum

1932 3922 2163 3989 rogavit,
2200 3928 2255 3973 ut
2280 3920 2515 3989 pluviam
2549 3919 2601 3972 in
2630 3928 2829 3972 terram
2858 3918 3168 3972 demitteret
3202 3917 3268 3971 ad
3300 3916 3507 3971 {NICan

1932 4012 2325 4081 producendos.
2359 4013 2629 4082 Benignus
2654 4022 2835 4064 autem
2871 4022 2923 4063 et
2958 4013 3195 4065 clemens
3226 4009 3387 4071 Deus,
3413 4014 3504 4078 qui

1933 4121 2149 4176 semper
2178 4105 2305 4160 facit
2338 4105 2669 4159 voluntatem
2695 4118 2885 4159 eorum
2918 4104 3012 4173 qui
3043 4104 3218 4170 ipsum
3250 4104 3442 4156 timent
3462 4096 3505 4162 ³,

1932 4214 2055 4254 cum
2104 4198 2280 4251 adlme
2316 4210 2503 4266 preces
2531 4205 2715 4251 essent
2761 4196 2811 4248 in
2860 4209 2955 4249 ore
2987 4195 3127 4261 citis,
3162 4203 3367 4248 tectum
3406 4193 3509 4246 fuit

1934 4290 2132 4344 corium
2184 4290 2441 4355 nubibus,
2489 4300 2544 4342 et
2576 4288 2861 4343 descendit
2898 4288 3065 4341 multa
3108 4288 3309 4357 pluvia,
3341 4299 3393 4341 et
3420 4303 3511 4340 sa-

243 4383 641 4445 κοιτωνίσκων,
680 4383 773 4433 καὶ⁵
798 4381 1240 4448 διενυκτέρευσεν
1270 4380 1387 4430 ἐκεῖ
1422 4379 1480 4430 ὲν
1509 4381 1629 4440 ταῖς
1659 4395 1818 4446 προσ-

1934 4382 2085 4435 tiavit
2109 4391 2333 4434 terram.
2362 4380 2628 4450 Ingressis
2657 4389 2836 4434 autem
2883 4382 3011 4447 ipsis
3050 4381 3100 4432 in
3145 4395 3353 4449 agrum,
3390 4393 3511 4446 qu.e

242 4475 457 4539 εοδχαίς,
484 4474 577 4523 καὶ
606 4475 669 4539 τῇ
703 4471 871 4523 ἕωθεν
910 4470 1425 4540 προσκαλεσάμενος
1458 4468 1550 4521 τὸν
1578 4469 1826 4536 ἀρχιδιὰ-

245 4580 429 4625 κονον,
460 4562 563 4631 ἔφη
588 4561 768 4629 αὑτῷ·
822 4564 1066 4631 Πρόσεχε
1096 4560 1271 4629 ἑαυτῷ
1296 4576 1308 4589 ·
1344 4560 1406 4613 οὑ
1439 4562 1548 4630 γαρ
1585 4562 1827 4627 ἀγνοεῖς,

243 4657 325 4718 ὼς
353 4655 649 4724 ἐπαιδεύθη
684 4658 710 4707 6
740 4655 1038 4715 ἐπίσκοπος
1065 4654 1152 4706 διὰ
1183 4654 1552 4723 φιλαργυρίαν
1578 4672 1587 4681 ·
1623 4653 1828 4717 ἔδειξεν

248 4749 360 4815 γάρ
405 4765 491 4816 μοι
518 4748 546 4796 6
596 4745 726 4807 Θεὸς
756 4746 811 4797 ὲν
842 4748 906 4814 τῇ
940 4744 1094 4796 νυκτὶ
1141 4744 1337 4814 ταύτῃ,
1394 4745 1475 4795 ὅτι
1530 4744 1829 4806 ἐπίσκοπος

249 4842 461 4911 γενήσῃ
507 4840 568 4891 οὑ
602 4839 739 4909 μετα
771 4838 969 4899 πολλὰς
1019 4838 1250 4907 ἡμέρας.
1277 4837 1421 4907 Ὅρα
1458 4836 1572 4898 οὑν,
1605 4838 1692 4891 ἵνα
1722 4839 1832 4891 τῶν

251 4935 489 5001 πτωχῶν
517 4938 771 5001 πρόνοιαν
806 4933 974 4984 ποιῶν
1000 4934 1095 5002 ἔσῃ
1120 4950 1130 4960 ·
1161 4930 1321 4983 τοῦτο
1347 4930 1455 5001 γὰρ
1490 4931 1629 5003 ὑπὲρ
1655 4933 1831 4986 πάντα

252 5030 349 5078 τὸν
386 5026 518 5078 Θεὸν
547 5027 864 5095 θεραπεύει.

1932 4476 2058 4528 sivit
2091 4473 2484 4535 habitaculum,
2526 4473 2577 4525 in
2608 4486 2715 4539 quo
2765 4485 2957 4541 preces
3016 4486 3146 4524 suas
3202 4484 3508 4539 perageret.

1936 4566 2368 4621 Archidiaconus
2396 4580 2524 4619 vero
2548 4563 2906 4634 lIypatianus.
2940 4564 3031 4631 qui
3064 4561 3167 4615 fuit
3197 4562 3364 4615 etiam
3396 4560 3508 4630 agri

1933 4659 2205 4721 dominus,
2230 4656 2533 4711 introduxit
2562 4671 2687 4711 eum
2722 4655 2775 4708 in
2808 4670 2974 4707 unum
2998 4669 3063 4707 ex
3082 4655 3198 4709 suis
3220 4651 3508 4706 cubiculis.

1935 4750 2036 4816 Qui
2079 4749 2418 4818 pernoctavit
2452 4749 2561 4803 illic
2604 4750 2656 4802 in
2697 4747 3032 4803 orationibus
3069 4764 3082 4799 :
3112 4756 3319 4801 etcum
3344 4758 3503 4798 mane

1940 4843 2284 4895 aecersiisset
2325 4840 2791 4903 archidiaconum,
2826 4839 2964 4891 dixit
3010 4838 3058 4892 ei
3096 4837 3369 4892 :Attende
3389 4836 3512 4897 tibi,

1937 4947 1969 4986 ο
1993 4931 2161 4986 frater
2189 4949 2203 4997 ;
2233 4948 2338 4986 non
2371 4932 2515 4987 enim
2549 4932 2766 5001 ignoras
2809 4932 3121 4999 episcopum
3151 4940 3301 4984 tuum
3342 4928 3512 4982 fuisse.

1936 5026 2259 5095 castigatum
2318 5036 2539 5093 prepter
2590 5025 2895 5077 avaritiam.
2927 5022 3175 5075 Ostendit
3196 5022 3341 5075 enim
3378 5020 3507 5074 mihi

253 5126 400 5179 Deus
433 5125 530 5178 hac
580 5135 757 5187 nocte,
790 5134 840 5177 te
869 5138 972 5177 non
1010 5123 1195 5177 multis
1225 5122 1564 5192 postdiebus
1627 5121 1865 5176 futurum
1904 5123 2238 5193 episcopum.
2284 5123 2416 5177 Vide
2466 5136 2613 5191 ergo,
2651 5131 2710 5174 ut
2744 5134 2961 5188 semper
2991 5133 3176 5173 curam
3196 5132 3354 5187 geras
3380 5132 3512 5187 pau-

254 5232 469 5287 perum,
506 5217 606 5271 hoc
642 5218 784 5271 enim
820 5214 985 5271 Deum
1020 5217 1201 5285 placat
1228 5228 1391 5287 super
1411 5217 1611 5270 omnia.

336 5309 435 5364 II".
468 5308 779 5380 Παρεκάλει
844 5303 937 5361 οὖν
992 5307 1153 5361 αὑτὸν
1205 5310 1233 5361 6
1287 5307 1682 5377 ἀρχιδιάκονος,
1744 5308 1830 5360 ἵνα

255 5402 474 5475 ἀπέλθῃ
496 5404 571 5465 εἰς
611 5403 673 5455 τὸ
700 5403 885 5470 κτῆμα
915 5401 1009 5454 καὶ
1032 5400 1330 5469 ἐπεύξηται
1354 5403 1472 5463 ταῖς
1500 5400 1704 5469 χώραις
1736 5401 1833 5453 καὶ

257 5501 384 5559 ταῖς
438 5496 736 5565 ἀμπέλοις·
773 5498 831 5547 ὲν
868 5489 950 5557 οἷς
1000 5494 1258 5548 εἰσελθὼν
1296 5495 1374 5556 είς
1407 5493 1535 5563 μίαν
1569 5497 1835 5563 μεγίστην

259 5590 449 5659 χώραν
486 5588 649 5659 μηδὲν
687 5588 915 5657 ἔχουσαν
946 5585 1098 5641 εἶπεν
1119 5587 1267 5657 αὑτῴ
1288 5606 1299 5618 ο
1333 5588 1431 5639 Διά
1454 5586 1503 5638 τί
1541 5587 1711 5656 αὑτὴν
1737 5588 1836 5639 οὑκ

259 5682 521 5749 ἔσπειρας
564 5681 824 5749 μεγίστην
854 5677 1046 5743 οὖσανς
1090 5681 1147 5733 ’0
1178 5680 1231 5734 δὲ
1269 5679 1568 5743 σύνδακους
1610 5681 1836 5750 γενόμεο

344 5841 361 5870 ³
387 5838 521 5894 i'aal.
558 5860 733 5909 (λιιι,
783 5845 861 5897 I9.

2010 5308 2137 5364 ΧΙΙΙ.
2176 5310 2433 5364 Sanctum
2469 5315 2654 5360 autem
2702 5305 2911 5373 rogavit
2957 5302 3397 5360 archidiaconus,
3455 5313 3511 5351 ut

1939 5406 2149 5458 veniret
2184 5403 2235 5455 in
2266 5416 2419 5455 suum
2469 5400 2748 5470 praedium,
2782 5406 2836 5452 et
2861 5398 2997 5451 bene
3024 5405 3339 5465 precaretur
3368 5398 3512 5462 agris

1938 5504 1992 5549 et
2013 5494 2237 5548 vitibus.
2263 5492 2543 5563 Ingressus
2578 5504 2705 5544 vero
2729 5488 2919 5543 beatus
2950 5490 3001 5543 in
3030 5502 3189 5540 unam
3216 5486 3508 5538 maximam

1942 5589 2236 5659 regionem,
2300 5601 2419 5655 qua:
2477 5585 2609 5639 nihil
2669 5584 2920 5646 habebat,
2954 5582 3088 5635 dixit
3118 5580 3165 5634 ei
3198 5599 3211 5632 :
3244 5580 3353 5632 Cur
3406 5594 3509 5630 non

1947 5679 2231 5735 seminasti
2299 5693 2442 5737 eam,
2473 5690 2597 5731 cum
2648 5675 2718 5730 sit
2779 5670 3512 5727 maxima?Archiiliac0n'is
