4218 6482
224 396 365 461 1365

1458 392 1630 450 VITA
1672 392 1731 451 S.
1770 392 1818 451 N
1833 391 2187 454 [CEPHORI
2202 439 2215 454 .

3344 388 3479 453 1366

244 506 290 557 0
316 505 407 556 οὖν
433 501 736 562 ἐπίσκοπος
773 502 798 552 6
832 498 1166 570 προρρηθεῖς
1214 498 1542 560 ’Υπατιανὸς
1570 498 1813 561 ἀκούσας
1842 506 1888 560 Α

1842 506 1888 560 Α
1918 504 1993 555 vit
2033 501 2086 555 in
2120 516 2274 570 pace.
2307 500 2603 555 Przilictus
2631 511 2762 567 ergo
2813 496 3151 568 llypatianus
3204 497 3489 567 episcopus

212 591 315 645 τοῦ
340 590 588 660 ἀοιδίμου
612 591 668 643 ὲν
710 586 933 657 Χριστῷ
958 589 1057 657 τὴν
1093 585 1448 656 μετάστασιν,
1483 585 1807 639 καταλιπὼν

212 687 284 739 τὰ
333 686 390 737 ὲν
445 685 654 755 χερσὶν,
690 684 909 752 ἀπάρας
957 684 1019 734 ἐκ
1054 682 1155 749 τῆς
1205 680 1410 742 πόλεως
1452 679 1806 749 Ἡρακλείας,

214 780 387 849 οὐρίῳ
450 778 747 846 πνεύματι,
810 776 904 829 τοῦ
944 774 1081 829 Θεοῦ
1144 774 1522 839 κελεύσαντος,
1570 776 1636 844 τῇ
1671 773 1808 842 αὐτῇ

215 874 375 923 νυκτὶ
413 868 826 937 καταλαμϐάνει
858 868 958 938 τὴν
988 866 1314 935 Λάμψακον.
1355 867 1629 928 Ὡσαύτως
1662 865 1762 919 καὶ
1785 866 1813 917 ὁ

218 962 465 1025 Κυζίκου
491 959 932 1028 ἀρχιεπίακοπος
965 960 1058 1011 καὶ
1104 960 1132 1011 ὀ
1168 956 1407 1012 Μελίτου
1435 957 1645 1019 πόλεως
1676 958 1735 1009 ὲν

221 1055 317 1106 καὶ
351 1052 649 1121 ἐγεννήθη,
686 1051 781 1103 καὶ
804 1053 830 1103 ὀ
865 1050 1068 1119 Παρίου
1097 1048 1395 1112 Εὑστάθιος
1424 1049 1518 1101 καὶ
1558 1049 1607 1099 oi
1637 1048 1813 1100 λοιποὶ

217 1146 329 1198 τῶν
374 1142 537 1213 πέριξ
602 1144 835 1206 πόλεων,
885 1145 976 1196 καί⁵
1036 1141 1209 1205 οὓτως
1267 1140 1403 1210 μετὰ
1448 1140 1684 1209 ψαλμῶν
1718 1140 1814 1192 καὶ

222 1240 414 1307 ὓμνων
476 1235 768 1288 κατέθεντο
818 1234 982 1287 αὑτὸν
1028 1233 1257 1301 πλησίον
1289 1233 1389 1302 τῆς
1424 1232 1720 1302 ἐκκλησίας
1754 1234 1813 1284 ὲν

220 1333 299 1401 τῷ
338 1329 647 1399 εὖκτηρίῳ,
696 1328 724 1380 ὃ
780 1328 943 1390 αὐτὸς
1001 1326 1373 1396 ᾠκοδόμησεν.
1418 1324 1743 1393 Ἐτελειώθη
1785 1328 1813 1378 6

222 1424 486 1490 Οεράπων
518 1419 612 1473 τοῦ
651 1418 786 1473 Θεοῦ
822 1418 1120 1486 Παρθένιος
1156 1418 1299 1470 κατὰ
1340 1416 1651 1488 Ῥωμαίους
1680 1420 1813 1489 μηνὶ

220 1509 575 1581 Φεϐρουαρίῳ
606 1516 679 1573 ς’,
721 1510 863 1563 κατὰ
888 1508 944 1562 δὲ
988 1509 1273 1569 Ἀσιανους
1327 1510 1813 1579 πεντεκαιδεκάτῃ,

222 1606 530 1672 διδάγματα
557 1603 616 1655 οὐ
648 1602 819 1671 μικρὰ
842 1599 1173 1667 καταλείψας
1193 1602 1324 1670 ἡμῖν
1352 1600 1440 1654 διὰ
1465 1601 1565 1668 τῆς
1596 1603 1813 1664 τελείας

221 1700 303 1759 ei;
336 1699 428 1749 τὸν
459 1697 593 1749 Θεὸν
655 1697 748 1748 καὶ
804 1692 1059 1754 ἀκλινοῦς
1094 1692 1331 1754 πίστεως
1387 1693 1579 1757 αὑτοῦ,
1610 1695 1667 1756 ὃς
1719 1695 1814 1747 καὶ

227 1790 368 1856 μετὰ
422 1789 575 1850 τέλος
632 1790 697 1856 τῇ
737 1788 874 1855 πρὸς
932 1786 1026 1839 τὸν
1079 1784 1215 1837 Θεὸν
1262 1785 1444 1854 ἱκεσίᾳ
1495 1787 1593 1838 οὐκ
1617 1787 1815 1855 ἠρεμεῖ

224 1854 695 1949 ὸαυματουργῶν,
764 1854 1026 1946 δαίμονας
1093 1874 1419 1929 ἀπελαύνων
1470 1878 1566 1929 καὶ
1622 1854 1811 1931 «aestv
1844 1854 1891 1913 Β

224 1974 384 2024 νόσον
426 1970 673 2039 ἰώμενος,
708 1973 775 2040 τῇ
825 1970 1052 2038 δυνάμει
1088 1968 1183 2021 τοῦ
1230 1968 1809 2039 ΚυρίουήμῶνἹησοῦ

224 2056 489 2125 Χριστοῦ,
547 2058 667 2126 μεθ’
708 2052 771 2111 οὗ
803 2057 879 2125 τῷ
916 2058 1093 2128 Πατρὶ
1122 2056 1271 2120 δόξα,
1310 2058 1681 2126 προσκύνησις
1721 2063 1815 2115 καὶ

224 2151 309 2216 τῷ
344 2150 595 2216 παναγὶῳ
621 2148 1038 2219 Πνεύματι,νῦν
1069 2151 1161 2200 καὶ
1189 2149 1275 2201 ἀεὶ
1304 2150 1397 2202 καὶ
1419 2150 1497 2213 είς
1527 2152 1649 2215 τοὺς
1682 2154 1811 2206 αίῶο

227 2259 322 2303 νας
357 2241 464 2293 τῶν
491 2241 721 2295 αἰώνων.
764 2242 957 2312 Ἀμήν.

1913 604 2035 645 cum
2082 590 2376 643 audivisset
2433 589 2691 658 inclytum
2746 596 2802 642 et
2859 587 3225 641 venerandum
3279 584 3490 641 Patrem

1913 691 2156 735 nostrum
2183 680 2535 735 Parthenium
2579 680 2643 732 ad
2671 679 2945 734 Christum
2974 680 3253 745 migrasse,
3287 679 3494 733 relictis

1912 773 2165 827 omnibus
2186 788 2306 841 qua:
2337 771 2570 827 habebat
2602 772 2654 825 in
2706 771 2980 834 manibus,
3014 769 3232 824 solvens
3256 785 3321 824 es
3354 771 3483 825 civi-

1914 873 2024 919 tate
2055 863 2340 929 Heraclea,
2370 862 2610 919 secundo
2641 872 2803 917 vento
2854 876 2978 917 cum
3016 861 3161 917 Deus
3216 859 3492 927 jussisset,

1915 959 2100 1013 eadem
2134 966 2292 1014 nocte
2317 958 2567 1028 pervenit
2604 954 2990 1026 Lampsacum.
3026 954 3288 1009 Similiter
3328 953 3492 1009 etiam

1914 1050 2097 1121 Cyzici
2128 1052 2441 1121 episcopus,
2475 1060 2527 1105 et
2548 1050 2840 1121 episcopus
2872 1048 3062 1112 Meliti,
3096 1048 3149 1103 in
3182 1064 3286 1117 qua
3320 1048 3495 1104 fuerat

1918 1153 2099 1205 natus,
2130 1152 2184 1196 et
2220 1140 2365 1195 Parii
2410 1141 2693 1210 episcopus
2723 1140 2940 1195 nomine
2958 1138 3304 1201 Eustachius,
3333 1148 3388 1193 et
3407 1154 3495 1194 re-

1916 1234 2045 1305 liqui
2082 1249 2145 1290 ex
2180 1233 2493 1289 civitatibus
2516 1246 2637 1302 qua:
2672 1240 2830 1287 erant
2879 1230 3259 1287 circumcirca.
3296 1227 3494 1301 Sicque

1915 1343 2037 1383 cum
2073 1328 2297 1396 psalmis
2330 1336 2387 1380 et
2417 1325 2635 1396 hymnis
2658 1332 2711 1378 et
2752 1324 3087 1393 spiritalibus
3122 1322 3350 1378 canticis
3402 1323 3494 1377 de-

1915 1430 2211 1491 posuerunt
2235 1434 2357 1474 eum
2380 1432 2544 1488 prope
2562 1417 2848 1473 ecclesiam
2872 1416 2926 1471 in
2948 1418 3197 1471 oratorio
3219 1414 3364 1486 quod
3380 1416 3496 1484 ipse

1917 1512 2225 1568 aedificavit.
2276 1512 2510 1566 Dormiit
2552 1521 2735 1565 autem
2796 1518 3017 1565 sanctus
3059 1508 3262 1564 Christi
3308 1522 3497 1563 servus

1917 1602 2241 1657 Parthenius
2300 1602 2533 1671 septimo
2573 1601 2776 1657 mensis
2827 1600 3133 1662 Februarii,
3188 1614 3293 1653 non
3329 1613 3493 1668 parva

1918 1694 2077 1747 nobis
2108 1693 2297 1748 relicta
2325 1694 2573 1747 doctrina
2604 1707 2698 1763 per
2728 1692 3021 1761 perfectam
3062 1701 3115 1745 et
3164 1690 3492 1746 immobilem

1919 1782 2036 1850 ejus
2064 1784 2116 1836 in
2144 1783 2309 1838 Deum
2348 1783 2531 1838 fidem.
2565 1782 2667 1849 Qui
2710 1783 2875 1836 etiam
2929 1789 3049 1848 post
3078 1781 3358 1836 decessum
3397 1795 3494 1833 sua

1920 1876 1987 1930 ad
2022 1875 2189 1930 Deum
2219 1874 2618 1946 supplicatione
2649 1889 2755 1928 non
2794 1882 2971 1927 cessat
3003 1871 3183 1926 facere
3208 1870 3491 1931 miracula,

1920 1963 2195 2017 dzetnones
2228 1962 2522 2030 expellens,
2556 1962 2797 2031 leprosos
2856 1961 3146 2023 mundans,
3179 1969 3235 2014 et
3276 1975 3492 2014 omnem

1919 2055 2165 2109 morbum
2200 2064 2251 2109 et
2304 2054 2685 2121 agritudiuem
2735 2068 2937 2107 curans
2972 2054 3169 2106 virtute
3207 2062 3261 2105 et
3320 2051 3492 2119 gratia

1917 2147 2131 2201 Domini
2162 2158 2215 2202 et
2257 2148 2353 2201 Dei
2398 2159 2454 2201 et
2490 2146 2801 2202 Servatoris
2840 2148 3008 2200 nostri
3056 2144 3185 2199 Jesu
3244 2143 3442 2199 Christi
3477 2154 3496 2196 :

1917 2242 2005 2295 cui
2048 2241 2217 2309 gloria
2259 2250 2312 2294 et
2343 2241 2609 2310 potentia,
2644 2256 2788 2294 nunc
2816 2249 2869 2295 et
2891 2253 3102 2309 semper
3130 2249 3183 2294 et
3216 2239 3266 2293 in
3299 2236 3492 2293 secula

1917 2332 2261 2385 sazcnlorum.
2294 2333 2491 2388 Amen.

258 2525 3480 2558 Μ

818 2710 922 2766 DE
957 2708 1017 2765 S.
1067 2706 1525 2768 NICEPHORO
1575 2706 1969 2767 MARTYRE
2014 2706 2462 2767 ANTIOCHUE
2509 2706 2587 2768 IN
2635 2704 2896 2767 SYRIA.

908 2873 1064 2934 (Circa
1088 2888 1166 2925 an.
1193 2874 1302 2930 258.
1326 2874 1588 2927 Februarii
1610 2876 1690 2925 die
1711 2876 1759 2925 9.
1791 2900 1848 2911 —
1884 2878 1999 2925 Acta
2024 2876 2118 2925 SS.
2153 2872 2380 2926 Bollaud.
2408 2876 2467 2926 ad
2485 2876 2611 2927 hanc
2640 2875 2818 2935 diem.)

307 3203 361 3257 Ι.
390 3200 537 3256 Inter
570 3211 779 3257 atroces
831 3202 1237 3273 persecutiones
1271 3202 1460 3269 primis
1496 3202 1707 3257 szeculis
1739 3218 1767 3257 a
1814 3204 2075 3259 Romanis
2099 3204 2514 3273 imperatoribus
2548 3202 2724 3257 illatas
2748 3201 3091 3271 Christianis,
3146 3213 3334 3259 octava
3363 3219 3489 3259 cel-

232 3307 388 3350 setur
416 3308 445 3346 a
485 3292 788 3358 Valeriano,
817 3310 939 3349 cum
997 3294 1106 3349 tilio
1166 3293 1411 3349 Gallieno
1448 3296 1768 3364 imperante,
1805 3310 1967 3359 anno,
1998 3296 2208 3365 imperii
2246 3305 2457 3364 quarto,
2480 3294 2677 3351 Christi
2709 3294 2813 3349 257
2840 3333 2855 3357 ,
2893 3304 3055 3357 mota,
3156 3297 3208 3350 in
3242 3311 3343 3365 qua
3373 3296 3491 3350 illu-

236 3390 469 3444 stiiores
502 3399 765 3459 martyres
788 3390 1161 3444 occubuerunt
1201 3389 1384 3441 Roma:
1425 3385 1525 3441 SS.
1561 3388 1866 3456 Stephanus
1901 3397 1955 3441 et
2018 3388 2203 3442 Sistus
2254 3387 2559 3457 pontifices,
2614 3386 2938 3443 Laurentius
3036 3389 3490 3455 archidiaconus;

227 3488 582 3558 Carthagine,
614 3482 668 3537 S.
706 3482 1034 3553 Cyprianus;
1064 3483 1113 3535 in
1145 3481 1388 3544 Oriente,
1408 3478 1467 3535 S.
1513 3478 1871 3549 Nicephorus,
1897 3480 1959 3534 de
1987 3493 2094 3549 quo
2126 3480 2212 3534 hic
2238 3480 2472 3550 agimus,
2500 3479 2629 3533 alibi
2655 3478 2769 3532 alii.

308 3602 366 3656 2.
405 3602 536 3654 Acta
572 3600 727 3665 hujus
758 3598 1009 3668 martyris
1044 3600 1183 3652 nacti
1226 3613 1414 3653 sumus
1455 3595 1688 3664 duplicia
1724 3611 1791 3650 es
1825 3595 2014 3649 Graeco
2039 3610 2140 3649 ms.
2184 3595 2370 3649 codice
2423 3596 2563 3664 regis
2597 3594 2858 3657 Francia,
2920 3598 3242 3669 perantiqua
3292 3599 3493 3669 diuque

227 3702 355 3745 ante
386 3702 623 3757 tempora
666 3688 1037 3757 sletapurastse
1069 3687 1379 3755 conscripta
1429 3704 1441 3739 ι
1490 3687 1675 3756 priora
1733 3686 1946 3739 incerto
1994 3698 2219 3741 auctore
2271 3694 2421 3746 sunt,
2477 3700 2600 3755 qua:
2655 3684 2997 3755 Mepbrastes
3028 3689 3273 3744 nonnihil
3318 3691 3489 3746 inter-

227 3782 411 3850 polata
443 3780 630 3842 edidit,
658 3795 884 3849 qumque
905 3795 934 3832 a
967 3780 1232 3834 chtiauo
1256 3778 1490 3834 Herveto
1528 3778 1717 3833 Latine
1749 3794 1901 3834 versa
1936 3779 2220 3847 vulgarunt
2254 3779 2579 3847 Lipomanus
2604 3788 2655 3834 et
2688 3778 2897 3835 Surius.
2934 3778 3040 3835 Nos
3062 3784 3249 3836 eadem
3280 3782 3489 3837 damus-

227 3875 327 3930 sed
392 3889 509 3943 qua:
571 3876 762 3929 desunt
812 3876 864 3928 in
919 3890 1021 3929 ms.
1071 3876 1279 3940 Graeco,
1347 3884 1443 3928 aut
1489 3884 1744 3943 tauquam
1799 3885 1981 3944 postea
2044 3876 2314 3944 adjuncta,
2354 3876 2461 3928 alio
2490 3875 2873 3943 distinguimus
2908 3877 3243 3939 charactere,
3275 3894 3338 3932 ac
3379 3882 3491 3934 lere

230 3981 284 4033 in
331 3969 700 4023 notatiouibus
731 3968 1082 4037 explicamus.
1108 3966 1319 4023 Titulus
1356 3970 1545 4022 horum
1606 3967 1793 4023 Graece
1818 3970 1896 4023 hic

1823 3970 1903 4023 hic
1964 3978 2045 4022 est
2084 3984 2097 4021 :
2128 3968 2386 4038 Ἀθλησις
2424 3967 2517 4021 τοῦ
2545 3969 2702 4033 ἁγίου
2737 3970 3221 4042 μεγαλομάρτυρος
3244 3973 3489 4043 Νικηφό-

229 4076 352 4128 pou,
374 4061 624 4114 καὶκατὰ
646 4060 1034 4130 μνησικακίας.
1063 4060 1376 4115 «Certamen
1395 4060 1569 4115 sancti
1588 4061 1875 4130 magnique

1823 4077 1875 4115 te
1898 4063 2149 4132 martyris
2169 4060 2476 4131 Nicephori,
2499 4074 2551 4115 et
2570 4074 2757 4116 contra
2778 4065 3092 4131 iniuriarum
3114 4068 3450 4120 memoriam.
3468 4084 3489 4117 δ

305 4174 364 4227 5.
396 4173 566 4227 Grzeci
599 4174 877 4227 celebrant
911 4174 943 4227 9
972 4171 1234 4227 Februar.
1263 4171 1437 4227 oﬂicio
1459 4171 1829 4229 ecclesiastico
1866 4174 1921 4229 S.
1953 4173 2316 4243 Nicephorum
2354 4185 2669 4245 martyrem,
2703 4184 2761 4228 ut
2806 4190 2993 4231 eorum
3024 4176 3342 4249 Menologia,
3377 4179 3489 4234 Ho-

229 4264 456 4333 rologia,
487 4264 828 4334 Authologia,
860 4265 1087 4326 Menaea,
1128 4265 1388 4318 indicant.
1421 4263 1477 4317 In
1503 4264 1805 4335 Menologio
1843 4268 2137 4321 cardinalis
2192 4266 2395 4330 Sirleti,
2446 4282 2477 4320 a
2524 4266 2741 4321 Canisio
2795 4268 2959 4334 edito,
3018 4268 3131 4323 haec
3189 4269 3490 4341 leguntur:

235 4377 253 4407 ι
316 4357 499 4411 Sancti
531 4359 787 4428 martyris
823 4358 1130 4427 Nicephori,
1158 4358 1248 4424 qui
1283 4357 1566 4414 Valeriano
1592 4370 1645 4413 et
1677 4359 1918 4415 Gallieno
1951 4360 2368 4429 imperatoribus
2404 4362 2723 4432 martyrium
2753 4377 3041 4431 perpessus
3070 4372 3174 4419 est.
3208 4383 3227 4417 ι
3265 4365 3341 4419 Ex
3372 4367 3489 4435 plu-

231 4450 385 4502 ribus
415 4451 697 4513 encomiis,
723 4465 843 4519 quae
871 4452 922 4504 in
945 4450 1159 4504 Menaeis
1179 4460 1416 4513 exstant,
1448 4466 1612 4504 unum
1645 4453 1745 4505 hoc
1775 4465 1999 4507 auctore
2024 4451 2232 4507 Joanne
2258 4456 2525 4507 monacho
2566 4468 2595 4507 e
2629 4452 2880 4522 Vesperis
2907 4454 3220 4525 decerptqu
3244 4459 3435 4513 damus
3466 4474 3481 4511 :

236 4559 253 4589 ε
296 4538 577 4594 manifeste
609 4542 861 4596 omnibus
894 4542 1200 4607 ostendisti,
1241 4557 1274 4597 ο
1307 4544 1508 4598 invicte
1550 4541 1877 4613 Nicephore,
1911 4560 2056 4608 eum,
2110 4544 2199 4614 qui
2245 4544 2550 4615 proximum
2597 4558 2705 4597 non
2756 4555 2923 4609 ainat,
2978 4560 3151 4617 neque
3202 4549 3484 4603 Dominum

231 4644 395 4699 posse
424 4631 668 4702 diligere.
702 4630 1041 4702 Quapropter
1060 4633 1185 4702 quia
1218 4633 1434 4689 sincero
1462 4650 1646 4689 amore
1673 4636 1989 4705 complexus
2032 4650 2091 4691 es
2135 4636 2441 4705 Sapricium
2495 4648 2818 4690 conservum
2877 4647 3049 4699 tuum,
3105 4639 3169 4691 ad
3234 4638 3477 4695 divinum

230 4722 432 4776 alacris
462 4735 773 4794 assumptus
801 4740 859 4779 es
887 4741 1150 4792 amorem,
1178 4729 1526 4797 animamque
1559 4740 1706 4783 tuam
1741 4732 1810 4785 ob
1852 4731 2012 4785 fidem
2044 4729 2550 4800 confessionemque
2594 4730 2800 4785 Christi
2830 4730 3045 4787 dedisti.
3105 4732 3294 4789 Infelix
3356 4749 3484 4791 vero

229 4813 539 4883 Sapricius,
572 4817 698 4886 quia
736 4816 1181 4875 irreconciliabile
1216 4821 1476 4875 adversus
1526 4830 1576 4877 te
1614 4822 1797 4877 odium
1827 4823 2081 4887 detinuit,
2112 4824 2279 4880 etiam
2312 4820 2590 4877 Christum
2627 4820 2794 4876 Deum
2831 4823 3062 4893 negavit.
3100 4843 3117 4877 ι
