4218 6482
235 383 373 448 i369
1468 391 1645 454 VITA
1688 391 1749 452 S.
1803 392 2259 457 NICEPHORI.
3359 392 3497 458 1370

227 495 432 566 ἀφήσει
485 498 616 567 ὑμῖν
679 498 749 551 τά
798 497 1222 570 παραπτώματα
1278 500 1464 572 ὑμῶν’
1505 520 1524 554 ι
1586 504 1860 563 πάντωνέ

1926 520 2002 558 tus
2024 505 2245 574 fratrem
2277 516 2446 573 tuum,
2479 509 2684 563 dimitte
2709 509 2787 575 id,
2829 517 2878 562 el
2908 521 3121 573 eadem,
3158 508 3498 563 reconciliare

230 586 531 640 αίτούντων
579 588 677 643 καὶ
747 587 1215 660 παρακαλούντων
1244 631 1258 657 ,
1313 592 1375 643 ού
1434 591 1816 662 συνεχώρησεν

1926 596 2082 664 fratri
2112 606 2225 662 tuo,
2256 607 2311 653 et
2349 614 2536 654 rursus
2572 619 2586 655 :
2626 619 2645 651 ι
2683 601 2795 656 Nisi
2822 601 3148 656 remiscritis
3176 599 3489 654 hominibus

228 679 405 750 αὐτῷ.
1924 688 2118 743 delicta
2151 705 2361 757 eorum,
2398 708 2499 747 nec
2541 691 2703 749 Pater
2731 705 2911 748 vester
2967 693 3209 747 caelestis
3254 692 3497 747 remittet

232 773 390 827 vobis
415 772 607 826 delicta
632 781 811 829 vestra
846 794 859 829 :
890 793 910 827 ι
948 777 1203 832 omnibus
1262 792 1385 832 eum
1431 776 1749 847 rogantibus
1788 785 1843 831 et
1904 781 2231 844 petentibus,
2294 800 2400 838 non
2432 785 2757 840 condonavit
2795 785 2870 855 ('5)
2898 786 3057 854 fratri
3092 798 3140 840 et
3175 786 3344 840 amico
3373 800 3491 850 ιιιο,

237 868 358 925 Non
389 871 527 924 enim
556 869 778 925 habebat
801 872 855 925 in
879 888 934 927 se
949 872 1258 927 charitatem
1284 884 1331 927 et
1353 874 1768 928 misericordiam
1788 886 1807 924 :
1828 876 2164 942 quamobrem
2194 880 2312 943 iure
2346 882 2448 949 fuit
2468 884 2704 952 prii-atus
2737 897 2891 949 regno
2922 881 3191 933 caelorum.

304 964 377 1018 Γ.
425 962 485 1019 Ὀ
515 964 573 1016 δὲ
621 963 1018 1028 εύλαϐἑστατος
1070 966 1164 1018 τοῦ
1208 966 1345 1020 Θεοῦ
1372 967 1468 1019 καὶ
1500 966 1819 1027 πιστότατος

1999 970 2087 1025 ill.
2126 971 2405 1027 I’iissimus
2450 986 2627 1028 autem
2677 986 2724 1028 et
2774 974 3116 1043 fidelissimus
3148 972 3499 1041 Nicephorus.

232 1056 573 1127 Νικηφόρος,
596 1058 673 1120 ὡς
711 1056 852 1112 εἶδεν
882 1060 965 1112 ὅτι
1019 1060 1437 1130 κατεφρόνησεν
1457 1061 1487 1112 6
1516 1059 1817 1130 Σαπρίκιος

1926 1064 2289 1134 Nicepltorus,
2323 1083 2445 1121 cum
2497 1068 2631 1121 vidit
2665 1067 2969 1136 Sapriciutn
3002 1066 3317 1134 despexisse
3347 1079 3498 1119 cum-

229 1149 343 1201 τῶν
395 1150 591 1203 κοινῶν
632 1150 825 1221 φίλων,
874 1152 1073 1216 οἵτινες
1101 1152 1243 1224 ὑπὲρ
1266 1152 1433 1207 αὐτοῦ
1484 1154 1817 1222 συγγνώμην

1927 1174 2117 1213 ntunes
2146 1160 2370 1225 amicos,
2399 1162 2491 1229 qui
2528 1174 2624 1229 pro
2648 1174 2716 1214 eo
2753 1168 3021 1229 petentes,
3042 1158 3254 1211 veniam
3278 1170 3385 1210 non
3412 1170 3494 1208 ar-

232 1242 514 1303 αίτοῦντες
559 1244 661 1296 οὐκ
711 1243 927 1308 ἔλαϐον,
964 1244 1130 1311 αὐτὸς
1179 1246 1407 1315 δραμὼν
1436 1246 1515 1309 είς
1545 1245 1637 1298 τὸν
1666 1240 1816 1298 οἶκον

1927 1260 2207 1322 ceperunt,
2236 1252 2350 1320 ipse
2375 1266 2599 1305 currens
2625 1251 2691 1304 ad
2713 1249 2857 1304 a‘des
2897 1249 3150 1318 Sapt'icii,
3188 1262 3247 1302 se
3286 1245 3503 1316 projicit

233 1332 557 1400 Σαπρικίου,
588 1333 770 1402 ῥίπτει
790 1335 986 1389 ἑαυτὸν
1024 1337 1106 1400 είς
1142 1338 1271 1400 τοὺς
1319 1336 1485 1400 πόδας
1513 1336 1680 1391 αὐτοῦ
1728 1336 1818 1389 λέ-

233 1440 351 1489 γων
370 1440 383 1453 ι
409 1424 773 1496 Συγχώρησόν
814 1443 926 1497 μοι,
957 1429 1164 1499 Πάτερ,
1200 1429 1287 1483 διὰ
1318 1429 1412 1484 τὸν
1432 1430 1639 1500 Κύριον
1663 1448 1677 1463 ο
1704 1432 1733 1483 6
1766 1428 1824 1485 δὲ

232 1514 357 1567 οὐδὲ
390 1514 565 1579 οὕτως
618 1517 884 1589 ἠθέλησεν
935 1520 1292 1591 διαλλαγῆναι
1343 1522 1496 1591 αύτῷ
1547 1524 1623 1587 ῶς
1672 1523 1825 1592 φίλος

236 1608 401 1677 φίλῳ,
452 1608 545 1661 καὶ
602 1609 837 1678 μάλιστα
871 1613 1363 1684 παρακαλούμενος
1410 1617 1506 1669 καὶ
1532 1616 1825 1687 χρεωστῶν

233 1702 404 1768 χωρὶς
445 1702 847 1773 παρακλήσεως
870 1707 935 1757 ὲκ
971 1705 1198 1776 πρώτης
1232 1707 1534 1776 ἀπολογίας
1563 1707 1855 1773 δέξασθαι,

238 1793 405 1845 αὑτὸν
426 1792 498 1855 ὡς
527 1793 852 1862 Χριστιανὸς
872 1796 967 1848 καὶ
998 1797 1375 1867 πρεσϐύτερος
1407 1801 1499 1853 κα)⁸
1528 1798 1607 1869 τῷ
1634 1801 1824 1870 Κυρίῳ

238 1885 516 1939 δουλεύειν
555 1886 1043 1958 επαγγειλάμενος.

1923 1342 1991 1394 ad
2026 1348 2191 1410 pedes
2218 1343 2360 1411 ejus,
2387 1343 2571 1396 dicens
2609 1359 2623 1396 :
2667 1340 2926 1397 Condona
2971 1340 3124 1405 mihi,
3162 1340 3344 1400 Pater,
3376 1351 3504 1406 pro-

1926 1442 2046 1500 ptct‘
2075 1431 2384 1488 Dominum.
2412 1433 2507 1487 Ille
2560 1447 2689 1489 vero
2740 1435 2789 1488 ei
2858 1433 3031 1487 noluit
3065 1430 3405 1487 reconciliari
3448 1438 3508 1481 ut

1927 1524 2123 1589 amico,
2151 1534 2206 1579 et
2238 1525 2471 1579 maxime
2508 1540 2631 1580 cum
2674 1534 2959 1595 rogaretur
2996 1544 3009 1580 :
3040 1533 3090 1579 et
3128 1523 3356 1576 maxime
3380 1536 3503 1576 cum

1926 1618 2172 1680 deberet,
2200 1618 2414 1672 etiamsi
2470 1633 2577 1671 non
2632 1618 2823 1672 fuisset
2858 1628 3095 1686 rogatus,
3129 1631 3158 1670 a
3200 1615 3370 1685 prima
3410 1629 3508 1669 ex-

1931 1709 2209 1762 cusatione
2238 1725 2360 1763 eum
2388 1711 2659 1777 accipere,
2684 1718 2741 1764 ut
2764 1709 3110 1766 Christianus
3128 1718 3180 1763 et
3200 1708 3506 1780 presbyter,

1926 1809 1985 1855 et
2018 1801 2108 1871 qui
2149 1802 2428 1870 professus
2456 1810 2573 1858 erat
2599 1800 2805 1857 servire
2844 1802 3093 1858 Domino.

1681 2050 1912 2108 CAPUT
1950 2052 2013 2107 ll.

1063 2165 1339 2234 Sapricius
1365 2183 1585 2221 renuens
1606 2167 1784 2221 odium
1807 2167 2091 2235 deponere,
2141 2169 2401 2239 martyrio
2441 2169 2663 2223 excidit.

312 2286 387 2340 Δ”.
439 2285 528 2345 Ὦς
563 2278 657 2337 οὖν
686 2282 856 2337 ταῦτα
885 2282 1057 2346 οὕτως
1098 2283 1512 2355 διεπράττοντο,
1557 2284 1822 2354 ἐξαίφνης
1856 2295 1860 2344 j

2002 2285 2093 2340 IV.
2126 2286 2261 2341 Cum
2296 2288 2409 2341 inec
2439 2296 2621 2340 autem
2656 2284 2738 2339 sic
2790 2284 3002 2349 ﬂerent,
3050 2291 3271 2352 repente
3300 2281 3510 2337 exsistit

239 2378 455 2444 γίνεται
495 2376 733 2445 διωγμὸς
768 2375 863 2429 καὶ
922 2375 1103 2445 θλίψις
1164 2376 1376 2446 μεγάλη
1436 2379 1494 2429 ὲν
1533 2380 1599 2446 τῇ
1650 2376 1827 2440 πόλει,

239 2469 381 2521 ὅπου
412 2466 712 2537 ἀμφότεροι
740 2466 1045 2536 κατῴκουν.
1077 2466 1373 2537 Κρατεῖται
1390 2466 1455 2519 δὲ
1478 2468 1504 2517 6
1529 2466 1828 2536 Σκπρίκιος

241 2559 341 2613 καὶ
392 2557 748 2626 παραδίδοται
787 2556 866 2626 τῷ
903 2558 1157 2627 ἡγεμόνι,
1217 2557 1312 2609 καὶ
1344 2556 1420 2620 tit;
1450 2557 1581 2627 ἔστη
1616 2559 1830 2625 ἔμπρο-

243 2652 373 2705 σθεν
411 2649 602 2713 αὑτοῦ,
628 2652 658 2704 6
686 2649 911 2719 ἡγεμὼν
945 2644 1098 2702 εἶπεν
1129 2669 1144 2683 ο
1174 2649 1240 2703 Τί
1266 2649 1327 2703 1:6
1363 2649 1533 2719 ὄνομά
1562 2666 1693 2715 σου;
1724 2650 1828 2703 Σα-

242 2743 463 2812 πρίκιος
488 2742 595 2811 ἔφη
617 2759 630 2773 ·
654 2741 951 2811 Σαπρίκιος
989 2740 1284 2810 καλοῦμαι.
1322 2741 1380 2794 Ὃ
1406 2741 1629 2811 ἡγεμὼν
1658 2741 1827 2809 λέγει·

244 2836 409 2888 Ποίου
438 2836 632 2903 γένους
662 2833 746 2899 εἷς
784 2834 1081 2905 Σαπρίκιος
1110 2830 1270 2887 εἶπεν
1290 2850 1302 2864 ·
1328 2834 1657 2904 Χριστιανός
1688 2836 1828 2902 εἰμι.

252 2928 316 2981 '0
336 2927 560 2997 ἡγεμὼν
576 2923 729 2980 εἶπεν
749 2945 763 2958 ·
794 2927 1123 2997 Κληρικδςῆ
1180 2927 1364 2990 λαῖκός
1392 2944 1407 2990 ;
1445 2926 1505 2979 ’0
1539 2926 1595 2978 δὲ
1630 2925 1833 2993 Σαπρί-

243 3036 363 3081 κιος
388 3018 490 3087 ἔφη
512 3031 527 3048 ⁶
566 3018 947 3087 Πρεσὸυτέρου
980 3019 1133 3086 τάξιν
1170 3018 1295 3087 ἔχω.
1314 3018 1373 3072 '0
1389 3018 1614 3087 ἡγεμὼν
1642 3018 1791 3086 λέγει
1814 3034 1829 3051 ο

244 3115 310 3167 ΟΞ
343 3110 643 3179 Αὖγουστοι
672 3112 829 3181 ἡμῶν
862 3113 954 3165 καὶ
976 3112 1154 3182 κύριοι
1184 3113 1389 3182 ταύτης
1410 3112 1511 3179 τῆς
1528 3111 1709 3182 χώρας
1738 3112 1833 3164 καὶ

242 3203 355 3256 τῶν
380 3205 543 3272 ὁρίων
566 3188 856 3272 Ῥωμαίων
878 3202 1245 3272 Οὐαλεριανὸς
1263 3204 1357 3255 κα).
1383 3203 1583 3266 Γάλλος
1614 3202 1834 3255 ὲκέλευο

245 3312 373 3359 σαν,
397 3297 544 3359 ὅπως
563 3298 612 3349 οί
638 3298 863 3359 ἑαυτοὺς
892 3296 1145 3371 λέγοντες
1175 3297 1536 3365 Χριστιανοὺς
1558 3298 1673 3359 τοῖς
1699 3294 1833 3348 ἀθα-

244 3389 433 3450 νάτοις
463 3389 559 3441 καὶ
580 3388 773 3450 άῖδίοις
797 3387 937 3449 θεοῖς
967 3387 1205 3441 θύσωσιν
1230 3405 1241 3416 ·
1272 3389 1321 3440 εί
1348 3387 1403 3439 δέ
1437 3404 1521 3449 τις
1557 3403 1835 3457 καταφρο-

239 3478 355 3533 νῶν
386 3478 635 3532 διαπτύει
656 3519 671 3542 ,
702 3478 1023 3546 γινωσκέτω
1053 3478 1234 3547 ἑαυτῷ
1263 3477 1543 3546 διαφόροις
1581 3477 1833 3545 βασάνων

240 3572 544 3644 τιμωρίαις
587 3571 934 3639 καμφθῆναι,
992 3571 1089 3622 καὶ
1128 3569 1300 3632 οὕτως
1324 3570 1695 3640 χαλεπωτάτῳ
1736 3568 1831 3622 θα-

239 3639 410 3735 νάτῳ-
440 3662 867 3735 κατακριθῆναι.
916 3664 976 3715 '0
1028 3663 1083 3715 δὲ
1117 3663 1417 3733 Σαπρίκιος
1469 3662 1832 3733 παρεστηκὼς
1861 3639 1905 3695 c

241 3755 402 3812 εἶπεν
428 3757 561 3827 πρὸς
593 3757 683 3809 τὸν
716 3755 962 3826 ἡγεμόνα
989 3774 1003 3788 ·
1041 3755 1234 3825 Ἡμεῖς
1264 3757 1314 3806 οἰ
1344 3756 1662 3824 Χριστιανοὶ
1694 3756 1831 3826 Χρι-

244 3852 375 3904 στὸν
413 3851 504 3902 τὸν
556 3850 781 3919 βασιλέα
831 3849 1048 3919 ἔχομεν,
1105 3849 1183 3901 ὅτι
1242 3848 1495 3918 ἀληθινὸς
1523 3848 1654 3910 Θεός
1686 3850 1832 3901 ἐστιν

243 3941 346 3993 κα).
368 3939 606 4009 Ποιητὴς
632 3937 864 4008 ούρανοῦ
897 3938 992 3989 καὶ
1014 3937 1117 4004 γῆς
1147 3939 1240 3988 καὶ
1269 3935 1546 4006 θαλάσσης
1574 3940 1667 3990 καὶ
1694 3939 1831 3990 πάν-

242 4051 358 4088 των
390 4032 498 4085 τῶν
528 4033 586 4083 ιν
609 4030 792 4092 αὐτοῖς
814 4044 828 4059 ’
856 4029 1056 4091 πάντες
1085 4029 1142 4082 δὲ
1167 4030 1215 4080 οἱ
1247 4028 1360 4081 θεοὶ
1381 4027 1489 4082 τῶν
1518 4028 1690 4083 ἐθνῶν
1714 4031 1832 4083 δαι-

250 4125 416 4197 μόνιά
473 4124 633 4178 εἰσιν.
688 4120 1105 4175 Ἀπολισθωσαν
1158 4119 1339 4175 ’τοίνυν
1371 4120 1480 4175 ἀπὸ
1534 4121 1831 4191 προσώπου

248 4217 437 4284 πάσης
472 4216 568 4284 τῆς
594 4214 698 4284 γῆς
731 4214 781 4266 oi
814 4212 1007 4283 μηδεν).
1039 4212 1328 4282 δυνάμενοι
1351 4211 1617 4283 βοηθῆσαι
1646 4214 1678 4283 ἦ
1710 4230 1832 4267 τινα

246 4307 511 4384 βλάψαιῆ
543 4304 871 4374 συμποδίσαι
898 4305 1034 4374 ῐργα
1068 4304 1267 4375 χειρῶν
1302 4304 1454 4362 ὖντις
1503 4303 1827 4375 ἀνθρώπων.

322 4402 400 4456 ιε’.
430 4401 562 4453 Τότε
593 4398 869 4468 ὀργισθεὶς
926 4399 953 4451 6
985 4396 1210 4468 ἡγεμὼν
1241 4397 1526 4451 ἐκέλευσεν
1568 4395 1831 4468 βληθῆναι

244 4495 414 4550 αὐτὸν
448 4494 527 4556 είς
568 4491 809 4562 κοχλίαν,
854 4490 949 4544 καὶ
975 4489 1219 4561 σφοδρῶς
1254 4488 1640 4559 βασανίζεσθαι
1670 4489 1832 4544 αὐτὸν

244 4587 425 4647 οὕτως
452 4584 685 4655 πικρῶς.
716 4579 883 4637 Εἶπεν
917 4584 945 4637 6
975 4584 1276 4654 Σαπρίκιος
1302 4581 1380 4651 τῷ
1416 4583 1682 4652 ἡγεμόνι·
1737 4583 1832 4647 El;

243 4683 350 4748 τὴν
372 4679 552 4749 σάρκα
577 4694 678 4746 μου
697 4677 948 4741 ἐξουσίαν
973 4675 1119 4746 ἔχεις
1145 4674 1408 4745 πράττειν
1433 4672 1531 4742 τὴν
1570 4674 1831 4744 ὠμότητά

249 4791 371 4834 σου,
407 4774 462 4824 ὲν
513 4772 569 4824 δὲ
601 4773 666 4839 τῇ
693 4769 838 4838 ψυχῇ
868 4786 970 4836 μου
1002 4767 1262 4836 οὐδεμίαν
1289 4763 1561 4831 ἐξουσίαν,
1611 4767 1661 4817 εί
1705 4765 1779 4836 μὴ
1802 4768 1831 4819 6

1931 2379 2238 2449 persecutio
2283 2388 2337 2432 et
2369 2392 2564 2446 magna
2603 2377 2825 2432 ainictio
2865 2376 2920 2430 in
2966 2374 3253 2430 Antiochia
3311 2373 3389 2441 (4)
3432 2374 3511 2429 ci-

1932 2472 2121 2535 vitate,
2150 2468 2241 2523 ubi
2285 2469 2445 2524 ambo
2471 2467 2794 2523 habitabant
2820 2484 2834 2521 :
2869 2475 2925 2522 et
2952 2465 3378 2536 apprehenditur
3408 2462 3511 2518 Sn-

1933 2560 2135 2627 pricius
2164 2568 2222 2611 ut
2245 2558 2606 2620 Christianus,
2638 2564 2692 2609 et
2726 2555 2958 2608 traditur
2990 2551 3203 2624 prasidi
3236 2559 3328 2605 :et
3364 2551 3509 2604 stetit

1934 2660 2060 2705 ante
2097 2652 2299 2717 ipsum,
2337 2660 2391 2705 et
2428 2650 2571 2705 dixit
2601 2649 2650 2704 ei
2701 2662 2903 2718 praeses
2938 2665 2952 2701 :
2990 2647 3144 2713 Quod
3192 2653 3275 2700 est
3308 2657 3508 2698 nomen

1936 2743 2142 2797 tuum?
2178 2741 2273 2797 Ille
2324 2751 2506 2797 autem
2565 2742 2746 2797 dixit:
2783 2740 2962 2795 Vocor
3026 2735 3323 2806 Sapricins.
3374 2731 3512 2789 Dicit

1934 2848 2132 2900 praeses
2170 2850 2184 2886 :
2218 2831 2511 2901 Cujusnam
2546 2845 2606 2887 es
2659 2831 2873 2900 generis
2913 2828 2937 2881 ?
2974 2827 3121 2882 Dixit
3174 2823 3451 2894 Sapricius
3491 2840 3508 2880 :

1936 2927 2066 2981 Sum
2124 2926 2487 2981 Christianus.
2530 2923 2741 2980 Praeses
2790 2923 2973 2978 dixit:
3010 2920 3083 2975 Es
3132 2919 3367 2975 clericus
3398 2915 3515 2988 (5)!

1935 3018 2083 3073 Dixit
2134 3018 2462 3088 Sapricius:
2508 3016 2712 3072 Locum
2767 3024 2925 3070 teneo
2973 3011 3301 3084 presbyteri.
3376 3008 3512 3063 Dicit

1937 3127 2141 3183 ιιι-ωερε
2174 3129 2188 3165 :
2222 3111 2453 3178 Augusti
2502 3111 2675 3166 nostri
2706 3116 2760 3164 et
2804 3106 3015 3162 domini
3077 3104 3237 3174 hujus
3275 3101 3513 3171 regionis

1935 3211 1989 3257 et
2020 3202 2208 3256 ﬁnium
2244 3199 2635 3265 Romanorum,
2665 3197 2985 3254 Valerianus
3011 3206 3066 3249 et
3100 3193 3308 3257 Gallus,
3339 3193 3512 3262 jusse-

1938 3307 2086 3360 runt,
2123 3303 2204 3359 ut,
2230 3295 2320 3363 qui
2353 3308 2412 3348 se
2445 3294 2631 3347 dicunt
2667 3307 2790 3347 esse
2812 3290 3175 3351 Christianos,
3209 3285 3513 3342 sacriﬁcent

1936 3388 2039 3441 diis
2067 3387 2472 3441 immortalibus
2502 3385 2605 3455 (6).
2642 3384 2698 3438 Si
2741 3385 2864 3455 quis
2889 3397 3017 3437 vero
3058 3381 3392 3448 despiciens,
3425 3391 3511 3432 ro-

1937 3482 2081 3545 spuit
2146 3482 2247 3534 hoc
2299 3479 2563 3545 edictum,
2602 3478 2733 3535 sciat
2769 3493 2829 3534 se
2879 3475 3111 3532 diversis
3140 3474 3426 3529 tormentis
3463 3480 3512 3525 et

1939 3572 2215 3641 suppliciis
2254 3571 2617 3639 plectendum,
2645 3577 2698 3625 et
2727 3569 2807 3625 sic
2834 3567 3156 3639 gravissima
3188 3573 3361 3620 morte
3396 3578 3512 3618 esse

1941 3664 2435 3717 condemnandum.
2468 3661 2748 3731 Sapricius
2776 3673 2958 3715 autem
2984 3669 3191 3726 astans,
3212 3657 3348 3711 dixit
3377 3670 3511 3726 pra-

1940 3758 2088 3811 sidi:
2132 3756 2239 3812 Nos
2289 3755 2608 3821 Christiani,
2658 3773 2687 3809 ο
2741 3771 2956 3825 prmes.
3013 3753 3291 3808 Christum
3340 3751 3510 3806 Deum

1941 3852 2201 3906 habemus
2220 3851 2447 3919 Regem,
2468 3854 2722 3920 quoniam
2746 3852 2862 3921 ipse
2886 3861 2970 3906 est
2995 3849 3145 3905 solus
3176 3864 3337 3903 verus
3357 3846 3513 3910 Deus,

1940 3954 1993 3997 et
2030 3943 2258 3999 Creator
2287 3945 2411 4000 coeli
2444 3954 2497 3998 et
2530 3954 2688 3998 terra:
2712 3952 2765 3998 et
2804 3944 2990 3997 maris.
3024 3950 3077 3996 et
3106 3941 3347 3996 omnium
3398 3954 3512 4008 qua:

1940 4047 2067 4092 sunt
2123 4036 2176 4093 lo
2209 4038 2309 4093 eis.
2344 4036 2548 4093 Omnes
2580 4051 2711 4092 vero
2752 4036 2827 4091 dii
2871 4034 3113 4106 gentium
3147 4032 3436 4098 daemonia,
3466 4042 3514 4088 et

1942 4137 2168 4199 pereant
2224 4144 2252 4183 a
2317 4127 2456 4185 facie
2516 4129 2786 4184 univr'rsm
2823 4136 3005 4194 terrm,
3032 4127 3122 4196 qui
3157 4141 3262 4181 non
3292 4132 3513 4194 possunt

1940 4220 2101 4275 alicui
2125 4234 2280 4289 opem
2315 4219 2482 4286 l‘erre,
2522 4229 2615 4273 aut
2644 4219 2877 4288 aliquem
2904 4217 3097 4273 laedere
3114 4226 3205 4272 aut
3232 4214 3514 4285 impedire.

1940 4325 2062 4367 cum
2089 4312 2200 4366 sint
2222 4326 2385 4380 opera
2413 4325 2674 4367 manuum
2713 4312 3017 4366 hominum.

2011 4400 2078 4461 ν.
2116 4402 2267 4460 Tunc
2300 4404 2472 4460 iratus
2500 4420 2723 4475 praeses,
2760 4405 2924 4473 jussit
2961 4420 3085 4460 eum
3117 4404 3308 4475 projioi
3341 4403 3395 4460 in
3421 4419 3512 4461 co-

1940 4495 2174 4562 chleam,
2211 4494 2413 4564 iubens
2444 4511 2563 4552 eam
2622 4496 2970 4552 vehementer
3004 4498 3213 4552 versari
3248 4496 3347 4567 (7).
3378 4494 3514 4552 Cum

1940 4588 1987 4643 is
2020 4604 2150 4658 ergo
2178 4593 2315 4644 adeo
2342 4591 2540 4645 acerbe
2568 4599 2625 4644 et
2651 4589 2951 4645 inhumane
2984 4598 3354 4659 torqueretur,
3382 4588 3513 4642 dixit

1942 4678 2220 4749 Sapricius
2253 4683 2469 4750 praesidi
2500 4700 2513 4736 :
2545 4682 2740 4737 Carnis
2771 4698 2907 4737 mea!
2948 4685 3117 4738 habes
3149 4692 3472 4752 potesmtent
3495 4721 3511 4745 ,

1939 4774 2135 4829 animae
2166 4783 2347 4829 autem
2379 4791 2512 4831 mea
2546 4786 2869 4847 potestatem
2915 4792 3022 4833 non
3056 4778 3243 4838 habes,
3277 4777 3371 4831 sed
3410 4774 3511 4829 Do-

245 4866 458 4936 Κύριος
501 4863 704 4933 Ἰησοῦς
728 4860 984 4930 Χριστὸς,
1012 4861 1042 4912 6
1066 4859 1256 4922 κτίσας
1279 4859 1472 4927 αὐτήν.
1522 4858 1633 4910 Καὶ
1657 4858 1829 4927 βασα-

1938 4866 2118 4921 minus
2147 4866 2307 4922 Jesus
2331 4868 2605 4933 Christus,
2641 4869 2734 4939 qui
2765 4885 2885 4925 eam
2916 4868 3146 4924 creavit.
3179 4867 3365 4935 Longo
3386 4881 3513 4920 vero

245 4957 457 5020 νισθεὶς
487 4957 579 5009 ἐπὶ
618 4954 774 5017 πολὺ,
810 4952 1104 5021 ὑπέμεινεν
1127 4952 1223 5013 τάς
1255 4950 1545 5020 βασάνους,
1599 4950 1744 5003 Ἰδὼν
1772 4951 1830 5005 δὲ

1940 4968 2185 5028 tempore
2219 4970 2417 5027 tortus,
2443 4963 2699 5017 sustinuit
2755 4972 3048 5017 tormenta.
3102 4961 3237 5015 Cum
3289 4960 3509 5013 vidisset

248 5052 277 5103 6
308 5048 590 5113 δικαστὴς,
647 5045 727 5098 ὅτι
786 5044 844 5096 οὔ
896 5041 1074 5095 πείθει
1118 5042 1301 5104 αὑτὸν,
1338 5042 1541 5096 ἔδωκεν
1563 5042 1710 5112 αὐτῷ
1735 5043 1833 5114 τὴν

1937 5062 2118 5103 autem
2149 5053 2412 5120 improbus
2429 5065 2475 5108 et
2512 5056 2809 5109 malitiosos
2843 5054 3011 5126 judex
3055 5069 3181 5109 eum
3235 5068 3343 5107 non
3390 5066 3486 5122 per

247 5142 527 5209 ἀπόφασιν
549 5138 721 5193 εἰπών
754 5155 768 5170 ·
811 5136 1107 5206 Σαπρίκιον
1131 5134 1222 5188 τὸν
1250 5135 1644 5205 πρεσϐύτερον,
1683 5136 1834 5205 βασι-

1934 5146 2171 5210 suaderi,
2218 5147 2337 5201 tulit
2384 5148 2438 5203 in
2486 5164 2611 5204 eum
2671 5148 3027 5213 sententiam,
3068 5145 3511 5214 dicens:Sapri-

248 5235 423 5287 λικῶν
480 5230 925 5302 προσταγμάτων
975 5227 1422 5297 καταφρονοῦντα
1474 5231 1568 5281 καὶ
1602 5227 1831 5297 ἀνήκοον

1933 5235 2073 5289 cium
2104 5240 2496 5309 presbyterum,
2543 5243 2635 5312 qui
2684 5243 2860 5297 edicta
2918 5240 3224 5297 contemnit
3271 5239 3508 5306 impera:

250 5325 516 5395 γεγονότα
576 5326 688 5387 τοῖς
748 5340 808 5375 τε
860 5321 1150 5384 ἀθανάτοις
1196 5323 1338 5385 θεοῖς
1399 5324 1475 5391 μὴ
1527 5320 1830 5392 θελήσαντα

1934 5340 2135 5397 torum,
2171 5344 2360 5388 etnon
2390 5335 2593 5404 paruit,
2632 5350 2731 5391 nec
2760 5336 2863 5391 diis
2911 5333 3305 5389 immortalibus
3344 5330 3510 5385 voluit

326 5496 406 5565 (5)
435 5493 615 5575 Ιιιιιιξ.
653 5513 671 5545 ι
710 5494 823 5548 Non
859 5495 1184 5549 condonavit
1211 5495 1259 5549 ei
1296 5513 1309 5561 ;
1346 5512 1363 5546 ι
1404 5494 1625 5566 reliquis
1658 5497 1722 5551 ad
1758 5495 1827 5550 ﬁ-

252 5580 379 5620 neut
412 5580 645 5618 OIIHSSIS.

327 5636 405 5703 (ὁ)
444 5635 600 5688 Deest
649 5635 703 5689 in
736 5650 837 5688 ms.
880 5643 934 5688 et
977 5636 1027 5688 in
1063 5634 1293 5691 Joannis
1321 5650 1536 5706 quoque
1571 5634 1823 5693 Sardium

254 5707 442 5760 archie
486 5706 654 5772 ἱερορὶ
676 5707 942 5767 oratione,
974 5707 1127 5760 urhis
1161 5722 1377 5761 nomen.

331 5775 410 5829 (5)
445 5721 543 5829 ξιξ.
567 5775 846 5829 Cra-cunt:
873 5793 889 5828 ι
922 5777 991 5829 Es
1019 5775 1246 5829 clericus
1275 5792 1340 5829 an
1375 5778 1377 5829 Ῑ

331 5775 410 5844 (5)
447 5775 543 5831 Ms.
567 5775 846 5832 Gt‘mcuttt:
873 5793 889 5828 ι
922 5777 991 5832 Es
1019 5775 1246 5833 clericus
1275 5792 1340 5833 att
1375 5776 1587 5835 laicus?
1621 5797 1639 5831 ι

2007 5509 2085 5578 (6)
2123 5511 2283 5566 Addit
2310 5526 2411 5564 ms.
2444 5527 2465 5562 ι
2503 5520 2557 5566 et
2577 5509 2814 5566 aeternis.
2847 5525 2865 5559 ι

2007 5570 2084 5653 (7)
2114 5582 2239 5637 Haec
2294 5582 2474 5636 minus
2524 5580 2762 5653 perfecte
2812 5580 2865 5633 in
2917 5593 3018 5653 lll_8.
3049 5577 3301 5653 leguntur
3319 5587 3352 5653 ,ξ
3386 5588 3407 5623 ι
3444 5570 3510 5652 Ιᾷι

1937 5640 2288 5736 vehementer
2358 5640 2565 5709 versaii
2628 5650 2762 5707 adeo
2803 5648 3059 5722 superbe.
3100 5640 3259 5701 Dixit
3319 5640 3510 5713 Sapri-

1934 5740 2071 5782 etus.
2119 5744 2135 5775 ι
