4218 6482
218 449 356 511 13τέ

1452 452 1625 509 Vl'l'A
1676 451 1736 509 5.
1788 450 2233 511 NICEl’ilUllf.

3333 457 3467 520 137$

208 557 401 621 Οἰτως
423 558 729 626 ἐτύφλωσεν
759 561 925 613 αὐτον
953 563 984 629 ή
1013 558 1370 629 μνησικακία,
1402 558 1496 610 καὶ
1520 559 1795 627 ἀπέστησε

1906 574 2024 613 eum
2052 561 2347 615 excmcavit
2370 561 2552 615 odium
2609 580 2653 614 «αι
2692 565 2757 613 ab
2779 577 2842 615 eo
2862 565 3085 618 alui-utr
3114 564 3203 618 Dc:
3223 567 3475 635 g-atiam.

206 652 312 719 τὴν
349 648 509 720 χάριν
541 651 639 704 ἀπ’
659 651 846 704 αὑτοῦ.
893 650 951 702 Ὀ
981 652 1091 720 γὰρ
1118 650 1205 702 διὰ
1236 647 1508 702 τοσούτων
1544 650 1793 717 βασάνων

212 744 288 813 μὴ
310 744 689 814 ἀρνησάμενος
728 743 817 796 τὸν
857 742 1061 812 Κύριον
1093 742 1251 812 ἡμῶν
1303 740 1511 809 Ἰησοῦν
1539 742 1795 809 Χριστὸν,

207 834 257 885 ἐξ
271 831 379 886 θὼν
407 836 487 896 είς
523 833 582 886 τὸ
618 833 768 897 τέλος
797 833 891 886 τοῦ
935 833 1188 897 θανάτου,
1222 832 1430 902 μέλλων
1452 834 1510 884 τὸ
1545 833 1797 904 βραϐεῖον

210 926 304 976 καὶ
342 926 431 975 τὶν
464 925 563 993 τῆς
592 925 750 995 δόξης
809 925 1074 993 στέφανον
1128 925 1462 996 λαμϐάνειν,
1497 927 1795 995 ἠρνήσατο,

208 1018 306 1070 καὶ
329 1019 553 1085 γέγονεν
583 1018 923 1087 ἀποστάτης.

1904 648 2005 714 Qui
2059 650 2203 702 enim
2240 665 2337 719 per
2369 654 2629 719 ejusmodi
2668 663 2937 705 tormenta
2980 669 3084 706 non
3138 656 3353 724 negavit
3378 656 3477 709 lto

1905 744 2112 796 minum
2150 753 2389 796 nostrum
2417 742 2598 797 Jesum
2640 745 2937 808 Christum,
2976 761 3096 799 cum
3141 749 3379 803 venisset
3412 750 3479 802 ad

1904 836 2067 889 finem
2103 836 2315 897 mortis,
2349 845 2401 887 et
2429 846 2572 888 esset
2625 846 2947 902 accepturus
2996 840 3277 905 praemium
3304 850 3359 892 et
3383 855 3479 893 co.

1908 938 2093 977 ronatn
2128 925 2313 991 gloria:
2341 936 2394 979 et
2425 927 2553 993 spei,
2578 927 2795 996 negavit
2820 928 2979 980 vitam
3006 939 3284 991 cateruam.
3306 939 3358 982 ct
3383 930 3481 985 fuit

1909 1024 2177 1085 apostata.

1743 1176 1972 1233 CAPUT
1996 1178 2083 1231 111.

1528 1294 1854 1363 Martyrium
1886 1293 1945 1347 S.
1978 1293 2292 1360 Nicen/tori.

282 1418 362 1470 ϐ’.
398 1416 585 1471 Ταὖτα
614 1418 859 1480 ἀκούσας
893 1421 919 1471 ὁ
951 1418 1107 1485 ἅγιος
1142 1418 1458 1487 Νικηφόρος
1493 1418 1795 1488 παρεκάλει

211 1511 300 1561 τὸν
332 1511 631 1580 Σαπρίκιον
658 1498 830 1577 λέγων
854 1527 869 1542 ο
906 1510 1018 1580 Μὴ,
1041 1510 1257 1579 ἁδελφὲ,
1298 1513 1371 1578 μὴ
1420 1510 1660 1580 ζητήσῃς
1690 1527 1795 1561 πα-

216 1601 452 1667 ραϐῆναι
510 1602 601 1652 καὶ
635 1602 978 1671 ἀρνήσασθαι
1036 1603 1126 1652 τὸν
1156 1604 1434 1670 Δεσποττγν
1473 1601 1629 1671 ἡμῶλ
1657 1603 1793 1670 Χρι-

216 1695 375 1746 στόν·
409 1695 484 1763 μὴ
523 1693 683 1764 θέλῃς
704 1695 862 1758 ὅλως,
890 1696 1194 1763 παρακαλῶ
1234 1712 1315 1756 σε,
1345 1694 1653 1761 ἀποστῆναι
1701 1693 1795 1745 ιὶιττ⁵

215 1783 382 1834 αἰδτοῦ
408 1799 421 1812 ’
455 1784 529 1852 μὴ
560 1784 836 1854 ἀπολέσῃς
873 1784 1138 1851 στέφανον
1173 1785 1449 1853 οὐράνιον,
1500 1782 1557 1834 ὃν
1588 1784 1802 1847 ἐκτήσω

214 1876 303 1929 διὰ
330 1875 545 1927 πολλῶν
581 1876 848 1944 βασάνων.
893 1875 1133 1938 Ἐκεῖνος
1162 1876 1218 1927 δὲ
1247 1876 1346 1925 οὐκ
1378 1876 1610 1943 1ἤκουσεν
1641 1873 1797 1934 ὅλως,

214 1966 332 2016 ἀλλ’
376 1967 710 2019 ἐσπούδασεν
743 1968 821 2026 εἰς
854 1967 1130 2019 ἀπώλειαν
1182 1965 1276 2018 τοῦ
1310 1967 1539 2033 ἐσχάτου
1572 1964 1802 2017 θανάτου

212 2056 497 2116 ἀπελθεῖν,
525 2057 581 2120 ὃς
613 2058 885 2125 τοσαύτην
912 2057 1072 2120 δόξαν
1104 2059 1160 2110 ὲν
1188 2059 1327 2128 ῥοπῇ
1366 2058 1494 2123 μιᾶς
1525 2055 1675 2124 ὥρας
1706 2056 1803 2122 τῆς

213 2149 391 2215 τομῆς
428 2150 527 2214 τῆς
584 2149 798 2217 σπάθης
838 2148 1143 2212 ἀπώλεσεν,
1181 2148 1354 2210 οὕτως
1394 2147 1662 2217 ἐκωφώθη
1708 2148 1801 2199 καὶ

215 2240 504 2309 ἐτυφλώθη
543 2242 569 2292 ὁ
594 2241 940 2311 ταλαίπωρος
967 2234 1125 2303 οὗτος
1160 2242 1264 2292 ὑπὸ
1300 2240 1691 2310 μνησικακίας.

289 2417 346 2472 ι’.
374 2418 447 2470 Οὐ
476 2419 583 2489 γὰρ
607 2420 841 2489 ἤκουσεν
868 2420 961 2473 τοῦ
992 2421 1197 2489 Κυρίου
1230 2420 1388 2488 ἡμῶν
1424 2420 1483 2471 ὲν
1521 2418 1596 2487 τῷ
1622 2417 1803 2483 Εὐαγ-

215 2509 384 2579 γελίῳ
409 2510 702 2579 κράζοντος
728 2513 821 2563 καὶ
843 2510 1092 2575 λὲγοντος
1119 2528 1131 2541 ·
1172 2531 1189 2562 ι
1242 2512 1367 2571 Ἐὰν
1400 2512 1719 2583 προσφέρῃς
1741 2514 1801 2565 τὸ

213 2601 387 2670 δῶρον
420 2602 513 2653 ἐπὶ
543 2602 601 2652 τὸ
632 2601 1019 2672 θυσιαστήριον
1048 2604 1140 2655 καὶ
1170 2603 1367 2668 ὕπαγε,
1406 2604 1623 2670 πρῶτον
1652 2604 1802 2656 διαλ-

215 2692 419 2760 λάγηθι
444 2693 521 2761 τῷ
550 2692 767 2761 ἀδελφῷ
801 2710 917 2758 σου,
951 2697 1047 2747 καὶ
1076 2696 1197 2747 τότε
1227 2695 1397 2746 ἐλθὼν
1423 2695 1702 2763 πρόσφερε
1742 2696 1802 2747 τὸ

214 2785 389 2852 δῶρῦν
443 2802 555 2836 σου.
605 2806 624 2837 ι
694 2787 802 2838 Καὶ
834 2787 994 2839 πάλιν
1027 2787 1217 2857 Πέτρῳ
1247 2787 1326 2854 τῷ
1366 2786 1651 2855 κορυφαίῳ
1693 2787 1801 2839 τῶν

217 2877 535 2928 ἀποστόλων
569 2880 937 2946 ἐρωτήσαντι·
971 2897 988 2930 ι
1025 2879 1399 2949 Ποσάνκις,ὲὰν
1435 2882 1656 2950 ἁμάρτῃ
1709 2883 1789 2941 εἰς

216 2971 317 3037 ἐμὲ
375 2972 401 3021 ὀ
439 2969 665 3036 ἁδελφός
733 2988 858 3038 μου,
912 2972 1108 3041 ἀφήσω
1169 2972 1356 3042 αὐτῷ;
1396 2972 1499 3033 ἕως
1538 2974 1797 3036 ὲπτάκιςς

1983 1415 2070 1468 ΙΧ.
2113 1415 2237 1470 Haec
2299 1429 2422 1468 cum
2481 1414 2721 1467 audisset
2752 1413 2814 1468 S.
2862 1411 3221 1480 Niceplrorus,
3277 1413 3486 1482 rogavit

1908 1507 2213 1573 Sapricinm
2273 1523 2392 1559 cum
2433 1505 2707 1575 lacrymis,
2762 1506 2951 1560 dicens
2995 1521 3007 1561 :
3051 1502 3192 1568 Noli,
3227 1521 3259 1559 ο
3290 1506 3481 1569 frater,

1908 1599 2015 1653 noli
2044 1599 2345 1667 transgredi
2382 1608 2435 1652 et
2470 1613 2668 1668 negare
2708 1598 2993 1653 Dominum
3023 1610 3267 1651 nostrum
3295 1596 3481 1651 Jesum

1904 1692 2205 1748 Christum.
2237 1689 2354 1744 Noli
2388 1693 2633 1756 omnino,
2670 1706 2799 1757 rogo
2823 1702 2894 1753 te,
2940 1692 3008 1744 ab
3058 1705 3123 1745 eo
3150 1690 3403 1754 deﬁcere,
3432 1701 3486 1741 et

1906 1788 2135 1853 perdere
2173 1785 2450 1838 cmlestcm
2482 1797 2760 1847 coronam,
2791 1796 2955 1852 quam
2988 1797 3083 1853 per
3108 1780 3273 1835 multa
3301 1782 3488 1849 acqui-

1909 1875 2049 1929 siisti
2076 1886 2346 1928 tormenta
2374 1885 2428 1930 et
2459 1874 2799 1930 amictit-nes.
2836 1873 2927 1928 lile
2958 1884 3138 1927 autem
3161 1873 3330 1927 noluit
3362 1890 3483 1926 eum

1906 1966 2125 2019 omnino
2149 1967 2356 2031 audire,
2394 1967 2486 2021 sed
2521 1964 2971 2020 contenditabire
2998 1965 3063 2018 ad
3107 1964 3383 2018 interitum
3437 1974 3483 2015 et

1908 2064 2144 2113 tenebras
2180 2059 2386 2112 ultima:
2410 2061 2620 2124 mortis,
2648 2069 2700 2112 et
2734 2061 2802 2111 ad
2838 2058 3031 2126 ignem,
3057 2059 3146 2127 qui
3179 2074 3281 2111 non
3320 2068 3483 2123 potest

1905 2153 2183 2219 exstingui.
2217 2152 2315 2217 Qui
2393 2152 2526 2205 tanti
2582 2152 2736 2217 pretii
2806 2151 3033 2220 gloriam
3102 2151 3154 2203 in
3212 2159 3487 2204 molnento

1907 2244 2066 2295 unius
2097 2245 2244 2296 hora:
2287 2243 2425 2297 ictus
2460 2242 2620 2311 gladii
2658 2244 2910 2311 perdidit,
2934 2257 3118 2295 revera
3164 2244 3263 2295 fuit
3295 2245 3482 2304 miser,

1908 2343 2215 2387 excaecatus
2255 2334 2324 2386 ab
2357 2335 2500 2388 odio.

1982 2423 2049 2479 X.
2086 2423 2202 2479 Non
2234 2426 2376 2480 enim
2401 2426 2605 2481 audivit
2636 2426 2923 2482 Dominum
2958 2425 3147 2481 Jesum
3185 2426 3484 2493 Christum,

1905 2515 2174 2570 dicentem
2197 2517 2249 2570 in
2278 2526 2467 2571 sancto
2489 2516 2779 2585 Evangelio
2809 2517 2829 2549 "
2859 2533 2871 2569 :
2908 2534 2927 2568 ι
2961 2514 3016 2570 Si
3065 2514 3262 2570 aderas
3293 2532 3487 2571 munus

1909 2617 2059 2659 tuum
2099 2608 2164 2660 ad
2193 2608 2387 2670 altare,
2419 2617 2470 2661 et
2510 2610 2815 2661 recorderis
2846 2606 2989 2676 quod
3034 2605 3206 2659 frater
3241 2616 3362 2659 tuus
3386 2608 3485 2659 Ira-

1908 2699 1998 2753 bet
2036 2698 2241 2768 aliquid
2279 2699 2541 2753 adversus
2571 2708 2644 2761 te,
2685 2699 2898 2753 dimitte
2927 2712 3125 2751 munus
3176 2707 3323 2750 tuum
3363 2707 3487 2752 ante

1908 2792 2081 2844 altare
2110 2808 2123 2844 :
2153 2799 2207 2844 et
2238 2790 2371 2843 vade
2399 2790 2655 2858 primum,
2692 2800 2747 2843 et
2784 2789 3139 2844 reconciliare
3177 2790 3331 2843 fratri
3375 2799 3486 2852 tuo,

1910 2894 1965 2934 ct
2005 2892 2134 2937 tunc
2176 2882 2427 2943 veniens,
2466 2880 2601 2934 oﬂer
2661 2898 2858 2935 munus
2911 2892 3082 2935 tuum.
3115 2900 3133 2933 ι
3171 2880 3235 2934 Et
3297 2896 3489 2935 rursus

1908 2974 2069 3028 Petro
2102 2973 2328 3042 principi
2361 2973 2745 3041 apostolorum,
2771 2990 2891 3029 cum
2915 2985 3158 3044 rogasset
3181 2974 3487 3036 Dominum,

229 3060 529 3130 Ἀπεκρίθη
560 3062 706 3130 αὐτῷ
738 3065 763 3115 ὁ
792 3062 993 3132 Κύριος
1021 3080 1034 3094 ο
1077 3065 1151 3116 Οὐ
1198 3064 1343 3131 λέγω
1375 3081 1457 3116 σοι
1493 3065 1596 3126 ἕως
1632 3066 1796 3117 emi-

1912 3084 1929 3116 ι
1961 3063 2203 3129 Quoties,
2228 3063 2273 3117 si
2300 3066 2603 3130 peccaverit
2634 3064 2685 3115 in
2719 3080 2801 3117 me
2827 3064 2995 3117 frater
3018 3080 3188 3130 meus,
3216 3066 3487 3119 dimittam

217 3171 328 3218 κις,
362 3153 475 3206 ἀλλ’
528 3154 631 3217 ἕως
666 3156 1130 3225 ἑϐδομηκοντάκις
1156 3156 1321 3210 ἑπτά.
1350 3175 1368 3207 ι
1417 3157 1653 3220 Ἐκεῖνος
1687 3158 1742 3210 δὲ
1778 3159 1804 3209 ὁ

217 3244 567 3313 ταλαιπωρος
615 3245 737 3296 οὐδὲ
804 3245 952 3310 ἅπαξ
997 3245 1258 3315 ἠθέλησεν
1326 3248 1679 3317 συγχωρῆσαι
1728 3246 1805 3316 τῷ

218 3336 436 3406 ἀδελφῷ
465 3337 651 3399 αὑτοῦ,
685 3338 779 3388 καὶ
808 3337 1042 3404 μάλιστα
1068 3340 1401 3407 συγγνώμην
1432 3338 1671 3391 αἰτοῦντι
1711 3340 1805 3392 καὶ

220 3429 393 3480 πολλὰ
425 3430 869 3497 παρακαλοῦντι·
904 3431 998 3482 καὶ
1035 3432 1062 3483 ὁ
1124 3433 1220 3498 μὲν
1258 3430 1459 3501 Κύριος
1505 3432 1807 3485 ἐνετείλατο

220 3520 332 3571 ἀπὸ
357 3521 583 3589 καρδίας
615 3523 917 3590 συγχωρεῖν
949 3522 1188 3589 ἑκάστῳ,
1225 3523 1320 3573 καὶ
1350 3524 1441 3573 ἐπὶ
1472 3522 1566 3584 τὰς
1601 3523 1806 3575 κατα).-

220 3613 395 3678 λαγὰς
435 3612 493 3662 τὸ
523 3611 666 3663 θεῖον
712 3612 883 3681 δῶρον
916 3614 1009 3664 ἐπὶ
1050 3613 1108 3663 τὸ
1146 3613 1536 3684 θυσιαστήριον
1568 3615 1806 3681 ἀφέντας

219 3704 601 3773 προστρέχειν.
668 3703 906 3766 Ἐκεῖνος
941 3706 996 3755 δὲ
1033 3705 1153 3756 οὐδὲ
1201 3706 1393 3774 ἄκροις
1417 3707 1620 3775 χείλεσι
1648 3706 1805 3774 λόγον

220 3796 625 3863 συγχωρήσεως
653 3793 729 3863 τῷ
759 3794 1110 3863 μετανοοῦντι
1134 3795 1357 3858 ἔδωκεν,
1391 3798 1512 3849 οὐδὲ
1548 3815 1807 3867 παρακα-

217 3887 402 3938 λοῦντι
454 3886 711 3954 ἠνέσχετο
759 3886 943 3938 δοῦναι
1003 3887 1199 3954 ἄφεσιν
1230 3905 1244 3918 ·
1299 3887 1416 3939 ἀλλ’
1468 3889 1680 3940 ἔκλεισε
1739 3888 1808 3941 τὰ

219 3980 507 4046 σπλάγχνα
534 3980 698 4032 αὐτοῦ
732 3979 838 4030 ἀπὸ
872 3978 964 4031 τοῦ
992 3979 1225 4044 ἀδελφοῦ
1273 3978 1462 4030 αὑτοῦ.
1521 3980 1621 4030 Διὰ
1650 3979 1807 4030 τοῦτο

220 4072 665 4139 ἀπεκλείσθησαν
724 4071 872 4142 αὐτῷ
931 4074 985 4123 αἱ
1045 4072 1207 4123 πύλαι
1249 4072 1345 4139 τῆς
1396 4069 1673 4139 βασιλείας
1699 4071 1806 4122 τῶν

218 4162 490 4231 οὐρανῶν,
519 4162 611 4213 καὶ
641 4161 854 4229 ἀπέστη
900 4160 996 4213 ἀπ’
1048 4161 1214 4213 αὑτοῦ
1240 4160 1333 4214 τοῦ
1367 4160 1514 4213 θείου
1545 4162 1639 4212 καὶ
1670 4159 1808 4223 {too-

219 4254 379 4306 ποιοῦ
438 4253 774 4317 Πνεύματος,
811 4255 904 4304 καὶ
956 4253 1209 4305 ἀπώλεσε
1245 4253 1340 4305 τοῦ
1376 4256 1682 4323 μαρτυρίου
1716 4252 1808 4305 τὸν

219 4347 433 4410 ἔνδοξον
462 4346 740 4412 στέφανον.
777 4345 887 4408 Διὸ,
927 4345 1204 4413 ἀγαπητοὶ
1237 4344 1474 4412 ἀδελφοὶ,
1518 4347 1612 4396 καὶ
1645 4345 1805 4413 ἡμεῖς

1909 3154 2001 3209 ei?
2045 3153 2285 3223 septies?
2336 3153 2617 3221 respondit
2676 3152 2934 3207 Dominus
2976 3155 3138 3209 :Non
3194 3156 3317 3208 dico
3371 3155 3490 3219 tibi,

1911 3245 2112 3314 septies
2138 3282 2152 3306 ,
2185 3244 2277 3297 sed
2312 3245 2619 3313 septuagies
2644 3246 2842 3314 septies
2870 3246 2911 3299 ⁸.
2952 3266 2972 3298 ι
3004 3245 3097 3300 llle
3124 3259 3301 3300 autem
3328 3247 3491 3303 miser

1910 3351 1981 3389 ne
2018 3335 2187 3387 semel
2218 3334 2437 3404 quidem
2479 3335 2649 3390 voluit
2702 3340 3008 3391 condonare
3061 3336 3217 3390 fratri
3253 3353 3376 3403 suo,
3437 3348 3493 3391 et

1910 3427 2141 3480 maxime
2204 3425 2414 3495 petenti
2470 3428 2685 3481 veniam
2743 3438 2796 3482 et
2848 3430 3083 3497 roganti.
3121 3427 3184 3481 Et
3224 3429 3488 3483 Dominus

1908 3521 2125 3590 quidem
2152 3531 2340 3573 noster
2365 3530 2417 3574 et
2450 3519 2594 3574 Deus
2622 3519 2782 3588 jussit
2827 3536 2894 3575 ex
2944 3523 3133 3575 animo’
3172 3523 3487 3575 condonare

1911 3612 2224 3679 unicuique,
2268 3621 2322 3665 et
2375 3612 2603 3666 dimisso
2640 3628 2885 3677 munere,
2917 3614 3058 3681 quod
3096 3614 3205 3667 Deo
3243 3625 3325 3667 est
3355 3613 3489 3669 oﬂe—

1909 3703 2163 3763 rcndurn,
2192 3716 2412 3756 currere
2447 3702 2513 3755 ad
2562 3704 3085 3757 reconciliationem.
3116 3703 3205 3758 Ille
3243 3719 3371 3758 vero
3421 3720 3489 3759 ne

1910 3794 2141 3847 summis
2176 3794 2394 3862 quidem
2438 3792 2605 3846 labris
2658 3794 2985 3847 condonavit
3022 3796 3095 3859 ei,
3126 3810 3285 3864 quem
3316 3811 3489 3864 poeni-

1913 3888 2057 3938 tcbat
2092 3903 2103 3938 :
2135 3900 2233 3939 ncc
2259 3885 2311 3937 in
2352 3886 2589 3938 animum
2623 3887 2856 3951 induxit,
2883 3896 2940 3940 nt
2976 3888 3023 3940 ci
3059 3890 3273 3956 roganti
3303 3890 3492 3942 remit-

1910 3987 2043 4031 tcret
2071 3994 2085 4041 ;
2118 3978 2210 4031 scd
2254 3979 2448 4032 clausit
2483 3980 2693 4032 viscera
2719 3995 2815 4032 sua
2846 3996 2873 4032 a
2897 3980 3065 4035 fratre
3087 3996 3208 4043 suo.
3242 3992 3485 4051 propter.

1908 4085 1968 4121 ea
1999 4071 2192 4124 clausa:
2224 4079 2348 4124 sunt
2389 4071 2437 4123 ei
2498 4069 2643 4125 fores
2695 4073 2845 4138 regni
2881 4073 3165 4140 coiturum,
3215 4085 3268 4128 et
3314 4090 3492 4129 reces-

1911 4161 1977 4211 sit
2006 4159 2073 4211 ab
2107 4176 2169 4213 eo
2207 4160 2378 4227 gratia
2410 4160 2578 4215 divini
2607 4175 2659 4216 et
2688 4163 2888 4218 vivifici
2913 4164 3170 4233 Spiritus.
3208 4175 3262 4219 et
3302 4168 3492 4234 perdi-

1912 4250 1987 4303 dit
2020 4267 2286 4318 magnam,
2307 4256 2615 4317 pretiosam,
2647 4266 2699 4306 et
2730 4254 3020 4323 gloriosam
3056 4271 3312 4310 coronam
3341 4273 3489 4310 mar-

1914 4341 2064 4409 tyrii.
2091 4344 2477 4406 Quamobrem,
2512 4358 2544 4396 o
2570 4344 2773 4403 dilecti.
2809 4362 2906 4400 nos
2949 4362 3166 4416 quoque
3199 4348 3487 4415 diligenter

218 4436 674 4507 ἀσφαλισώμεθα,
723 4438 817 4489 καὶ
870 4436 991 4488 λίαν
1041 4436 1410 4505 φυλαξώμεθα
1442 4438 1665 4497 ἑαυτοὺς
1697 4436 1802 4487 ἀπὸ

1913 4448 2204 4486 caveamus
2267 4434 2336 4487 ab
2403 4435 2503 4488 bac
2560 4436 2829 4491 diabolica
2861 4440 3201 4506 operatione,
3235 4440 3369 4506 odii,
3406 4441 3494 4493 in-

217 4530 319 4597 τῆς
368 4528 679 4597 διαϐολικῆς
711 4518 912 4597 ταύτης
964 4528 1269 4597 ἐνεργείας,
1301 4530 1395 4581 καὶ
1439 4530 1573 4580 πᾶσι
1624 4528 1804 4582 πάντα

221 4620 698 4687 συγχωρήσωμεν,
766 4619 849 4669 ἵνα
890 4618 983 4670 καὶ
1012 4620 1147 4687 ἡμῖν
1179 4619 1373 4684 ἄφεσις
1405 4618 1628 4687 γένηται
1656 4617 1805 4686 παρὰ

216 4711 311 4762 τοῦ
331 4710 598 4761 ,δεσπότου
621 4709 876 4777 Χριστοῦ,
903 4726 970 4761 κα
985 4711 1043 4760 τα
1070 4710 1150 4773 τὸ,
1176 4728 1192 4760 t
1219 4712 1391 4777 ’Λφες
1410 4712 1541 4778 ἡμῖν
1563 4710 1629 4760 τὰ
1654 4708 1804 4775 ὀφει-

218 4804 444 4871 λήματα
477 4804 633 4870 ἡμων
655 4819 668 4831 ·
715 4820 731 4852 ι
773 4802 961 4864 πιστὸς
995 4804 1103 4873 γὰρ
1135 4805 1162 4854 ὁ
1199 4802 1687 4871 ἐπαγγειλάμενος.

296 5068 397 5119 IA'.
448 5065 506 5118 '0
540 5066 595 5119 δὲ
640 5068 913 5138 μακάριος
943 5067 1283 5138 Νικηφόρος,
1313 5069 1386 5131 ὼς
1422 5066 1560 5122 εἶδεν
1596 5072 1803 5140 Σαπρί-

221 5175 340 5209 κτον
398 5157 741 5227 παραϐάντα.
800 5158 948 5225 λέγει
986 5161 1121 5230 πρὸς
1176 5162 1301 5223 τοὺς
1347 5161 1615 5231 δημίοἰ;’
1666 5163 1805 5230 Ἰἰγω

222 5250 548 5318 Χρ·σττ;ινὸς
576 5252 713 5320 εἰμι,
769 5251 864 5304 καῖ⁸
905 5252 1234 5320 πιστεύομαι
1272 5254 1351 5315 εἰς
1392 5254 1452 5305 τὸ
1514 5254 1684 5323 ὄνομα
1709 5255 1801 5308 τοῦ

223 5342 435 5411 Κυρίου
470 5342 633 5410 ἡμῶν
688 5343 861 5413 Ἰησοῦ
917 5345 1177 5413 Χριστοῦ,
1211 5345 1268 5396 ὂν
1315 5340 1467 5407 οὗτος
1504 5348 1798 5416 ἠρνήσατο.

234 5431 368 5498 Ἐμὲ
392 5429 484 5484 οὖν
512 5434 802 5501 κρούσατε.
843 5435 1071 5489 Ἐκεῖνοι
1096 5438 1147 5490 δὲ
1174 5439 1271 5490 οὐκ
1301 5438 1606 5508 ἐτόλμησαν
1637 5438 1800 5509 κροῦ-

219 5540 313 5572 σαι
347 5524 506 5575 αιτὸν
538 5525 667 5579 ἄνευ
697 5527 997 5590 κελεύσεως
1018 5529 1110 5581 τοῦ
1143 5531 1433 5598 ἡγεμόνος.
1458 5529 1801 5601 Ἐοαύμαζον

220 5615 278 5665 δὲ
317 5616 462 5682 ὅμως
488 5617 711 5683 πάντες,
751 5621 832 5673 ὅτι
854 5620 1027 5682 οὕτως
1062 5623 1378 5692 παρέδωκεν
1412 5625 1601 5676 ἑαυτὸν
1633 5627 1712 5687 εἰς
1743 5627 1802 5677 τὸ

220 5705 532 5761 ἀποθανεῖν.
574 5710 765 5778 Ἔλεγε
795 5712 924 5781 γὰρ,
948 5714 1029 5766 ὅτι
1079 5714 1406 5784 Χριστιανός
1459 5717 1574 5785 εἰμι
1611 5719 1703 5769 καὶ
1739 5724 1799 5770 οὺ

285 5874 300 5900 ⁷
333 5873 518 5930 .¹ι1.ιέ111.
557 5894 601 5927 γ.
637 5878 721 5929 '33.
818 5878 1052 5934 ⁴)Ι;11111.
1106 5897 1253 5935 \t'tH.
1301 5883 1386 5935 2‘2.

1911 4542 2095 4593 quam,
2130 4536 2184 4580 ct
2219 4528 2431 4595 injuriae
2477 4539 2713 4597 acceptae
2762 4532 3159 4596 recordatione,
3187 4544 3243 4585 ut
3270 4546 3488 4587 nostro-

1914 4636 2029 4673 rum
2065 4634 2278 4686 quoque
2306 4632 2651 4689 peccatorum
2686 4622 2847 4675 detur
2875 4623 3031 4677 nobis
3062 4625 3313 4679 remissio
3334 4641 3362 4678 a
3386 4626 3491 4680 Do-

1912 4710 2056 4762 mino
2091 4708 2222 4763 Jcsu
2273 4711 2514 4775 Christo,
2576 4715 2963 4767 convenienter
2991 4715 3037 4768 ei
3076 4718 3217 4783 quod
3251 4718 3486 4772 dicitur:

1912 4800 2129 4853 Dimitte
2167 4800 2327 4856 nobis
2357 4803 2537 4856 debita
2568 4815 2778 4866 nostra,
2808 4808 2943 4858 sicut
2974 4817 3023 4859 et
3056 4823 3149 4861 nos
3172 4808 3488 4862 dimittimus

1916 4894 2233 4946 debitoribus
2292 4896 2485 4948 nostris
2518 4895 2560 4949 ’.
2618 4896 2817 4952 Fidelis
2880 4908 2965 4952 est
3020 4899 3163 4953 enim
3219 4902 3310 4968 qui
3367 4916 3493 4968 pro-

1913 4985 2081 5041 misit.

1982 5074 2073 5130 ΧΙ.
2122 5076 2326 5132 Beatus
2388 5089 2568 5135 autem
2631 5078 2971 5148 Nicepltorus
3030 5090 3316 5149 postquam
3353 5082 3490 5135 vidit

1914 5182 2315 5240 transgressum
2376 5187 2498 5228 esse
2563 5170 2896 5240 Sapricium,
2944 5188 3136 5241 magna
3185 5190 3306 5228 voce
3357 5175 3487 5228 dicit

1915 5262 2197 5319 lictoribus
2243 5283 2255 5318 :
2292 5265 2401 5335 Ego
2450 5280 2568 5319 sum
2617 5264 2980 5324 Christianus.
3010 5277 3063 5318 et
3094 5267 3260 5319 credo
3296 5267 3348 5319 in
3385 5280 3486 5320 no-

1919 5370 2037 5408 men
2076 5355 2288 5411 Domini
2320 5358 2485 5410 nostri
2509 5356 2633 5411 Jesu
2664 5356 2886 5417 Christi,
2911 5353 3083 5425 quem
3116 5349 3220 5412 iste
3249 5344 3483 5426 negavit.

1917 5449 1996 5501 -.\le
2060 5463 2187 5518 ergo
2234 5450 2345 5519 jam
2397 5465 2493 5518 pro
2552 5451 2667 5519 ipso
2710 5449 2891 5504 ferite.
2921 5448 3164 5504 Lictores
3210 5465 3339 5504 vero
3379 5465 3481 5502 non

1913 5540 2025 5592 ausi
2080 5551 2207 5592 sunt
2233 5554 2354 5594 eum
2388 5539 2555 5594 ferire
2580 5542 2785 5609 absque
2807 5541 2957 5611 jussu
2978 5541 3222 5609 praesidis
3253 5558 3266 5593 :
3299 5540 3477 5593 mirati

1912 5640 2038 5684 sunt
2087 5643 2266 5686 autem
2304 5648 2513 5695 omnes,
2556 5638 2697 5704 quod
2733 5649 2791 5688 se
2837 5642 2913 5686 tta
2946 5634 3012 5687 ad
3050 5643 3279 5689 mortem
3317 5632 3476 5686 tradi-

1911 5724 2068 5774 dcrit.
2116 5723 2309 5778 Liln‘rs
2365 5726 2505 5780 enim
2555 5726 2765 5782 diccbat
2804 5744 2816 5782 :
2851 5726 2983 5781 Sum
3029 5724 3393 5789 Christianus,
3427 5733 3479 5777 ct

1454 5886 1469 5903 "
1513 5882 1695 5939 .‘lalllt.
1736 5901 1802 5943 γι,
1854 5891 1911 5938 l.’
