  <div class='ocr_page' id='page_1' title='image "/cluster/home/n/w/nwhite01/storage/ocr_20150623/114/nnc1.0046980210/700.png"; bbox 0 0 4218 6482; ppageno 0'>
   <div class='ocr_carea' id='block_1_1' title="bbox 212 445 3466 513">
    <p class='ocr_par' dir='ltr' id='par_1_1' title="bbox 212 445 3466 513">
     <span class='ocr_line' id='line_1_1' title="bbox 212 445 3466 513; baseline 0.002 -8"><span class='ocrx_word' id='word_1_1' title='bbox 212 445 347 506; x_wconf 67' lang='grc' dir='ltr'><strong>13ῗῖ</strong></span> <span class='ocrx_word' id='word_1_2' title='bbox 1471 446 1643 506; x_wconf 65' lang='grc' dir='ltr'><strong>ΥίΤΛ</strong></span> <span class='ocrx_word' id='word_1_3' title='bbox 1683 447 1743 505; x_wconf 71' lang='lat' dir='ltr'><strong>S.</strong></span> <span class='ocrx_word' id='word_1_4' title='bbox 1792 446 2192 509; x_wconf 60' lang='lat' dir='ltr'><strong>AUXEXTH.</strong></span> <span class='ocrx_word' id='word_1_5' title='bbox 3334 450 3466 513; x_wconf 62' lang='grc' dir='ltr'>ιπτες</span> 
     </span>
    </p>
   </div>
   <div class='ocr_carea' id='block_1_2' title="bbox 212 555 1871 629">
    <p class='ocr_par' dir='ltr' id='par_1_2' title="bbox 212 555 1871 629">
     <span class='ocr_line' id='line_1_2' title="bbox 212 555 1871 629; baseline 0.001 -22"><span class='ocrx_word' id='word_1_6' title='bbox 212 555 494 624; x_wconf 75' lang='grc' dir='ltr'>μακαρίου</span> <span class='ocrx_word' id='word_1_7' title='bbox 525 555 785 626; x_wconf 50' lang='lat' dir='ltr'><strong>uolans”</strong></span> <span class='ocrx_word' id='word_1_8' title='bbox 824 556 921 609; x_wconf 76' lang='grc' dir='ltr'><strong>σὺν</strong></span> <span class='ocrx_word' id='word_1_9' title='bbox 942 555 1020 627; x_wconf 80' lang='grc' dir='ltr'><strong>τῷ</strong></span> <span class='ocrx_word' id='word_1_10' title='bbox 1049 556 1236 629; x_wconf 79' lang='grc' dir='ltr'>τρόπῳ</span> <span class='ocrx_word' id='word_1_11' title='bbox 1264 556 1360 611; x_wconf 63' lang='grc' dir='ltr'><strong>καὶ</strong></span> <span class='ocrx_word' id='word_1_12' title='bbox 1379 558 1481 625; x_wconf 77' lang='grc' dir='ltr'><strong>τὴν</strong></span> <span class='ocrx_word' id='word_1_13' title='bbox 1510 560 1677 610; x_wconf 78' lang='grc' dir='ltr'>τόπον</span> <span class='ocrx_word' id='word_1_14' title='bbox 1706 558 1871 610; x_wconf 76' lang='grc' dir='ltr'>διαδεέ</span> 
     </span>
    </p>
   </div>
   <div class='ocr_carea' id='block_1_3' title="bbox 1829 555 3448 629">
    <p class='ocr_par' dir='ltr' id='par_1_3' title="bbox 1829 557 3448 626">
     <span class='ocr_line' id='line_1_3' title="bbox 1829 557 3448 626; baseline 0.002 -16"><span class='ocrx_word' id='word_1_15' title='bbox 1829 559 2114 626; x_wconf 71' lang='grc' dir='ltr'>εξαμενος.</span> <span class='ocrx_word' id='word_1_16' title='bbox 2163 579 2181 613; x_wconf 85' lang='grc'>‹</span> <span class='ocrx_word' id='word_1_17' title='bbox 2224 558 2499 623; x_wconf 83' lang='lat' dir='ltr'><strong>lllccuim,</strong></span> <span class='ocrx_word' id='word_1_18' title='bbox 2538 559 2628 626; x_wconf 83' lang='lat' dir='ltr'><strong>qui</strong></span> <span class='ocrx_word' id='word_1_19' title='bbox 2665 574 2762 613; x_wconf 92' lang='lat' dir='ltr'><strong>nos</strong></span> <span class='ocrx_word' id='word_1_20' title='bbox 2786 560 2851 611; x_wconf 87' lang='lat' dir='ltr'><strong>de</strong></span> <span class='ocrx_word' id='word_1_21' title='bbox 2881 557 2980 611; x_wconf 89' lang='lat' dir='ltr'><strong>hoc</strong></span> <span class='ocrx_word' id='word_1_22' title='bbox 3022 558 3303 622; x_wconf 84' lang='lat' dir='ltr'><strong>instruxit,</strong></span> <span class='ocrx_word' id='word_1_23' title='bbox 3330 572 3448 613; x_wconf 88' lang='lat' dir='ltr'><strong>erat</strong></span> 
     </span>
    </p>
   </div>
   <div class='ocr_carea' id='block_1_4' title="bbox 206 651 3462 722">
    <p class='ocr_par' dir='ltr' id='par_1_4' title="bbox 206 651 3462 722">
     <span class='ocr_line' id='line_1_4' title="bbox 206 651 3462 722; baseline 0 -22"><span class='ocrx_word' id='word_1_24' title='bbox 206 651 428 707; x_wconf 81' lang='lat' dir='ltr'><strong>quidem</strong></span> <span class='ocrx_word' id='word_1_25' title='bbox 462 651 639 719; x_wconf 82' lang='lat' dir='ltr'><strong>lingua</strong></span> <span class='ocrx_word' id='word_1_26' title='bbox 676 651 967 715; x_wconf 87' lang='lat' dir='ltr'><strong>barbarus,</strong></span> <span class='ocrx_word' id='word_1_27' title='bbox 999 660 1056 704; x_wconf 83' lang='grc' dir='ltr'><strong>ιιι</strong></span> <span class='ocrx_word' id='word_1_28' title='bbox 1085 652 1176 721; x_wconf 88' lang='lat' dir='ltr'><strong>qui</strong></span> <span class='ocrx_word' id='word_1_29' title='bbox 1209 662 1362 706; x_wconf 83' lang='lat' dir='ltr'><strong>Ortus</strong></span> <span class='ocrx_word' id='word_1_30' title='bbox 1385 661 1529 705; x_wconf 89' lang='lat' dir='ltr'><strong>esset</strong></span> <span class='ocrx_word' id='word_1_31' title='bbox 1559 667 1624 706; x_wconf 65' lang='lat' dir='ltr'><strong>ex</strong></span> <span class='ocrx_word' id='word_1_32' title='bbox 1661 651 1852 722; x_wconf 83' lang='lat' dir='ltr'><strong>Mysia,</strong></span> <span class='ocrx_word' id='word_1_33' title='bbox 1882 664 2060 705; x_wconf 81' lang='lat' dir='ltr'><strong>tuente</strong></span> <span class='ocrx_word' id='word_1_34' title='bbox 2102 663 2278 708; x_wconf 83' lang='lat' dir='ltr'><strong>autem</strong></span> <span class='ocrx_word' id='word_1_35' title='bbox 2316 654 2756 716; x_wconf 79' lang='lat' dir='ltr'><strong>honestissimus,</strong></span> <span class='ocrx_word' id='word_1_36' title='bbox 2783 651 2873 719; x_wconf 88' lang='lat' dir='ltr'><strong>qui</strong></span> <span class='ocrx_word' id='word_1_37' title='bbox 2909 651 3282 720; x_wconf 74' lang='lat' dir='ltr'><strong>perseveravit</strong></span> <span class='ocrx_word' id='word_1_38' title='bbox 3321 651 3462 715; x_wconf 81' lang='lat' dir='ltr'><strong>apud</strong></span> 
     </span>
    </p>
   </div>
   <div class='ocr_carea' id='block_1_5' title="bbox 204 736 3464 811">
    <p class='ocr_par' dir='ltr' id='par_1_5' title="bbox 204 736 3464 811">
     <span class='ocr_line' id='line_1_5' title="bbox 204 736 3464 811; baseline 0 -19"><span class='ocrx_word' id='word_1_39' title='bbox 204 739 267 794; x_wconf 88' lang='grc' dir='ltr'><strong>Β.</strong></span> <span class='ocrx_word' id='word_1_40' title='bbox 298 742 743 796; x_wconf 77' lang='lat' dir='ltr'><strong>Auxentiu:n.....</strong></span> <span class='ocrx_word' id='word_1_41' title='bbox 788 752 840 794; x_wconf 92' lang='lat' dir='ltr'><strong>et</strong></span> <span class='ocrx_word' id='word_1_42' title='bbox 874 754 1160 810; x_wconf 79' lang='lat' dir='ltr'><strong>postquam</strong></span> <span class='ocrx_word' id='word_1_43' title='bbox 1218 747 1406 796; x_wconf 83' lang='lat' dir='ltr'><strong>beatus</strong></span> <span class='ocrx_word' id='word_1_44' title='bbox 1451 743 1802 807; x_wconf 67' lang='lat' dir='ltr'><strong>obdormivit,</strong></span> <span class='ocrx_word' id='word_1_45' title='bbox 1835 758 1956 797; x_wconf 89' lang='lat' dir='ltr'><strong>cum</strong></span> <span class='ocrx_word' id='word_1_46' title='bbox 1988 744 2228 797; x_wconf 84' lang='lat' dir='ltr'><strong>moribus</strong></span> <span class='ocrx_word' id='word_1_47' title='bbox 2262 744 2313 796; x_wconf 91' lang='lat' dir='ltr'><strong>in</strong></span> <span class='ocrx_word' id='word_1_48' title='bbox 2340 742 2459 797; x_wconf 92' lang='lat' dir='ltr'><strong>loco</strong></span> <span class='ocrx_word' id='word_1_49' title='bbox 2487 755 2703 811; x_wconf 73' lang='lat' dir='ltr'><strong>quoque</strong></span> <span class='ocrx_word' id='word_1_50' title='bbox 2733 742 3013 795; x_wconf 84' lang='lat' dir='ltr'><strong>successit.</strong></span> <span class='ocrx_word' id='word_1_51' title='bbox 3054 760 3072 791; x_wconf 75' lang='grc' dir='ltr'><strong><em>ι</em></strong></span> <span class='ocrx_word' id='word_1_52' title='bbox 3102 740 3251 793; x_wconf 81' lang='lat' dir='ltr'><strong>llanc</strong></span> <span class='ocrx_word' id='word_1_53' title='bbox 3287 736 3464 789; x_wconf 75' lang='lat' dir='ltr'><strong>Vitam</strong></span> 
     </span>
    </p>
   </div>
   <div class='ocr_carea' id='block_1_6' title="bbox 208 821 3463 905">
    <p class='ocr_par' dir='ltr' id='par_1_6' title="bbox 208 821 3463 905">
     <span class='ocr_line' id='line_1_6' title="bbox 208 821 3463 905; baseline -0.003 -17"><span class='ocrx_word' id='word_1_54' title='bbox 208 836 403 889; x_wconf 89' lang='lat' dir='ltr'><strong>damus</strong></span> <span class='ocrx_word' id='word_1_55' title='bbox 430 851 496 888; x_wconf 83' lang='lat' dir='ltr'><strong>cx</strong></span> <span class='ocrx_word' id='word_1_56' title='bbox 529 837 755 905; x_wconf 88' lang='lat' dir='ltr'><strong>antiquo</strong></span> <span class='ocrx_word' id='word_1_57' title='bbox 782 837 970 891; x_wconf 84' lang='lat' dir='ltr'><strong>codice</strong></span> <span class='ocrx_word' id='word_1_58' title='bbox 1000 834 1113 888; x_wconf 77' lang='lat' dir='ltr'><strong>MS.</strong></span> <span class='ocrx_word' id='word_1_59' title='bbox 1146 835 1487 890; x_wconf 69' lang='lat' dir='ltr'><strong>bibliotheca:</strong></span> <span class='ocrx_word' id='word_1_60' title='bbox 1537 836 1679 904; x_wconf 76' lang='lat' dir='ltr'><strong>regis</strong></span> <span class='ocrx_word' id='word_1_61' title='bbox 1701 834 2187 897; x_wconf 78' lang='lat' dir='ltr'><strong>Cliristianissimi,</strong></span> <span class='ocrx_word' id='word_1_62' title='bbox 2214 834 2464 887; x_wconf 85' lang='lat' dir='ltr'><strong>collatam</strong></span> <span class='ocrx_word' id='word_1_63' title='bbox 2515 847 2640 887; x_wconf 90' lang='lat' dir='ltr'><strong>cum</strong></span> <span class='ocrx_word' id='word_1_64' title='bbox 2701 832 3159 900; x_wconf 74' lang='lat' dir='ltr'><strong>interpretatione</strong></span> <span class='ocrx_word' id='word_1_65' title='bbox 3211 821 3463 884; x_wconf 66' lang='lat' dir='ltr'><strong>Gemiaui</strong></span> 
     </span>
    </p>
   </div>
   <div class='ocr_carea' id='block_1_7' title="bbox 206 923 3453 999">
    <p class='ocr_par' dir='ltr' id='par_1_7' title="bbox 206 923 3453 999">
     <span class='ocr_line' id='line_1_7' title="bbox 206 923 3453 999; baseline -0.003 -15"><span class='ocrx_word' id='word_1_66' title='bbox 206 930 452 995; x_wconf 83' lang='lat' dir='ltr'><strong>llerveti,</strong></span> <span class='ocrx_word' id='word_1_67' title='bbox 489 945 652 999; x_wconf 89' lang='lat' dir='ltr'><strong>quam</strong></span> <span class='ocrx_word' id='word_1_68' title='bbox 692 931 914 986; x_wconf 82' lang='lat' dir='ltr'><strong>edidere</strong></span> <span class='ocrx_word' id='word_1_69' title='bbox 951 930 1208 999; x_wconf 83' lang='lat' dir='ltr'><strong>Aloysius</strong></span> <span class='ocrx_word' id='word_1_70' title='bbox 1238 928 1569 997; x_wconf 90' lang='lat' dir='ltr'><strong>Lipomanus</strong></span> <span class='ocrx_word' id='word_1_71' title='bbox 1591 940 1644 983; x_wconf 89' lang='lat' dir='ltr'><strong>et</strong></span> <span class='ocrx_word' id='word_1_72' title='bbox 1674 927 1999 984; x_wconf 93' lang='lat' dir='ltr'><strong>Laurentius</strong></span> <span class='ocrx_word' id='word_1_73' title='bbox 2029 929 2246 993; x_wconf 90' lang='lat' dir='ltr'><strong>Surius,</strong></span> <span class='ocrx_word' id='word_1_74' title='bbox 2275 943 2340 982; x_wconf 83' lang='lat' dir='ltr'><strong>ex</strong></span> <span class='ocrx_word' id='word_1_75' title='bbox 2372 929 2695 985; x_wconf 87' lang='lat' dir='ltr'><strong>collectione</strong></span> <span class='ocrx_word' id='word_1_76' title='bbox 2722 928 3120 995; x_wconf 71' lang='lat' dir='ltr'><strong>Metaphrastaa,</strong></span> <span class='ocrx_word' id='word_1_77' title='bbox 3151 926 3241 995; x_wconf 83' lang='lat' dir='ltr'><strong>qui</strong></span> <span class='ocrx_word' id='word_1_78' title='bbox 3275 923 3453 976; x_wconf 76' lang='lat' dir='ltr'><strong>Vitam</strong></span> 
     </span>
    </p>
   </div>
   <div class='ocr_carea' id='block_1_8' title="bbox 206 1018 3466 1094">
    <p class='ocr_par' dir='ltr' id='par_1_8' title="bbox 206 1018 3466 1094">
     <span class='ocr_line' id='line_1_8' title="bbox 206 1018 3466 1094; baseline -0.002 -19"><span class='ocrx_word' id='word_1_79' title='bbox 206 1026 368 1085; x_wconf 75' lang='lat' dir='ltr'><strong>‘mnc,</strong></span> <span class='ocrx_word' id='word_1_80' title='bbox 402 1032 586 1091; x_wconf 86' lang='lat' dir='ltr'><strong>utpote</strong></span> <span class='ocrx_word' id='word_1_81' title='bbox 619 1036 872 1079; x_wconf 81' lang='lat' dir='ltr'><strong>accurate</strong></span> <span class='ocrx_word' id='word_1_82' title='bbox 894 1024 1175 1088; x_wconf 85' lang='lat' dir='ltr'><strong>scriptam,</strong></span> <span class='ocrx_word' id='word_1_83' title='bbox 1214 1023 1327 1075; x_wconf 90' lang='lat' dir='ltr'><strong>fere</strong></span> <span class='ocrx_word' id='word_1_84' title='bbox 1354 1023 1614 1077; x_wconf 87' lang='lat' dir='ltr'><strong>intactam</strong></span> <span class='ocrx_word' id='word_1_85' title='bbox 1675 1024 1912 1094; x_wconf 85' lang='lat' dir='ltr'><strong>reliquit,</strong></span> <span class='ocrx_word' id='word_1_86' title='bbox 1956 1022 2202 1092; x_wconf 83' lang='lat' dir='ltr'><strong>pauculis</strong></span> <span class='ocrx_word' id='word_1_87' title='bbox 2250 1022 2377 1077; x_wconf 85' lang='lat' dir='ltr'><strong>hinc</strong></span> <span class='ocrx_word' id='word_1_88' title='bbox 2428 1022 2554 1079; x_wconf 90' lang='lat' dir='ltr'><strong>inde</strong></span> <span class='ocrx_word' id='word_1_89' title='bbox 2604 1032 2694 1077; x_wconf 89' lang='lat' dir='ltr'><strong>aut</strong></span> <span class='ocrx_word' id='word_1_90' title='bbox 2728 1022 2929 1077; x_wconf 90' lang='lat' dir='ltr'><strong>additis</strong></span> <span class='ocrx_word' id='word_1_91' title='bbox 2984 1031 3079 1074; x_wconf 87' lang='lat' dir='ltr'><strong>aut</strong></span> <span class='ocrx_word' id='word_1_92' title='bbox 3140 1018 3466 1082; x_wconf 78' lang='lat' dir='ltr'><strong>immutatis,</strong></span> 
     </span>
    </p>
   </div>
   <div class='ocr_carea' id='block_1_9' title="bbox 206 1114 1632 1170">
    <p class='ocr_par' dir='ltr' id='par_1_9' title="bbox 206 1114 1632 1170">
     <span class='ocr_line' id='line_1_9' title="bbox 206 1114 1632 1170; baseline -0.001 -2"><span class='ocrx_word' id='word_1_93' title='bbox 206 1115 309 1168; x_wconf 82' lang='lat' dir='ltr'><strong>nisi</strong></span> <span class='ocrx_word' id='word_1_94' title='bbox 339 1117 453 1167; x_wconf 65' lang='lat' dir='ltr'><strong>haec</strong></span> <span class='ocrx_word' id='word_1_95' title='bbox 477 1114 642 1168; x_wconf 83' lang='lat' dir='ltr'><strong>variis</strong></span> <span class='ocrx_word' id='word_1_96' title='bbox 673 1114 1234 1170; x_wconf 72' lang='lat' dir='ltr'><strong>amanuensibussint</strong></span> <span class='ocrx_word' id='word_1_97' title='bbox 1268 1114 1632 1167; x_wconf 89' lang='lat' dir='ltr'><strong>attribuenda.</strong></span> 
     </span>
    </p>
   </div>
   <div class='ocr_carea' id='block_1_10' title="bbox 278 1204 3467 1279">
    <p class='ocr_par' dir='ltr' id='par_1_10' title="bbox 278 1204 3467 1279">
     <span class='ocr_line' id='line_1_10' title="bbox 278 1204 3467 1279; baseline -0 -19"><span class='ocrx_word' id='word_1_98' title='bbox 278 1208 335 1260; x_wconf 85' lang='grc'><strong>’5.</strong></span> <span class='ocrx_word' id='word_1_99' title='bbox 362 1206 605 1261; x_wconf 84' lang='lat' dir='ltr'><strong>Meminit</strong></span> <span class='ocrx_word' id='word_1_100' title='bbox 638 1207 881 1277; x_wconf 84' lang='lat' dir='ltr'><strong>ejusdem</strong></span> <span class='ocrx_word' id='word_1_101' title='bbox 924 1206 1099 1261; x_wconf 89' lang='lat' dir='ltr'><strong>sancti</strong></span> <span class='ocrx_word' id='word_1_102' title='bbox 1137 1205 1473 1275; x_wconf 83' lang='lat' dir='ltr'><strong>Nicephorus</strong></span> <span class='ocrx_word' id='word_1_103' title='bbox 1514 1205 1792 1269; x_wconf 82' lang='lat' dir='ltr'><strong>Callistus,</strong></span> <span class='ocrx_word' id='word_1_104' title='bbox 1825 1204 1919 1262; x_wconf 90' lang='lat' dir='ltr'><strong>lib.</strong></span> <span class='ocrx_word' id='word_1_105' title='bbox 1956 1222 2070 1272; x_wconf 77' lang='lat' dir='ltr'><strong>xw,</strong></span> <span class='ocrx_word' id='word_1_106' title='bbox 2105 1206 2248 1261; x_wconf 78' lang='lat' dir='ltr'><strong>Hist.</strong></span> <span class='ocrx_word' id='word_1_107' title='bbox 2281 1210 2410 1263; x_wconf 86' lang='lat' dir='ltr'><strong>eccl.</strong></span> <span class='ocrx_word' id='word_1_108' title='bbox 2441 1224 2561 1279; x_wconf 82' lang='lat' dir='ltr'><strong>cap.</strong></span> <span class='ocrx_word' id='word_1_109' title='bbox 2603 1208 2672 1263; x_wconf 60' lang='grc' dir='ltr'>δν</span> <span class='ocrx_word' id='word_1_110' title='bbox 2709 1225 2723 1262; x_wconf 91' lang='lat'><strong>:</strong></span> <span class='ocrx_word' id='word_1_111' title='bbox 2754 1225 2770 1258; x_wconf 75' lang='grc' dir='ltr'>ι</span> <span class='ocrx_word' id='word_1_112' title='bbox 2803 1210 3003 1263; x_wconf 86' lang='lat' dir='ltr'><strong>Eodem</strong></span> <span class='ocrx_word' id='word_1_113' title='bbox 3033 1208 3195 1262; x_wconf 90' lang='lat' dir='ltr'><strong>etiam</strong></span> <span class='ocrx_word' id='word_1_114' title='bbox 3225 1215 3467 1272; x_wconf 83' lang='lat' dir='ltr'><strong>tempore</strong></span> 
     </span>
    </p>
   </div>
   <div class='ocr_carea' id='block_1_11' title="bbox 205 1296 3466 1369">
    <p class='ocr_par' dir='ltr' id='par_1_11' title="bbox 205 1296 3466 1369">
     <span class='ocr_line' id='line_1_11' title="bbox 205 1296 3466 1369; baseline 0 -20"><span class='ocrx_word' id='word_1_115' title='bbox 205 1301 398 1367; x_wconf 74' lang='lat' dir='ltr'><strong>inquit,</strong></span> <span class='ocrx_word' id='word_1_116' title='bbox 426 1300 640 1353; x_wconf 87' lang='lat' dir='ltr'><strong>virtutis</strong></span> <span class='ocrx_word' id='word_1_117' title='bbox 696 1300 1050 1354; x_wconf 84' lang='lat' dir='ltr'><strong>incrementis</strong></span> <span class='ocrx_word' id='word_1_118' title='bbox 1081 1300 1240 1369; x_wconf 72' lang='lat' dir='ltr'><strong>longe</strong></span> <span class='ocrx_word' id='word_1_119' title='bbox 1294 1298 1559 1368; x_wconf 86' lang='lat' dir='ltr'><strong>processit</strong></span> <span class='ocrx_word' id='word_1_120' title='bbox 1584 1296 1968 1353; x_wconf 80' lang='lat' dir='ltr'><strong>celeberrimus</strong></span> <span class='ocrx_word' id='word_1_121' title='bbox 1997 1300 2084 1354; x_wconf 91' lang='lat' dir='ltr'><strong>illc</strong></span> <span class='ocrx_word' id='word_1_122' title='bbox 2138 1301 2437 1354; x_wconf 88' lang='lat' dir='ltr'><strong>monachus</strong></span> <span class='ocrx_word' id='word_1_123' title='bbox 2470 1301 2772 1354; x_wconf 83' lang='lat' dir='ltr'><strong>Auxentins</strong></span> <span class='ocrx_word' id='word_1_124' title='bbox 2794 1302 2847 1354; x_wconf 90' lang='lat' dir='ltr'><strong>in</strong></span> <span class='ocrx_word' id='word_1_125' title='bbox 2879 1312 3060 1355; x_wconf 89' lang='lat' dir='ltr'><strong>monte</strong></span> <span class='ocrx_word' id='word_1_126' title='bbox 3092 1298 3359 1367; x_wconf 61' lang='lat' dir='ltr'><strong>Bithyniae</strong></span> <span class='ocrx_word' id='word_1_127' title='bbox 3381 1313 3466 1363; x_wconf 88' lang='lat' dir='ltr'><strong>eo,</strong></span> 
     </span>
    </p>
   </div>
   <div class='ocr_carea' id='block_1_12' title="bbox 207 1391 3467 1463">
    <p class='ocr_par' dir='ltr' id='par_1_12' title="bbox 207 1391 3467 1463">
     <span class='ocr_line' id='line_1_12' title="bbox 207 1391 3467 1463; baseline -0.001 -18"><span class='ocrx_word' id='word_1_128' title='bbox 207 1396 299 1461; x_wconf 87' lang='lat' dir='ltr'><strong>qui</strong></span> <span class='ocrx_word' id='word_1_129' title='bbox 325 1409 390 1447; x_wconf 82' lang='lat' dir='ltr'><strong>ex</strong></span> <span class='ocrx_word' id='word_1_130' title='bbox 431 1393 660 1447; x_wconf 78' lang='lat' dir='ltr'><strong>adverso</strong></span> <span class='ocrx_word' id='word_1_131' title='bbox 688 1392 1188 1461; x_wconf 76' lang='lat' dir='ltr'><strong>ConstantinOpolis</strong></span> <span class='ocrx_word' id='word_1_132' title='bbox 1224 1393 1389 1454; x_wconf 88' lang='lat' dir='ltr'><strong>situs,</strong></span> <span class='ocrx_word' id='word_1_133' title='bbox 1426 1407 1613 1447; x_wconf 77' lang='lat' dir='ltr'><strong>omnes</strong></span> <span class='ocrx_word' id='word_1_134' title='bbox 1639 1392 1782 1446; x_wconf 87' lang='lat' dir='ltr'><strong>circa</strong></span> <span class='ocrx_word' id='word_1_135' title='bbox 1816 1392 1982 1447; x_wconf 91' lang='lat' dir='ltr'><strong>colles</strong></span> <span class='ocrx_word' id='word_1_136' title='bbox 2026 1393 2315 1447; x_wconf 77' lang='lat' dir='ltr'><strong>altitudine</strong></span> <span class='ocrx_word' id='word_1_137' title='bbox 2334 1404 2578 1463; x_wconf 83' lang='lat' dir='ltr'><strong>superat.</strong></span> <span class='ocrx_word' id='word_1_138' title='bbox 2618 1411 2638 1444; x_wconf 72' lang='grc' dir='ltr'><strong><em>ι</em></strong></span> <span class='ocrx_word' id='word_1_139' title='bbox 2676 1393 2801 1448; x_wconf 67' lang='lat' dir='ltr'><strong>llaec</strong></span> <span class='ocrx_word' id='word_1_140' title='bbox 2834 1391 3192 1462; x_wconf 87' lang='lat' dir='ltr'><strong>Nicephorus,</strong></span> <span class='ocrx_word' id='word_1_141' title='bbox 3222 1393 3467 1461; x_wconf 83' lang='lat' dir='ltr'><strong>quicum</strong></span> 
     </span>
    </p>
   </div>
   <div class='ocr_carea' id='block_1_13' title="bbox 211 1482 3471 1553">
    <p class='ocr_par' dir='ltr' id='par_1_13' title="bbox 211 1482 3471 1553">
     <span class='ocr_line' id='line_1_13' title="bbox 211 1482 3471 1553; baseline -0.001 -16"><span class='ocrx_word' id='word_1_142' title='bbox 211 1484 520 1539; x_wconf 77' lang='lat' dir='ltr'><strong>Sozomeno</strong></span> <span class='ocrx_word' id='word_1_143' title='bbox 557 1484 624 1536; x_wconf 91' lang='lat' dir='ltr'><strong>ad</strong></span> <span class='ocrx_word' id='word_1_144' title='bbox 684 1494 920 1551; x_wconf 88' lang='lat' dir='ltr'><strong>tempora</strong></span> <span class='ocrx_word' id='word_1_145' title='bbox 948 1483 1238 1539; x_wconf 85' lang='lat' dir='ltr'><strong>Theodosii</strong></span> <span class='ocrx_word' id='word_1_146' title='bbox 1270 1485 1511 1541; x_wconf 86' lang='lat' dir='ltr'><strong>Junioris</strong></span> <span class='ocrx_word' id='word_1_147' title='bbox 1539 1501 1601 1537; x_wconf 90' lang='lat' dir='ltr'><strong>ea</strong></span> <span class='ocrx_word' id='word_1_148' title='bbox 1635 1486 1821 1546; x_wconf 83' lang='lat' dir='ltr'><strong>refert,</strong></span> <span class='ocrx_word' id='word_1_149' title='bbox 1849 1494 1971 1553; x_wconf 88' lang='lat' dir='ltr'><strong>post</strong></span> <span class='ocrx_word' id='word_1_150' title='bbox 1999 1485 2153 1553; x_wconf 89' lang='lat' dir='ltr'><strong>cujus</strong></span> <span class='ocrx_word' id='word_1_151' title='bbox 2189 1486 2398 1538; x_wconf 88' lang='lat' dir='ltr'><strong>obitum</strong></span> <span class='ocrx_word' id='word_1_152' title='bbox 2429 1486 2694 1553; x_wconf 89' lang='lat' dir='ltr'><strong>superfuit</strong></span> <span class='ocrx_word' id='word_1_153' title='bbox 2729 1484 2829 1538; x_wconf 88' lang='lat' dir='ltr'><strong>sub</strong></span> <span class='ocrx_word' id='word_1_154' title='bbox 2864 1485 3089 1553; x_wconf 87' lang='lat' dir='ltr'><strong>imperio</strong></span> <span class='ocrx_word' id='word_1_155' title='bbox 3129 1482 3389 1537; x_wconf 81' lang='lat' dir='ltr'><strong>Marciani</strong></span> <span class='ocrx_word' id='word_1_156' title='bbox 3417 1491 3471 1535; x_wconf 83' lang='lat' dir='ltr'><strong>et</strong></span> 
     </span>
    </p>
   </div>
   <div class='ocr_carea' id='block_1_14' title="bbox 209 1574 3468 1645">
    <p class='ocr_par' dir='ltr' id='par_1_14' title="bbox 209 1574 3468 1645">
     <span class='ocr_line' id='line_1_14' title="bbox 209 1574 3468 1645; baseline 0 -17"><span class='ocrx_word' id='word_1_157' title='bbox 209 1575 411 1630; x_wconf 79' lang='lat' dir='ltr'><strong>Leonis</strong></span> <span class='ocrx_word' id='word_1_158' title='bbox 444 1576 830 1642; x_wconf 81' lang='lat' dir='ltr'><strong>imperatorum</strong></span> <span class='ocrx_word' id='word_1_159' title='bbox 868 1578 935 1628; x_wconf 88' lang='lat' dir='ltr'><strong>ad</strong></span> <span class='ocrx_word' id='word_1_160' title='bbox 966 1593 1165 1630; x_wconf 81' lang='lat' dir='ltr'><strong>annum</strong></span> <span class='ocrx_word' id='word_1_161' title='bbox 1196 1578 1417 1632; x_wconf 88' lang='lat' dir='ltr'><strong>circiter</strong></span> <span class='ocrx_word' id='word_1_162' title='bbox 1451 1578 1580 1632; x_wconf 76' lang='grc'><strong>470.</strong></span> <span class='ocrx_word' id='word_1_163' title='bbox 1616 1575 1673 1631; x_wconf 91' lang='lat' dir='ltr'><strong>ln</strong></span> <span class='ocrx_word' id='word_1_164' title='bbox 1707 1577 1858 1632; x_wconf 82' lang='lat' dir='ltr'><strong>Actis</strong></span> <span class='ocrx_word' id='word_1_165' title='bbox 1910 1579 2049 1645; x_wconf 84' lang='lat' dir='ltr'><strong>apud</strong></span> <span class='ocrx_word' id='word_1_166' title='bbox 2104 1576 2503 1645; x_wconf 83' lang='lat' dir='ltr'><strong>Metapltrasten</strong></span> <span class='ocrx_word' id='word_1_167' title='bbox 2561 1577 2792 1631; x_wconf 81' lang='lat' dir='ltr'><strong>traditur</strong></span> <span class='ocrx_word' id='word_1_168' title='bbox 2848 1576 3051 1631; x_wconf 87' lang='lat' dir='ltr'><strong>obiisse</strong></span> <span class='ocrx_word' id='word_1_169' title='bbox 3083 1576 3185 1631; x_wconf 85' lang='lat' dir='ltr'><strong>sub</strong></span> <span class='ocrx_word' id='word_1_170' title='bbox 3241 1574 3468 1645; x_wconf 86' lang='lat' dir='ltr'><strong>imperio</strong></span> 
     </span>
    </p>
   </div>
   <div class='ocr_carea' id='block_1_15' title="bbox 211 1668 2410 1752">
    <p class='ocr_par' dir='ltr' id='par_1_15' title="bbox 211 1668 2410 1752">
     <span class='ocr_line' id='line_1_15' title="bbox 211 1668 2410 1752; baseline 0 -31"><span class='ocrx_word' id='word_1_171' title='bbox 211 1668 470 1733; x_wconf 82' lang='lat' dir='ltr'><strong>Zenonis,</strong></span> <span class='ocrx_word' id='word_1_172' title='bbox 504 1671 598 1724; x_wconf 90' lang='lat' dir='ltr'><strong>sed</strong></span> <span class='ocrx_word' id='word_1_173' title='bbox 630 1670 747 1739; x_wconf 86' lang='lat' dir='ltr'><strong>ejus</strong></span> <span class='ocrx_word' id='word_1_174' title='bbox 774 1670 892 1725; x_wconf 91' lang='lat' dir='ltr'><strong>loco</strong></span> <span class='ocrx_word' id='word_1_175' title='bbox 923 1669 1155 1724; x_wconf 86' lang='lat' dir='ltr'><strong>Leonem</strong></span> <span class='ocrx_word' id='word_1_176' title='bbox 1193 1671 1397 1724; x_wconf 85' lang='lat' dir='ltr'><strong>habent</strong></span> <span class='ocrx_word' id='word_1_177' title='bbox 1421 1672 1555 1725; x_wconf 86' lang='lat' dir='ltr'><strong>Acta</strong></span> <span class='ocrx_word' id='word_1_178' title='bbox 1593 1670 1804 1734; x_wconf 71' lang='lat' dir='ltr'><strong>Gt-zeca,</strong></span> <span class='ocrx_word' id='word_1_179' title='bbox 1836 1672 2041 1752; x_wconf 74' lang='lat' dir='ltr'><strong>quibus</strong></span> <span class='ocrx_word' id='word_1_180' title='bbox 2079 1672 2158 1724; x_wconf 91' lang='lat' dir='ltr'><strong>usi</strong></span> <span class='ocrx_word' id='word_1_181' title='bbox 2199 1686 2410 1724; x_wconf 89' lang='lat' dir='ltr'><strong>smnus.</strong></span> 
     </span>
    </p>
   </div>
   <div class='ocr_carea' id='block_1_16' title="bbox 3312 1846 3459 1866">
    <p class='ocr_par' dir='ltr' id='par_1_16' title="bbox 3312 1846 3459 1866">
     <span class='ocr_line' id='line_1_16' title="bbox 3312 1846 3459 1866; baseline 0.02 -9"><span class='ocrx_word' id='word_1_182' title='bbox 3312 1846 3459 1866; x_wconf 54' lang='lat'><strong>,_‘</strong></span> 
     </span>
    </p>
   </div>
   <div class='ocr_carea' id='block_1_17' title="bbox 1064 2004 2625 2127">
    <p class='ocr_par' dir='ltr' id='par_1_17' title="bbox 1064 2004 2625 2127">
     <span class='ocr_line' id='line_1_17' title="bbox 1064 2004 2625 2127; baseline 0.001 -5"><span class='ocrx_word' id='word_1_183' title='bbox 1064 2009 1424 2127; x_wconf 88' lang='grc' dir='ltr'><strong>ΒΙΟΣ</strong></span> <span class='ocrx_word' id='word_1_184' title='bbox 1500 2010 1779 2125; x_wconf 85' lang='grc' dir='ltr'><strong>ΚΑΙ</strong></span> <span class='ocrx_word' id='word_1_185' title='bbox 1871 2004 2625 2127; x_wconf 87' lang='grc' dir='ltr'><strong>ΠΟΛΙΤΕΙΑ</strong></span> 
     </span>
    </p>
   </div>
   <div class='ocr_carea' id='block_1_18' title="bbox 1616 2232 2081 2287">
    <p class='ocr_par' dir='ltr' id='par_1_18' title="bbox 1616 2232 2081 2287">
     <span class='ocr_line' id='line_1_18' title="bbox 1616 2232 2081 2287; baseline -0.004 -1"><span class='ocrx_word' id='word_1_186' title='bbox 1616 2234 1741 2287; x_wconf 80' lang='grc' dir='ltr'>ΚΑΙ</span> <span class='ocrx_word' id='word_1_187' title='bbox 1779 2232 2081 2285; x_wconf 78' lang='grc' dir='ltr'><strong>ΑΣΚΗΣΙΣ</strong></span> 
     </span>
    </p>
   </div>
   <div class='ocr_carea' id='block_1_19' title="bbox 374 2386 3288 2489">
    <p class='ocr_par' dir='ltr' id='par_1_19' title="bbox 374 2386 3288 2489">
     <span class='ocr_line' id='line_1_19' title="bbox 374 2386 3288 2489; baseline -0.001 -4"><span class='ocrx_word' id='word_1_188' title='bbox 374 2400 604 2489; x_wconf 87' lang='grc' dir='ltr'><strong>ΤΟΥ</strong></span> <span class='ocrx_word' id='word_1_189' title='bbox 674 2399 1315 2488; x_wconf 82' lang='grc' dir='ltr'><strong>ΑΓΙΩΤΑΤΟΥ</strong></span> <span class='ocrx_word' id='word_1_190' title='bbox 1387 2397 1584 2485; x_wconf 88' lang='grc' dir='ltr'><strong>ΚΑΙ</strong></span> <span class='ocrx_word' id='word_1_191' title='bbox 1657 2395 2537 2489; x_wconf 84' lang='grc' dir='ltr'><strong>ΜΑΚΑΡΙΩΤΑΤΟΥ</strong></span> <span class='ocrx_word' id='word_1_192' title='bbox 2609 2386 3288 2484; x_wconf 85' lang='grc' dir='ltr'><strong>ΑΥΞΕΝΤΙΟΥ.</strong></span> 
     </span>
    </p>
   </div>
   <div class='ocr_carea' id='block_1_20' title="bbox 1792 2615 1863 2624">
    <p class='ocr_par' dir='ltr' id='par_1_20' title="bbox 1792 2615 1863 2624">
     <span class='ocr_line' id='line_1_20' title="bbox 1792 2615 1863 2624; baseline -0.014 0"><span class='ocrx_word' id='word_1_193' title='bbox 1792 2615 1863 2624; x_wconf 84' lang='lat'><strong>—</strong></span> 
     </span>
    </p>
   </div>
   <div class='ocr_carea' id='block_1_21' title="bbox 1064 2753 2620 2866">
    <p class='ocr_par' dir='ltr' id='par_1_21' title="bbox 1064 2753 2620 2866">
     <span class='ocr_line' id='line_1_21' title="bbox 1064 2753 2620 2866; baseline -0.003 -1"><span class='ocrx_word' id='word_1_194' title='bbox 1064 2758 1194 2865; x_wconf 88' lang='lat' dir='ltr'><strong>Vl</strong></span> <span class='ocrx_word' id='word_1_195' title='bbox 1212 2753 1382 2862; x_wconf 87' lang='grc' dir='ltr'><strong>ΤΑ</strong></span> <span class='ocrx_word' id='word_1_196' title='bbox 1456 2759 1625 2861; x_wconf 89' lang='lat' dir='ltr'><strong>ET</strong></span> <span class='ocrx_word' id='word_1_197' title='bbox 1708 2757 2620 2866; x_wconf 83' lang='lat' dir='ltr'><strong>CONVERSATIO</strong></span> 
     </span>
    </p>
   </div>
   <div class='ocr_carea' id='block_1_22' title="bbox 1480 2966 2185 3030">
    <p class='ocr_par' dir='ltr' id='par_1_22' title="bbox 1480 2966 2185 3030">
     <span class='ocr_line' id='line_1_22' title="bbox 1480 2966 2185 3030; baseline 0 -2"><span class='ocrx_word' id='word_1_198' title='bbox 1480 2966 1585 3028; x_wconf 87' lang='lat' dir='ltr'><strong>ET</strong></span> <span class='ocrx_word' id='word_1_199' title='bbox 1626 2966 2185 3030; x_wconf 81' lang='lat' dir='ltr'><strong>EXERCITATIO</strong></span> 
     </span>
    </p>
   </div>
   <div class='ocr_carea' id='block_1_23' title="bbox 599 3142 3085 3241">
    <p class='ocr_par' dir='ltr' id='par_1_23' title="bbox 599 3142 3085 3241">
     <span class='ocr_line' id='line_1_23' title="bbox 599 3142 3085 3241; baseline 0.002 -4"><span class='ocrx_word' id='word_1_200' title='bbox 599 3144 1346 3238; x_wconf 78' lang='lat' dir='ltr'><strong>SANCTISSIMI</strong></span> <span class='ocrx_word' id='word_1_201' title='bbox 1426 3142 1578 3231; x_wconf 84' lang='lat' dir='ltr'><strong>ET</strong></span> <span class='ocrx_word' id='word_1_202' title='bbox 1650 3144 2338 3234; x_wconf 84' lang='lat' dir='ltr'><strong>BEA&#39;l‘lSSIMI</strong></span> <span class='ocrx_word' id='word_1_203' title='bbox 2434 3147 3085 3241; x_wconf 82' lang='lat' dir='ltr'><strong>AUXENTII.</strong></span> 
     </span>
    </p>
   </div>
   <div class='ocr_carea' id='block_1_24' title="bbox 499 3337 1871 3410">
    <p class='ocr_par' dir='ltr' id='par_1_24' title="bbox 499 3337 1871 3410">
     <span class='ocr_line' id='line_1_24' title="bbox 499 3337 1871 3410; baseline -0.008 -14"><span class='ocrx_word' id='word_1_204' title='bbox 499 3348 701 3410; x_wconf 63' lang='lat' dir='ltr'><strong>(Greca</strong></span> <span class='ocrx_word' id='word_1_205' title='bbox 720 3354 855 3394; x_wconf 84' lang='lat' dir='ltr'><strong>nunc</strong></span> <span class='ocrx_word' id='word_1_206' title='bbox 879 3343 1091 3405; x_wconf 82' lang='lat' dir='ltr'><strong>primum</strong></span> <span class='ocrx_word' id='word_1_207' title='bbox 1125 3342 1260 3404; x_wconf 76' lang='lat' dir='ltr'><strong>typis</strong></span> <span class='ocrx_word' id='word_1_208' title='bbox 1291 3337 1587 3388; x_wconf 83' lang='lat' dir='ltr'><strong>mandantur</strong></span> <span class='ocrx_word' id='word_1_209' title='bbox 1620 3350 1684 3387; x_wconf 83' lang='lat' dir='ltr'><strong>ex</strong></span> <span class='ocrx_word' id='word_1_210' title='bbox 1719 3337 1827 3386; x_wconf 90' lang='lat' dir='ltr'><strong>cod.</strong></span> <span class='ocrx_word' id='word_1_211' title='bbox 1863 3351 1871 3385; x_wconf 92' lang='grc' dir='ltr'>ι</span> 
     </span>
    </p>
   </div>
   <div class='ocr_carea' id='block_1_25' title="bbox 1829 3337 3188 3410">
    <p class='ocr_par' dir='ltr' id='par_1_25' title="bbox 1863 3337 3188 3409">
     <span class='ocr_line' id='line_1_25' title="bbox 1863 3337 3188 3409; baseline 0.008 -23"><span class='ocrx_word' id='word_1_212' title='bbox 1863 3351 1957 3388; x_wconf 89' lang='lat' dir='ltr'><strong>ms.</strong></span> <span class='ocrx_word' id='word_1_213' title='bbox 1992 3337 2121 3401; x_wconf 78' lang='lat' dir='ltr'><strong>Reg.</strong></span> <span class='ocrx_word' id='word_1_214' title='bbox 2161 3340 2320 3389; x_wconf 85' lang='lat' dir='ltr'><strong>Paris.</strong></span> <span class='ocrx_word' id='word_1_215' title='bbox 2354 3353 2407 3390; x_wconf 77' lang='grc' dir='ltr'><strong>ιι.</strong></span> <span class='ocrx_word' id='word_1_216' title='bbox 2442 3340 2583 3403; x_wconf 68' lang='grc'><strong>1452,</strong></span> <span class='ocrx_word' id='word_1_217' title='bbox 2607 3356 2722 3394; x_wconf 62' lang='lat' dir='ltr'><strong>sec.</strong></span> <span class='ocrx_word' id='word_1_218' title='bbox 2749 3357 2799 3393; x_wconf 78' lang='grc' dir='ltr'><strong>ι.</strong></span> <span class='ocrx_word' id='word_1_219' title='bbox 2823 3344 2963 3395; x_wconf 74' lang='grc' dir='ltr'>Εοιτ.</span> <span class='ocrx_word' id='word_1_220' title='bbox 3000 3346 3188 3409; x_wconf 55' lang='grc' dir='ltr'><strong>θαι.)</strong></span> 
     </span>
    </p>
   </div>
   <div class='ocr_carea' id='block_1_26' title="bbox 1648 3628 2202 3687">
    <p class='ocr_par' dir='ltr' id='par_1_26' title="bbox 1648 3628 2202 3687">
     <span class='ocr_line' id='line_1_26' title="bbox 1648 3628 2202 3687; baseline -0.002 0"><span class='ocrx_word' id='word_1_221' title='bbox 1648 3628 1874 3687; x_wconf 80' lang='lat' dir='ltr'><strong>CAPUT</strong></span> <span class='ocrx_word' id='word_1_222' title='bbox 1912 3628 2202 3686; x_wconf 72' lang='lat' dir='ltr'><strong>PRIMUM.</strong></span> 
     </span>
    </p>
   </div>
   <div class='ocr_carea' id='block_1_27' title="bbox 766 3744 3012 3814">
    <p class='ocr_par' dir='ltr' id='par_1_27' title="bbox 766 3744 3012 3814">
     <span class='ocr_line' id='line_1_27' title="bbox 766 3744 3012 3814; baseline -0 -10"><span class='ocrx_word' id='word_1_223' title='bbox 766 3748 889 3804; x_wconf 80' lang='lat' dir='ltr'><strong>Vita</strong></span> <span class='ocrx_word' id='word_1_224' title='bbox 930 3747 991 3806; x_wconf 89' lang='lat' dir='ltr'><strong>S.</strong></span> <span class='ocrx_word' id='word_1_225' title='bbox 1034 3747 1287 3802; x_wconf 72' lang='lat' dir='ltr'><strong>Auxentii</strong></span> <span class='ocrx_word' id='word_1_226' title='bbox 1338 3746 1797 3814; x_wconf 64' lang='lat' dir='ltr'><strong>Constantinwoli</strong></span> <span class='ocrx_word' id='word_1_227' title='bbox 1841 3755 1981 3799; x_wconf 79' lang='lat' dir='ltr'><strong>actu.</strong></span> <span class='ocrx_word' id='word_1_228' title='bbox 2030 3744 2262 3799; x_wconf 73' lang='lat' dir='ltr'><strong>Virtutes</strong></span> <span class='ocrx_word' id='word_1_229' title='bbox 2331 3748 2468 3801; x_wconf 81' lang='lat' dir='ltr'><strong>inter</strong></span> <span class='ocrx_word' id='word_1_230' title='bbox 2526 3763 2685 3814; x_wconf 71' lang='lat' dir='ltr'><strong>opera</strong></span> <span class='ocrx_word' id='word_1_231' title='bbox 2727 3747 3012 3803; x_wconf 78' lang='lat' dir='ltr'><strong>militaria.</strong></span> 
     </span>
    </p>
   </div>
   <div class='ocr_carea' id='block_1_28' title="bbox 294 3859 1871 3935">
    <p class='ocr_par' dir='ltr' id='par_1_28' title="bbox 294 3859 1869 3935">
     <span class='ocr_line' id='line_1_28' title="bbox 294 3859 1869 3935; baseline -0.011 -11"><span class='ocrx_word' id='word_1_232' title='bbox 294 3873 374 3925; x_wconf 84' lang='lat' dir='ltr'><strong>A&#39;.</strong></span> <span class='ocrx_word' id='word_1_233' title='bbox 397 3868 519 3921; x_wconf 84' lang='grc' dir='ltr'><strong>Τῶν</strong></span> <span class='ocrx_word' id='word_1_234' title='bbox 559 3865 929 3935; x_wconf 76' lang='grc' dir='ltr'><strong>ἀρχαιοτέρων</strong></span> <span class='ocrx_word' id='word_1_235' title='bbox 962 3862 1222 3929; x_wconf 84' lang='grc' dir='ltr'>Πατέρων</span> <span class='ocrx_word' id='word_1_236' title='bbox 1272 3860 1455 3930; x_wconf 70' lang='grc' dir='ltr'>ἔργοις</span> <span class='ocrx_word' id='word_1_237' title='bbox 1487 3862 1581 3913; x_wconf 80' lang='grc' dir='ltr'><strong>καὶ</strong></span> <span class='ocrx_word' id='word_1_238' title='bbox 1614 3859 1795 3927; x_wconf 78' lang='grc' dir='ltr'><strong>λόγοις</strong></span> <span class='ocrx_word' id='word_1_239' title='bbox 1827 3875 1869 3929; x_wconf 73' lang='grc' dir='ltr'><strong>Α</strong></span> 
     </span>
    </p>
   </div>
   <div class='ocr_carea' id='block_1_29' title="bbox 1829 3859 3474 3935">
    <p class='ocr_par' dir='ltr' id='par_1_29' title="bbox 1829 3859 3474 3930">
     <span class='ocr_line' id='line_1_29' title="bbox 1829 3859 3474 3930; baseline 0.006 -16"><span class='ocrx_word' id='word_1_240' title='bbox 1829 3875 1869 3929; x_wconf 77' lang='grc' dir='ltr'><strong>Α</strong></span> <span class='ocrx_word' id='word_1_241' title='bbox 1972 3860 2015 3915; x_wconf 88' lang='lat' dir='ltr'><strong>l.</strong></span> <span class='ocrx_word' id='word_1_242' title='bbox 2066 3861 2201 3914; x_wconf 86' lang='lat' dir='ltr'><strong>Cum</strong></span> <span class='ocrx_word' id='word_1_243' title='bbox 2239 3863 2448 3930; x_wconf 87' lang='lat' dir='ltr'><strong>antiqui</strong></span> <span class='ocrx_word' id='word_1_244' title='bbox 2480 3859 2670 3917; x_wconf 81' lang='lat' dir='ltr'><strong>Patres</strong></span> <span class='ocrx_word' id='word_1_245' title='bbox 2702 3873 2754 3916; x_wconf 90' lang='lat' dir='ltr'><strong>et</strong></span> <span class='ocrx_word' id='word_1_246' title='bbox 2784 3862 2943 3918; x_wconf 88' lang='lat' dir='ltr'><strong>factis</strong></span> <span class='ocrx_word' id='word_1_247' title='bbox 2971 3875 3025 3920; x_wconf 91' lang='lat' dir='ltr'><strong>et</strong></span> <span class='ocrx_word' id='word_1_248' title='bbox 3054 3865 3229 3921; x_wconf 84' lang='lat' dir='ltr'><strong>verbis</strong></span> <span class='ocrx_word' id='word_1_249' title='bbox 3270 3865 3474 3924; x_wconf 82' lang='lat' dir='ltr'><strong>fuerint</strong></span> 
     </span>
    </p>
   </div>
   <div class='ocr_carea' id='block_1_30' title="bbox 215 3950 1792 4030">
    <p class='ocr_par' dir='ltr' id='par_1_30' title="bbox 215 3950 1792 4030">
     <span class='ocr_line' id='line_1_30' title="bbox 215 3950 1792 4030; baseline -0.011 -13"><span class='ocrx_word' id='word_1_250' title='bbox 215 3959 638 4030; x_wconf 71' lang='grc' dir='ltr'>διαπρεψάντων</span> <span class='ocrx_word' id='word_1_251' title='bbox 669 3960 763 4009; x_wconf 69' lang='grc' dir='ltr'><strong>καὶ</strong></span> <span class='ocrx_word' id='word_1_252' title='bbox 795 3953 1072 4022; x_wconf 74' lang='grc' dir='ltr'><strong>διαφόροις</strong></span> <span class='ocrx_word' id='word_1_253' title='bbox 1102 3954 1447 4021; x_wconf 70' lang='grc' dir='ltr'>συντάγμασι</span> <span class='ocrx_word' id='word_1_254' title='bbox 1489 3951 1598 4003; x_wconf 81' lang='grc' dir='ltr'><strong>τῶν</strong></span> <span class='ocrx_word' id='word_1_255' title='bbox 1627 3952 1683 4003; x_wconf 79' lang='grc' dir='ltr'>ὲν</span> <span class='ocrx_word' id='word_1_256' title='bbox 1714 3950 1792 4016; x_wconf 80' lang='grc' dir='ltr'><strong>τῷ</strong></span> 
     </span>
    </p>
   </div>
   <div class='ocr_carea' id='block_1_31' title="bbox 220 4042 1793 4123">
    <p class='ocr_par' dir='ltr' id='par_1_31' title="bbox 220 4042 1793 4123">
     <span class='ocr_line' id='line_1_31' title="bbox 220 4042 1793 4123; baseline -0.008 -18"><span class='ocrx_word' id='word_1_257' title='bbox 220 4051 398 4123; x_wconf 75' lang='grc' dir='ltr'>νοητῷ</span> <span class='ocrx_word' id='word_1_258' title='bbox 444 4048 727 4120; x_wconf 76' lang='grc' dir='ltr'>ἀμπελῶνι</span> <span class='ocrx_word' id='word_1_259' title='bbox 777 4046 891 4115; x_wconf 74' lang='grc' dir='ltr'>ἅμα</span> <span class='ocrx_word' id='word_1_260' title='bbox 942 4044 1088 4115; x_wconf 80' lang='grc' dir='ltr'>πρωῒ</span> <span class='ocrx_word' id='word_1_261' title='bbox 1132 4046 1227 4096; x_wconf 72' lang='grc' dir='ltr'><strong>καὶ</strong></span> <span class='ocrx_word' id='word_1_262' title='bbox 1258 4044 1451 4113; x_wconf 84' lang='grc' dir='ltr'>τρίτην</span> <span class='ocrx_word' id='word_1_263' title='bbox 1487 4042 1657 4112; x_wconf 81' lang='grc' dir='ltr'>ὥραν,</span> <span class='ocrx_word' id='word_1_264' title='bbox 1699 4042 1793 4094; x_wconf 77' lang='grc' dir='ltr'><strong>καὶ</strong></span> 
     </span>
    </p>
   </div>
   <div class='ocr_carea' id='block_1_32' title="bbox 215 4134 1792 4214">
    <p class='ocr_par' dir='ltr' id='par_1_32' title="bbox 215 4134 1792 4214">
     <span class='ocr_line' id='line_1_32' title="bbox 215 4134 1792 4214; baseline -0.01 -14"><span class='ocrx_word' id='word_1_265' title='bbox 215 4150 386 4214; x_wconf 56' lang='grc' dir='ltr'><strong>ἕκτηνΙ</strong></span> <span class='ocrx_word' id='word_1_266' title='bbox 416 4142 563 4196; x_wconf 73' lang='grc' dir='ltr'>ὦσαν</span> <span class='ocrx_word' id='word_1_267' title='bbox 593 4140 813 4209; x_wconf 75' lang='grc' dir='ltr'>ὁμοίως,</span> <span class='ocrx_word' id='word_1_268' title='bbox 848 4139 942 4191; x_wconf 72' lang='grc' dir='ltr'><strong>καὶ</strong></span> <span class='ocrx_word' id='word_1_269' title='bbox 975 4137 1204 4207; x_wconf 73' lang='grc' dir='ltr'>ὲννάτην</span> <span class='ocrx_word' id='word_1_270' title='bbox 1236 4134 1588 4205; x_wconf 82' lang='grc' dir='ltr'>κεκληκότων</span> <span class='ocrx_word' id='word_1_271' title='bbox 1620 4134 1792 4200; x_wconf 77' lang='grc' dir='ltr'>ἁγίων</span> 
     </span>
    </p>
   </div>
   <div class='ocr_carea' id='block_1_33' title="bbox 215 4225 1795 4302">
    <p class='ocr_par' dir='ltr' id='par_1_33' title="bbox 215 4225 1795 4302">
     <span class='ocr_line' id='line_1_33' title="bbox 215 4225 1795 4302; baseline -0.01 -11"><span class='ocrx_word' id='word_1_272' title='bbox 215 4246 315 4293; x_wconf 69' lang='grc' dir='ltr'><strong>καὶ</strong></span> <span class='ocrx_word' id='word_1_273' title='bbox 346 4238 424 4299; x_wconf 79' lang='grc' dir='ltr'><strong>εἰς</strong></span> <span class='ocrx_word' id='word_1_274' title='bbox 454 4232 741 4302; x_wconf 79' lang='grc' dir='ltr'>οἰκοδομὴν</span> <span class='ocrx_word' id='word_1_275' title='bbox 764 4230 856 4282; x_wconf 79' lang='grc' dir='ltr'>τοῦ</span> <span class='ocrx_word' id='word_1_276' title='bbox 890 4229 1141 4296; x_wconf 79' lang='grc' dir='ltr'>σώματος</span> <span class='ocrx_word' id='word_1_277' title='bbox 1171 4228 1269 4294; x_wconf 81' lang='grc' dir='ltr'><strong>τῆς</strong></span> <span class='ocrx_word' id='word_1_278' title='bbox 1314 4225 1644 4289; x_wconf 85' lang='grc' dir='ltr'>Ἐκκλησιας</span> <span class='ocrx_word' id='word_1_279' title='bbox 1664 4241 1795 4291; x_wconf 87' lang='grc' dir='ltr'>συγ-</span> 
     </span>
    </p>
   </div>
   <div class='ocr_carea' id='block_1_34' title="bbox 216 4316 1793 4398">
    <p class='ocr_par' dir='ltr' id='par_1_34' title="bbox 216 4316 1793 4398">
     <span class='ocr_line' id='line_1_34' title="bbox 216 4316 1793 4398; baseline -0.011 -16"><span class='ocrx_word' id='word_1_280' title='bbox 216 4326 589 4398; x_wconf 78' lang='grc' dir='ltr'>γραψαμὲνων</span> <span class='ocrx_word' id='word_1_281' title='bbox 616 4323 741 4384; x_wconf 74' lang='grc' dir='ltr'>τοὺς</span> <span class='ocrx_word' id='word_1_282' title='bbox 769 4321 987 4383; x_wconf 78' lang='grc' dir='ltr'><strong>πόνους,</strong></span> <span class='ocrx_word' id='word_1_283' title='bbox 1021 4320 1121 4371; x_wconf 79' lang='grc' dir='ltr'><strong>οὐκ</strong></span> <span class='ocrx_word' id='word_1_284' title='bbox 1144 4318 1345 4372; x_wconf 72' lang='grc' dir='ltr'>ἄτοπον</span> <span class='ocrx_word' id='word_1_285' title='bbox 1367 4316 1460 4368; x_wconf 81' lang='grc' dir='ltr'>καὶ</span> <span class='ocrx_word' id='word_1_286' title='bbox 1497 4316 1641 4385; x_wconf 77' lang='grc' dir='ltr'>ἡμᾶς</span> <span class='ocrx_word' id='word_1_287' title='bbox 1667 4316 1793 4377; x_wconf 78' lang='grc' dir='ltr'>τοὺς</span> 
     </span>
    </p>
   </div>
   <div class='ocr_carea' id='block_1_35' title="bbox 214 4405 1795 4486">
    <p class='ocr_par' dir='ltr' id='par_1_35' title="bbox 214 4405 1795 4486">
     <span class='ocr_line' id='line_1_35' title="bbox 214 4405 1795 4486; baseline -0.009 -16"><span class='ocrx_word' id='word_1_288' title='bbox 214 4419 305 4470; x_wconf 74' lang='grc' dir='ltr'><strong>διὰ</strong></span> <span class='ocrx_word' id='word_1_289' title='bbox 345 4415 619 4486; x_wconf 70' lang='grc' dir='ltr'>ρᾳθυμίαν</span> <span class='ocrx_word' id='word_1_290' title='bbox 655 4415 749 4467; x_wconf 66' lang='grc' dir='ltr'><strong>καὶ</strong></span> <span class='ocrx_word' id='word_1_291' title='bbox 783 4408 1144 4464; x_wconf 72' lang='grc' dir='ltr'>ἀπαιδευσίαν</span> <span class='ocrx_word' id='word_1_292' title='bbox 1176 4406 1365 4478; x_wconf 77' lang='grc' dir='ltr'>πόρρω</span> <span class='ocrx_word' id='word_1_293' title='bbox 1410 4405 1590 4459; x_wconf 79' lang='grc' dir='ltr'>αὐτῶν</span> <span class='ocrx_word' id='word_1_294' title='bbox 1622 4406 1795 4475; x_wconf 81' lang='grc' dir='ltr'>ὑπάρ-</span> 
     </span>
    </p>
   </div>
   <div class='ocr_carea' id='block_1_36' title="bbox 218 4497 1794 4579">
    <p class='ocr_par' dir='ltr' id='par_1_36' title="bbox 218 4497 1794 4579">
     <span class='ocr_line' id='line_1_36' title="bbox 218 4497 1794 4579; baseline -0.008 -19"><span class='ocrx_word' id='word_1_295' title='bbox 218 4516 437 4579; x_wconf 73' lang='grc' dir='ltr'>χοντας,</span> <span class='ocrx_word' id='word_1_296' title='bbox 502 4506 629 4566; x_wconf 74' lang='grc' dir='ltr'>τοὺς</span> <span class='ocrx_word' id='word_1_297' title='bbox 681 4503 789 4555; x_wconf 87' lang='grc' dir='ltr'><strong>τῶν</strong></span> <span class='ocrx_word' id='word_1_298' title='bbox 818 4503 949 4571; x_wconf 76' lang='grc' dir='ltr'>περὶ</span> <span class='ocrx_word' id='word_1_299' title='bbox 980 4500 1077 4570; x_wconf 82' lang='grc' dir='ltr'><strong>τὴν</strong></span> <span class='ocrx_word' id='word_1_300' title='bbox 1108 4499 1401 4567; x_wconf 78' lang='grc' dir='ltr'>ἑνδεκάτην</span> <span class='ocrx_word' id='word_1_301' title='bbox 1453 4497 1602 4567; x_wconf 81' lang='grc' dir='ltr'>ὥραν</span> <span class='ocrx_word' id='word_1_302' title='bbox 1632 4498 1688 4551; x_wconf 78' lang='grc' dir='ltr'>ὲν</span> <span class='ocrx_word' id='word_1_303' title='bbox 1718 4497 1794 4566; x_wconf 83' lang='grc' dir='ltr'>τῷ</span> 
     </span>
    </p>
   </div>
   <div class='ocr_carea' id='block_1_37' title="bbox 217 4588 1795 4668">
    <p class='ocr_par' dir='ltr' id='par_1_37' title="bbox 217 4588 1795 4668">
     <span class='ocr_line' id='line_1_37' title="bbox 217 4588 1795 4668; baseline -0.008 -17"><span class='ocrx_word' id='word_1_304' title='bbox 217 4597 374 4668; x_wconf 73' lang='grc' dir='ltr'>αὐτῷ</span> <span class='ocrx_word' id='word_1_305' title='bbox 407 4594 691 4665; x_wconf 78' lang='grc' dir='ltr'>ἀμπελῶνι</span> <span class='ocrx_word' id='word_1_306' title='bbox 732 4591 1165 4661; x_wconf 78' lang='grc' dir='ltr'><strong>ἀγωνισαμένων</strong></span> <span class='ocrx_word' id='word_1_307' title='bbox 1213 4590 1439 4643; x_wconf 77' lang='grc' dir='ltr'>δικαίων</span> <span class='ocrx_word' id='word_1_308' title='bbox 1472 4588 1621 4657; x_wconf 83' lang='grc' dir='ltr'>βίους</span> <span class='ocrx_word' id='word_1_309' title='bbox 1660 4589 1795 4657; x_wconf 75' lang='grc' dir='ltr'>πρὸς</span> 
     </span>
    </p>
   </div>
   <div class='ocr_carea' id='block_1_38' title="bbox 216 4679 1795 4758">
    <p class='ocr_par' dir='ltr' id='par_1_38' title="bbox 216 4679 1795 4758">
     <span class='ocr_line' id='line_1_38' title="bbox 216 4679 1795 4758; baseline -0.007 -16"><span class='ocrx_word' id='word_1_310' title='bbox 216 4690 493 4758; x_wconf 65' lang='grc' dir='ltr'>ὠφέλειαν</span> <span class='ocrx_word' id='word_1_311' title='bbox 540 4687 649 4737; x_wconf 84' lang='grc' dir='ltr'><strong>τῶν</strong></span> <span class='ocrx_word' id='word_1_312' title='bbox 710 4702 768 4737; x_wconf 85' lang='grc' dir='ltr'><strong>τε</strong></span> <span class='ocrx_word' id='word_1_313' title='bbox 818 4683 1259 4752; x_wconf 78' lang='grc' dir='ltr'>ἐντυγχανόντων</span> <span class='ocrx_word' id='word_1_314' title='bbox 1306 4680 1402 4733; x_wconf 79' lang='grc' dir='ltr'><strong>καὶ</strong></span> <span class='ocrx_word' id='word_1_315' title='bbox 1432 4679 1795 4750; x_wconf 81' lang='grc' dir='ltr'>ἀκροωμένων</span> 
     </span>
    </p>
   </div>
   <div class='ocr_carea' id='block_1_39' title="bbox 218 4771 1797 4845">
    <p class='ocr_par' dir='ltr' id='par_1_39' title="bbox 218 4771 1797 4845">
     <span class='ocr_line' id='line_1_39' title="bbox 218 4771 1797 4845; baseline -0.006 -13"><span class='ocrx_word' id='word_1_316' title='bbox 218 4780 431 4833; x_wconf 78' lang='grc' dir='ltr'>πιστῶν</span> <span class='ocrx_word' id='word_1_317' title='bbox 478 4775 899 4845; x_wconf 76' lang='grc' dir='ltr'>συγγράψασθαι</span> <span class='ocrx_word' id='word_1_318' title='bbox 956 4773 1193 4843; x_wconf 83' lang='grc' dir='ltr'>ἀληθῶς,</span> <span class='ocrx_word' id='word_1_319' title='bbox 1219 4772 1362 4825; x_wconf 84' lang='grc' dir='ltr'>ὥστε</span> <span class='ocrx_word' id='word_1_320' title='bbox 1386 4773 1511 4833; x_wconf 77' lang='grc' dir='ltr'>τοὺς</span> <span class='ocrx_word' id='word_1_321' title='bbox 1540 4771 1797 4841; x_wconf 78' lang='grc' dir='ltr'>βουλομέ-</span> 
     </span>
    </p>
   </div>
   <div class='ocr_carea' id='block_1_40' title="bbox 219 4860 1795 4937">
    <p class='ocr_par' dir='ltr' id='par_1_40' title="bbox 219 4860 1795 4937">
     <span class='ocr_line' id='line_1_40' title="bbox 219 4860 1795 4937; baseline -0.007 -15"><span class='ocrx_word' id='word_1_322' title='bbox 219 4887 347 4931; x_wconf 82' lang='grc' dir='ltr'>νους</span> <span class='ocrx_word' id='word_1_323' title='bbox 391 4866 636 4937; x_wconf 72' lang='grc' dir='ltr'>ἡγεμόνα</span> <span class='ocrx_word' id='word_1_324' title='bbox 691 4863 991 4933; x_wconf 81' lang='grc' dir='ltr'>κεκτῆσθαι</span> <span class='ocrx_word' id='word_1_325' title='bbox 1042 4866 1137 4931; x_wconf 84' lang='grc' dir='ltr'><strong>τῆς</strong></span> <span class='ocrx_word' id='word_1_326' title='bbox 1196 4860 1478 4932; x_wconf 75' lang='grc' dir='ltr'><strong>παρούσης</strong></span> <span class='ocrx_word' id='word_1_327' title='bbox 1535 4861 1678 4929; x_wconf 78' lang='grc' dir='ltr'><strong>ζωῆς</strong></span> <span class='ocrx_word' id='word_1_328' title='bbox 1705 4860 1795 4912; x_wconf 81' lang='grc' dir='ltr'><strong>τὸν</strong></span> 
     </span>
    </p>
   </div>
   <div class='ocr_carea' id='block_1_41' title="bbox 218 4950 1795 5026">
    <p class='ocr_par' dir='ltr' id='par_1_41' title="bbox 218 4950 1795 5026">
     <span class='ocr_line' id='line_1_41' title="bbox 218 4950 1795 5026; baseline -0.006 -15"><span class='ocrx_word' id='word_1_329' title='bbox 218 4958 423 5026; x_wconf 77' lang='grc' dir='ltr'>εὐσεὸἦ</span> <span class='ocrx_word' id='word_1_330' title='bbox 454 4956 738 5023; x_wconf 77' lang='grc' dir='ltr'>λογισμὸν,</span> <span class='ocrx_word' id='word_1_331' title='bbox 765 4953 997 5015; x_wconf 80' lang='grc' dir='ltr'>ἀκλινῶς</span> <span class='ocrx_word' id='word_1_332' title='bbox 1020 4952 1254 5005; x_wconf 74' lang='grc' dir='ltr'>ἕπεσθαι</span> <span class='ocrx_word' id='word_1_333' title='bbox 1277 4954 1343 5022; x_wconf 83' lang='grc' dir='ltr'>τῇ</span> <span class='ocrx_word' id='word_1_334' title='bbox 1374 4950 1485 5003; x_wconf 87' lang='grc' dir='ltr'><strong>τῶν</strong></span> <span class='ocrx_word' id='word_1_335' title='bbox 1519 4964 1795 5020; x_wconf 77' lang='grc' dir='ltr'>πατριαρ-</span> 
     </span>
    </p>
   </div>
   <div class='ocr_carea' id='block_1_42' title="bbox 217 5041 1795 5122">
    <p class='ocr_par' dir='ltr' id='par_1_42' title="bbox 217 5041 1795 5122">
     <span class='ocr_line' id='line_1_42' title="bbox 217 5041 1795 5122; baseline -0.006 -21"><span class='ocrx_word' id='word_1_336' title='bbox 217 5049 333 5122; x_wconf 81' lang='grc' dir='ltr'>χῶν</span> <span class='ocrx_word' id='word_1_337' title='bbox 366 5050 457 5101; x_wconf 74' lang='grc' dir='ltr'>καὶ</span> <span class='ocrx_word' id='word_1_338' title='bbox 480 5046 772 5115; x_wconf 76' lang='grc' dir='ltr'>προφητῶν</span> <span class='ocrx_word' id='word_1_339' title='bbox 793 5048 887 5097; x_wconf 80' lang='grc' dir='ltr'><strong>καί</strong></span> <span class='ocrx_word' id='word_1_340' title='bbox 917 5042 1230 5097; x_wconf 82' lang='grc' dir='ltr'>ἀποστόλων</span> <span class='ocrx_word' id='word_1_341' title='bbox 1256 5044 1350 5095; x_wconf 79' lang='grc' dir='ltr'>καὶ</span> <span class='ocrx_word' id='word_1_342' title='bbox 1379 5041 1672 5112; x_wconf 80' lang='grc' dir='ltr'>μαρτύρων</span> <span class='ocrx_word' id='word_1_343' title='bbox 1704 5042 1795 5093; x_wconf 80' lang='grc' dir='ltr'>καὶ</span> 
     </span>
    </p>
   </div>
   <div class='ocr_carea' id='block_1_43' title="bbox 216 5134 1793 5206">
    <p class='ocr_par' dir='ltr' id='par_1_43' title="bbox 216 5134 1793 5206">
     <span class='ocr_line' id='line_1_43' title="bbox 216 5134 1793 5206; baseline -0.006 -11"><span class='ocrx_word' id='word_1_344' title='bbox 216 5140 450 5195; x_wconf 78' lang='grc' dir='ltr'>δικαίων</span> <span class='ocrx_word' id='word_1_345' title='bbox 482 5139 607 5205; x_wconf 79' lang='grc' dir='ltr'><strong>ὁδῷ,</strong></span> <span class='ocrx_word' id='word_1_346' title='bbox 641 5137 1126 5206; x_wconf 77' lang='grc' dir='ltr'>ὲφαμιλλωμένους</span> <span class='ocrx_word' id='word_1_347' title='bbox 1163 5134 1261 5206; x_wconf 85' lang='grc' dir='ltr'>μὲν</span> <span class='ocrx_word' id='word_1_348' title='bbox 1282 5137 1401 5197; x_wconf 85' lang='grc' dir='ltr'>ταῖς</span> <span class='ocrx_word' id='word_1_349' title='bbox 1435 5135 1638 5187; x_wconf 73' lang='grc' dir='ltr'>τούτων</span> <span class='ocrx_word' id='word_1_350' title='bbox 1664 5136 1793 5204; x_wconf 84' lang='grc' dir='ltr'>ἀρε-</span> 
     </span>
    </p>
   </div>
   <div class='ocr_carea' id='block_1_44' title="bbox 217 5206 1871 5299">
    <p class='ocr_par' dir='ltr' id='par_1_44' title="bbox 217 5206 1871 5299">
     <span class='ocr_line' id='line_1_44' title="bbox 217 5206 1871 5299; baseline -0.005 -12"><span class='ocrx_word' id='word_1_351' title='bbox 217 5235 365 5298; x_wconf 83' lang='grc' dir='ltr'>ταῖς,</span> <span class='ocrx_word' id='word_1_352' title='bbox 406 5228 935 5299; x_wconf 77' lang='grc' dir='ltr'>ὑποστηριξομένους</span> <span class='ocrx_word' id='word_1_353' title='bbox 967 5228 1023 5280; x_wconf 83' lang='grc' dir='ltr'>δὲ</span> <span class='ocrx_word' id='word_1_354' title='bbox 1051 5229 1171 5289; x_wconf 85' lang='grc' dir='ltr'>ταῖς</span> <span class='ocrx_word' id='word_1_355' title='bbox 1222 5226 1403 5279; x_wconf 73' lang='grc' dir='ltr'>αὐτῶν</span> <span class='ocrx_word' id='word_1_356' title='bbox 1444 5229 1794 5295; x_wconf 64' lang='grc' dir='ltr'>προσευχαῖς.</span> <span class='ocrx_word' id='word_1_357' title='bbox 1828 5206 1871 5262; x_wconf 75' lang='grc' dir='ltr'><strong>Β</strong></span> 
     </span>
    </p>
   </div>
   <div class='ocr_carea' id='block_1_45' title="bbox 223 5316 1796 5390">
    <p class='ocr_par' dir='ltr' id='par_1_45' title="bbox 223 5316 1796 5390">
     <span class='ocr_line' id='line_1_45' title="bbox 223 5316 1796 5390; baseline -0.003 -15"><span class='ocrx_word' id='word_1_358' title='bbox 223 5343 243 5375; x_wconf 73' lang='grc' dir='ltr'>ι</span> <span class='ocrx_word' id='word_1_359' title='bbox 279 5323 424 5374; x_wconf 80' lang='grc' dir='ltr'>Ὅσα</span> <span class='ocrx_word' id='word_1_360' title='bbox 454 5321 563 5390; x_wconf 79' lang='grc' dir='ltr'>γὰρ</span> <span class='ocrx_word' id='word_1_361' title='bbox 596 5319 943 5389; x_wconf 80' lang='grc' dir='ltr'>προεγράφη,</span> <span class='ocrx_word' id='word_1_362' title='bbox 976 5336 993 5362; x_wconf 65' lang='grc' dir='ltr'><strong>ι</strong></span> <span class='ocrx_word' id='word_1_363' title='bbox 1032 5318 1172 5370; x_wconf 75' lang='grc' dir='ltr'>κατὰ</span> <span class='ocrx_word' id='word_1_364' title='bbox 1211 5318 1301 5371; x_wconf 82' lang='grc' dir='ltr'><strong>τὸν</strong></span> <span class='ocrx_word' id='word_1_365' title='bbox 1334 5316 1619 5370; x_wconf 81' lang='grc' dir='ltr'>θεσπέσιον</span> <span class='ocrx_word' id='word_1_366' title='bbox 1651 5317 1796 5370; x_wconf 82' lang='grc' dir='ltr'><strong>Παῦ-</strong></span> 
     </span>
    </p>
   </div>
   <div class='ocr_carea' id='block_1_46' title="bbox 216 5405 1790 5477">
    <p class='ocr_par' dir='ltr' id='par_1_46' title="bbox 216 5405 1790 5477">
     <span class='ocr_line' id='line_1_46' title="bbox 216 5405 1790 5477; baseline -0.003 -12"><span class='ocrx_word' id='word_1_367' title='bbox 216 5414 336 5475; x_wconf 63' lang='grc' dir='ltr'>λον,</span> <span class='ocrx_word' id='word_1_368' title='bbox 394 5429 411 5461; x_wconf 71' lang='grc' dir='ltr'>ι</span> <span class='ocrx_word' id='word_1_369' title='bbox 467 5410 544 5471; x_wconf 83' lang='grc' dir='ltr'><strong>εἰς</strong></span> <span class='ocrx_word' id='word_1_370' title='bbox 589 5408 686 5477; x_wconf 84' lang='grc' dir='ltr'>τὴν</span> <span class='ocrx_word' id='word_1_371' title='bbox 739 5407 1019 5477; x_wconf 77' lang='grc' dir='ltr'>ἡμετέραν</span> <span class='ocrx_word' id='word_1_372' title='bbox 1049 5405 1331 5459; x_wconf 79' lang='grc' dir='ltr'>νουθεσίαν</span> <span class='ocrx_word' id='word_1_373' title='bbox 1382 5406 1730 5477; x_wconf 80' lang='grc' dir='ltr'>προεγράφη.</span> <span class='ocrx_word' id='word_1_374' title='bbox 1772 5426 1790 5473; x_wconf 66' lang='grc' dir='ltr'><strong>ρ</strong></span> 
     </span>
    </p>
   </div>
   <div class='ocr_carea' id='block_1_47' title="bbox 219 5496 1793 5567">
    <p class='ocr_par' dir='ltr' id='par_1_47' title="bbox 219 5496 1793 5567">
     <span class='ocr_line' id='line_1_47' title="bbox 219 5496 1793 5567; baseline -0.004 -10"><span class='ocrx_word' id='word_1_375' title='bbox 219 5501 553 5562; x_wconf 79' lang='grc' dir='ltr'>Πεποιθότες</span> <span class='ocrx_word' id='word_1_376' title='bbox 585 5497 677 5553; x_wconf 75' lang='grc' dir='ltr'><strong>οὖν</strong></span> <span class='ocrx_word' id='word_1_377' title='bbox 703 5498 780 5567; x_wconf 80' lang='grc' dir='ltr'><strong>τῷ</strong></span> <span class='ocrx_word' id='word_1_378' title='bbox 828 5496 1069 5567; x_wconf 77' lang='grc' dir='ltr'>εἰρηκότι</span> <span class='ocrx_word' id='word_1_379' title='bbox 1094 5511 1107 5526; x_wconf 78' lang='grc'><strong><em>⁸</em></strong></span> <span class='ocrx_word' id='word_1_380' title='bbox 1162 5516 1181 5548; x_wconf 74' lang='grc' dir='ltr'><strong><em>ι</em></strong></span> <span class='ocrx_word' id='word_1_381' title='bbox 1228 5498 1500 5551; x_wconf 78' lang='grc' dir='ltr'>Πλὰτυνον</span> <span class='ocrx_word' id='word_1_382' title='bbox 1530 5499 1588 5551; x_wconf 74' lang='grc' dir='ltr'>τὸ</span> <span class='ocrx_word' id='word_1_383' title='bbox 1620 5498 1793 5566; x_wconf 88' lang='grc' dir='ltr'>στόμα</span> 
     </span>
    </p>
   </div>
   <div class='ocr_carea' id='block_1_48' title="bbox 218 5592 1793 5667">
    <p class='ocr_par' dir='ltr' id='par_1_48' title="bbox 218 5592 1793 5667">
     <span class='ocr_line' id='line_1_48' title="bbox 218 5592 1793 5667; baseline -0.003 -16"><span class='ocrx_word' id='word_1_384' title='bbox 218 5614 344 5659; x_wconf 84' lang='grc' dir='ltr'>σου,</span> <span class='ocrx_word' id='word_1_385' title='bbox 378 5595 471 5649; x_wconf 74' lang='grc' dir='ltr'><strong>καὶ</strong></span> <span class='ocrx_word' id='word_1_386' title='bbox 502 5592 777 5667; x_wconf 86' lang='grc' dir='ltr'>πληρώσω</span> <span class='ocrx_word' id='word_1_387' title='bbox 800 5592 953 5658; x_wconf 83' lang='grc' dir='ltr'>αὐτὸ,</span> <span class='ocrx_word' id='word_1_388' title='bbox 1008 5609 1026 5643; x_wconf 76' lang='grc' dir='ltr'><strong><em>ι</em></strong></span> <span class='ocrx_word' id='word_1_389' title='bbox 1064 5594 1154 5646; x_wconf 73' lang='grc' dir='ltr'>ἐπὶ</span> <span class='ocrx_word' id='word_1_390' title='bbox 1200 5592 1301 5664; x_wconf 82' lang='grc' dir='ltr'><strong>τὴν</strong></span> <span class='ocrx_word' id='word_1_391' title='bbox 1324 5596 1691 5665; x_wconf 81' lang='grc' dir='ltr'>προκειμένην</span> <span class='ocrx_word' id='word_1_392' title='bbox 1716 5594 1793 5647; x_wconf 83' lang='grc' dir='ltr'><strong>δι-</strong></span> 
     </span>
    </p>
   </div>
   <div class='ocr_carea' id='block_1_49' title="bbox 216 5685 788 5762">
    <p class='ocr_par' dir='ltr' id='par_1_49' title="bbox 216 5685 788 5762">
     <span class='ocr_line' id='line_1_49' title="bbox 216 5685 788 5762; baseline -0.009 -19"><span class='ocrx_word' id='word_1_393' title='bbox 216 5692 424 5762; x_wconf 76' lang='grc' dir='ltr'>ήγησιν</span> <span class='ocrx_word' id='word_1_394' title='bbox 454 5685 788 5759; x_wconf 81' lang='grc' dir='ltr'>τρεπόμεθα.</span> 
     </span>
    </p>
   </div>
   <div class='ocr_carea' id='block_1_50' title="bbox 301 5843 1339 5915">
    <p class='ocr_par' dir='ltr' id='par_1_50' title="bbox 301 5843 1339 5915">
     <span class='ocr_line' id='line_1_50' title="bbox 301 5843 1339 5915; baseline 0 -16"><span class='ocrx_word' id='word_1_395' title='bbox 301 5848 317 5875; x_wconf 81' lang='grc'><strong>¹</strong></span> <span class='ocrx_word' id='word_1_396' title='bbox 349 5845 505 5901; x_wconf 65' lang='lat' dir='ltr'><strong>Rom.</strong></span> <span class='ocrx_word' id='word_1_397' title='bbox 551 5861 636 5913; x_wconf 78' lang='lat' dir='ltr'><strong>xv,</strong></span> <span class='ocrx_word' id='word_1_398' title='bbox 663 5848 717 5901; x_wconf 64' lang='grc'><strong>4.</strong></span> <span class='ocrx_word' id='word_1_399' title='bbox 797 5848 816 5878; x_wconf 84' lang='grc'>³</span> <span class='ocrx_word' id='word_1_400' title='bbox 853 5843 1001 5901; x_wconf 67' lang='lat' dir='ltr'><strong>PsaP.</strong></span> <span class='ocrx_word' id='word_1_401' title='bbox 1061 5860 1221 5915; x_wconf 63' lang='grc' dir='ltr'>ετχπ,</span> <span class='ocrx_word' id='word_1_402' title='bbox 1252 5843 1339 5899; x_wconf 71' lang='grc' dir='ltr'><strong>Μ.</strong></span> 
     </span>
    </p>
   </div>
   <div class='ocr_carea' id='block_1_51' title="bbox 1898 3955 3469 4029">
    <p class='ocr_par' dir='ltr' id='par_1_51' title="bbox 1898 3955 3469 4029">
     <span class='ocr_line' id='line_1_51' title="bbox 1898 3955 3469 4029; baseline 0.004 -20"><span class='ocrx_word' id='word_1_403' title='bbox 1898 3955 2161 4024; x_wconf 80' lang='lat' dir='ltr'><strong>insignes,</strong></span> <span class='ocrx_word' id='word_1_404' title='bbox 2196 3964 2247 4009; x_wconf 85' lang='lat' dir='ltr'><strong>et</strong></span> <span class='ocrx_word' id='word_1_405' title='bbox 2280 3956 2509 4010; x_wconf 88' lang='lat' dir='ltr'><strong>diversis</strong></span> <span class='ocrx_word' id='word_1_406' title='bbox 2556 3956 2813 4025; x_wconf 87' lang='lat' dir='ltr'><strong>operibus</strong></span> <span class='ocrx_word' id='word_1_407' title='bbox 2866 3973 3053 4011; x_wconf 90' lang='lat' dir='ltr'><strong>eorum</strong></span> <span class='ocrx_word' id='word_1_408' title='bbox 3088 3960 3180 4029; x_wconf 90' lang='lat' dir='ltr'><strong>qui</strong></span> <span class='ocrx_word' id='word_1_409' title='bbox 3230 3960 3283 4014; x_wconf 88' lang='lat' dir='ltr'><strong>itt</strong></span> <span class='ocrx_word' id='word_1_410' title='bbox 3317 3964 3469 4015; x_wconf 84' lang='lat' dir='ltr'><strong>vinea</strong></span> 
     </span>
    </p>
   </div>
   <div class='ocr_carea' id='block_1_52' title="bbox 1896 4047 3470 4117">
    <p class='ocr_par' dir='ltr' id='par_1_52' title="bbox 1896 4047 3470 4117">
     <span class='ocr_line' id='line_1_52' title="bbox 1896 4047 3470 4117; baseline 0.004 -16"><span class='ocrx_word' id='word_1_411' title='bbox 1896 4063 2016 4116; x_wconf 76' lang='lat' dir='ltr'><strong>qua:</strong></span> <span class='ocrx_word' id='word_1_412' title='bbox 2053 4048 2351 4117; x_wconf 75' lang='lat' dir='ltr'><strong>percipitur</strong></span> <span class='ocrx_word' id='word_1_413' title='bbox 2411 4047 2793 4117; x_wconf 77' lang='lat' dir='ltr'><strong>intelligentia,</strong></span> <span class='ocrx_word' id='word_1_414' title='bbox 2832 4064 2994 4103; x_wconf 91' lang='lat' dir='ltr'><strong>mane</strong></span> <span class='ocrx_word' id='word_1_415' title='bbox 3053 4051 3212 4103; x_wconf 90' lang='lat' dir='ltr'><strong>simul</strong></span> <span class='ocrx_word' id='word_1_416' title='bbox 3253 4062 3309 4106; x_wconf 94' lang='lat' dir='ltr'><strong>et</strong></span> <span class='ocrx_word' id='word_1_417' title='bbox 3338 4055 3470 4108; x_wconf 86' lang='lat' dir='ltr'><strong>hora</strong></span> 
     </span>
    </p>
   </div>
   <div class='ocr_carea' id='block_1_53' title="bbox 1899 4138 3473 4207">
    <p class='ocr_par' dir='ltr' id='par_1_53' title="bbox 1899 4138 3473 4207">
     <span class='ocr_line' id='line_1_53' title="bbox 1899 4138 3473 4207; baseline 0.003 -15"><span class='ocrx_word' id='word_1_418' title='bbox 1899 4140 2054 4192; x_wconf 86' lang='lat' dir='ltr'><strong>tertia</strong></span> <span class='ocrx_word' id='word_1_419' title='bbox 2112 4149 2165 4191; x_wconf 89' lang='lat' dir='ltr'><strong>et</strong></span> <span class='ocrx_word' id='word_1_420' title='bbox 2195 4148 2345 4193; x_wconf 86' lang='lat' dir='ltr'><strong>sexta</strong></span> <span class='ocrx_word' id='word_1_421' title='bbox 2384 4138 2641 4193; x_wconf 87' lang='lat' dir='ltr'><strong>similiter</strong></span> <span class='ocrx_word' id='word_1_422' title='bbox 2666 4148 2720 4192; x_wconf 93' lang='lat' dir='ltr'><strong>et</strong></span> <span class='ocrx_word' id='word_1_423' title='bbox 2775 4154 2914 4192; x_wconf 90' lang='lat' dir='ltr'><strong>nona</strong></span> <span class='ocrx_word' id='word_1_424' title='bbox 2946 4142 3119 4194; x_wconf 81' lang='lat' dir='ltr'><strong>vocati</strong></span> <span class='ocrx_word' id='word_1_425' title='bbox 3150 4152 3293 4207; x_wconf 89' lang='lat' dir='ltr'><strong>sunt,</strong></span> <span class='ocrx_word' id='word_1_426' title='bbox 3329 4159 3473 4197; x_wconf 88' lang='lat' dir='ltr'><strong>san-</strong></span> 
     </span>
    </p>
   </div>
   <div class='ocr_carea' id='block_1_54' title="bbox 1897 4230 3475 4299">
    <p class='ocr_par' dir='ltr' id='par_1_54' title="bbox 1897 4230 3475 4299">
     <span class='ocr_line' id='line_1_54' title="bbox 1897 4230 3475 4299; baseline 0.003 -13"><span class='ocrx_word' id='word_1_427' title='bbox 1897 4241 2105 4286; x_wconf 91' lang='lat' dir='ltr'><strong>ctorum</strong></span> <span class='ocrx_word' id='word_1_428' title='bbox 2162 4232 2227 4284; x_wconf 88' lang='lat' dir='ltr'><strong>ad</strong></span> <span class='ocrx_word' id='word_1_429' title='bbox 2254 4230 2669 4285; x_wconf 73' lang='lat' dir='ltr'><strong>aadificationem</strong></span> <span class='ocrx_word' id='word_1_430' title='bbox 2704 4234 2952 4299; x_wconf 90' lang='lat' dir='ltr'><strong>corporis</strong></span> <span class='ocrx_word' id='word_1_431' title='bbox 2979 4231 3235 4287; x_wconf 66' lang='lat' dir='ltr'><strong>Ecclesia:</strong></span> <span class='ocrx_word' id='word_1_432' title='bbox 3259 4249 3475 4290; x_wconf 87' lang='lat' dir='ltr'><strong>sermo-</strong></span> 
     </span>
    </p>
   </div>
   <div class='ocr_carea' id='block_1_55' title="bbox 1899 4321 3475 4394">
    <p class='ocr_par' dir='ltr' id='par_1_55' title="bbox 1899 4321 3475 4394">
     <span class='ocr_line' id='line_1_55' title="bbox 1899 4321 3475 4394; baseline 0.003 -20"><span class='ocrx_word' id='word_1_433' title='bbox 1899 4336 1993 4374; x_wconf 91' lang='lat' dir='ltr'><strong>nes</strong></span> <span class='ocrx_word' id='word_1_434' title='bbox 2019 4321 2448 4388; x_wconf 91' lang='lat' dir='ltr'><strong>couscripserint</strong></span> <span class='ocrx_word' id='word_1_435' title='bbox 2486 4338 2500 4375; x_wconf 89' lang='lat'><strong>:</strong></span> <span class='ocrx_word' id='word_1_436' title='bbox 2533 4335 2641 4374; x_wconf 89' lang='lat' dir='ltr'><strong>non</strong></span> <span class='ocrx_word' id='word_1_437' title='bbox 2707 4332 2790 4375; x_wconf 85' lang='lat' dir='ltr'><strong>est</strong></span> <span class='ocrx_word' id='word_1_438' title='bbox 2838 4323 3158 4386; x_wconf 88' lang='lat' dir='ltr'><strong>absurdum,</strong></span> <span class='ocrx_word' id='word_1_439' title='bbox 3205 4339 3304 4379; x_wconf 92' lang='lat' dir='ltr'><strong>nos</strong></span> <span class='ocrx_word' id='word_1_440' title='bbox 3337 4340 3475 4394; x_wconf 83' lang='lat' dir='ltr'><strong>quo-</strong></span> 
     </span>
    </p>
   </div>
   <div class='ocr_carea' id='block_1_56' title="bbox 1897 4412 3473 4481">
    <p class='ocr_par' dir='ltr' id='par_1_56' title="bbox 1897 4412 3473 4481">
     <span class='ocr_line' id='line_1_56' title="bbox 1897 4412 3473 4481; baseline 0.004 -17"><span class='ocrx_word' id='word_1_441' title='bbox 1897 4426 2023 4481; x_wconf 90' lang='lat' dir='ltr'><strong>que,</strong></span> <span class='ocrx_word' id='word_1_442' title='bbox 2076 4412 2165 4481; x_wconf 92' lang='lat' dir='ltr'><strong>qui</strong></span> <span class='ocrx_word' id='word_1_443' title='bbox 2219 4421 2437 4481; x_wconf 85' lang='lat' dir='ltr'><strong>propter</strong></span> <span class='ocrx_word' id='word_1_444' title='bbox 2493 4412 2797 4466; x_wconf 87' lang='lat' dir='ltr'><strong>socordiam</strong></span> <span class='ocrx_word' id='word_1_445' title='bbox 2857 4423 2913 4468; x_wconf 90' lang='lat' dir='ltr'><strong>et</strong></span> <span class='ocrx_word' id='word_1_446' title='bbox 2958 4414 3225 4469; x_wconf 88' lang='lat' dir='ltr'><strong>inscitiam</strong></span> <span class='ocrx_word' id='word_1_447' title='bbox 3276 4417 3344 4469; x_wconf 88' lang='lat' dir='ltr'><strong>ab</strong></span> <span class='ocrx_word' id='word_1_448' title='bbox 3391 4418 3473 4471; x_wconf 83' lang='lat' dir='ltr'><strong>eis</strong></span> 
     </span>
    </p>
   </div>
   <div class='ocr_carea' id='block_1_57' title="bbox 1899 4500 3471 4571">
    <p class='ocr_par' dir='ltr' id='par_1_57' title="bbox 1899 4500 3471 4571">
     <span class='ocr_line' id='line_1_57' title="bbox 1899 4500 3471 4571; baseline 0.003 -16"><span class='ocrx_word' id='word_1_449' title='bbox 1899 4502 2055 4571; x_wconf 76' lang='lat' dir='ltr'><strong>longe</strong></span> <span class='ocrx_word' id='word_1_450' title='bbox 2084 4516 2271 4555; x_wconf 85' lang='lat' dir='ltr'><strong>smnus</strong></span> <span class='ocrx_word' id='word_1_451' title='bbox 2304 4500 2516 4567; x_wconf 88' lang='lat' dir='ltr'><strong>remoti,</strong></span> <span class='ocrx_word' id='word_1_452' title='bbox 2556 4515 2682 4554; x_wconf 83' lang='lat' dir='ltr'><strong>vere</strong></span> <span class='ocrx_word' id='word_1_453' title='bbox 2713 4503 3064 4556; x_wconf 87' lang='lat' dir='ltr'><strong>conscribere</strong></span> <span class='ocrx_word' id='word_1_454' title='bbox 3089 4504 3361 4571; x_wconf 89' lang='lat' dir='ltr'><strong>justorutn</strong></span> <span class='ocrx_word' id='word_1_455' title='bbox 3394 4506 3471 4559; x_wconf 30' lang='lat' dir='ltr'><strong>vi!</strong></span> 
     </span>
    </p>
   </div>
   <div class='ocr_carea' id='block_1_58' title="bbox 1900 4591 3470 4660">
    <p class='ocr_par' dir='ltr' id='par_1_58' title="bbox 1900 4591 3470 4660">
     <span class='ocr_line' id='line_1_58' title="bbox 1900 4591 3470 4660; baseline 0.002 -14"><span class='ocrx_word' id='word_1_456' title='bbox 1900 4607 2085 4646; x_wconf 81' lang='lat' dir='ltr'><strong>rerum</strong></span> <span class='ocrx_word' id='word_1_457' title='bbox 2129 4591 2330 4655; x_wconf 77' lang='lat' dir='ltr'><strong>Vitam,</strong></span> <span class='ocrx_word' id='word_1_458' title='bbox 2374 4594 2464 4660; x_wconf 91' lang='lat' dir='ltr'><strong>qui</strong></span> <span class='ocrx_word' id='word_1_459' title='bbox 2519 4592 2666 4647; x_wconf 85' lang='lat' dir='ltr'><strong>circa</strong></span> <span class='ocrx_word' id='word_1_460' title='bbox 2690 4594 2879 4647; x_wconf 84' lang='lat' dir='ltr'><strong>horam</strong></span> <span class='ocrx_word' id='word_1_461' title='bbox 2911 4596 3250 4647; x_wconf 82' lang='lat' dir='ltr'><strong>undecimam</strong></span> <span class='ocrx_word' id='word_1_462' title='bbox 3284 4595 3337 4649; x_wconf 88' lang='lat' dir='ltr'><strong>in</strong></span> <span class='ocrx_word' id='word_1_463' title='bbox 3373 4610 3470 4649; x_wconf 82' lang='lat' dir='ltr'><strong>ea-</strong></span> 
     </span>
    </p>
   </div>
   <div class='ocr_carea' id='block_1_59' title="bbox 1898 4682 3471 4758">
    <p class='ocr_par' dir='ltr' id='par_1_59' title="bbox 1898 4682 3471 4758">
     <span class='ocr_line' id='line_1_59' title="bbox 1898 4682 3471 4758; baseline 0.004 -23"><span class='ocrx_word' id='word_1_464' title='bbox 1898 4684 2016 4737; x_wconf 88' lang='lat' dir='ltr'><strong>dem</strong></span> <span class='ocrx_word' id='word_1_465' title='bbox 2067 4683 2220 4735; x_wconf 85' lang='lat' dir='ltr'><strong>vinea</strong></span> <span class='ocrx_word' id='word_1_466' title='bbox 2274 4682 2610 4749; x_wconf 79' lang='lat' dir='ltr'><strong>laborarunt,</strong></span> <span class='ocrx_word' id='word_1_467' title='bbox 2646 4686 2712 4739; x_wconf 90' lang='lat' dir='ltr'><strong>ad</strong></span> <span class='ocrx_word' id='word_1_468' title='bbox 2767 4686 3060 4739; x_wconf 89' lang='lat' dir='ltr'><strong>utilitatem</strong></span> <span class='ocrx_word' id='word_1_469' title='bbox 3106 4685 3341 4740; x_wconf 85' lang='lat' dir='ltr'><strong>fidelium</strong></span> <span class='ocrx_word' id='word_1_470' title='bbox 3376 4689 3471 4758; x_wconf 82' lang='lat' dir='ltr'><strong>qui</strong></span> 
     </span>
    </p>
   </div>
   <div class='ocr_carea' id='block_1_60' title="bbox 1898 4776 3471 4848">
    <p class='ocr_par' dir='ltr' id='par_1_60' title="bbox 1898 4776 3471 4848">
     <span class='ocr_line' id='line_1_60' title="bbox 1898 4776 3471 4848; baseline 0.004 -19"><span class='ocrx_word' id='word_1_471' title='bbox 1898 4776 2084 4844; x_wconf 82' lang='lat' dir='ltr'><strong>legunt</strong></span> <span class='ocrx_word' id='word_1_472' title='bbox 2135 4784 2191 4828; x_wconf 93' lang='lat' dir='ltr'><strong>et</strong></span> <span class='ocrx_word' id='word_1_473' title='bbox 2224 4777 2453 4829; x_wconf 90' lang='lat' dir='ltr'><strong>audiunt</strong></span> <span class='ocrx_word' id='word_1_474' title='bbox 2496 4794 2510 4830; x_wconf 90' lang='lat'><strong>:</strong></span> <span class='ocrx_word' id='word_1_475' title='bbox 2551 4788 2608 4831; x_wconf 93' lang='lat' dir='ltr'><strong>ut</strong></span> <span class='ocrx_word' id='word_1_476' title='bbox 2637 4778 2727 4847; x_wconf 87' lang='lat' dir='ltr'><strong>qui</strong></span> <span class='ocrx_word' id='word_1_477' title='bbox 2758 4780 2946 4831; x_wconf 82' lang='lat' dir='ltr'><strong>volunt</strong></span> <span class='ocrx_word' id='word_1_478' title='bbox 2971 4780 3171 4834; x_wconf 86' lang='lat' dir='ltr'><strong>habere</strong></span> <span class='ocrx_word' id='word_1_479' title='bbox 3207 4782 3349 4848; x_wconf 92' lang='lat' dir='ltr'><strong>piam</strong></span> <span class='ocrx_word' id='word_1_480' title='bbox 3380 4797 3471 4835; x_wconf 78' lang='lat' dir='ltr'><strong>r2-</strong></span> 
     </span>
    </p>
   </div>
   <div class='ocr_carea' id='block_1_61' title="bbox 1899 4867 3473 4940">
    <p class='ocr_par' dir='ltr' id='par_1_61' title="bbox 1899 4867 3473 4940">
     <span class='ocr_line' id='line_1_61' title="bbox 1899 4867 3473 4940; baseline 0.006 -22"><span class='ocrx_word' id='word_1_481' title='bbox 1899 4867 2099 4920; x_wconf 92' lang='lat' dir='ltr'><strong>tionem</strong></span> <span class='ocrx_word' id='word_1_482' title='bbox 2132 4870 2323 4922; x_wconf 89' lang='lat' dir='ltr'><strong>ducem</strong></span> <span class='ocrx_word' id='word_1_483' title='bbox 2352 4868 2474 4922; x_wconf 74' lang='lat' dir='ltr'><strong>vitae</strong></span> <span class='ocrx_word' id='word_1_484' title='bbox 2499 4868 2805 4936; x_wconf 68' lang='lat' dir='ltr'><strong>praasentis,</strong></span> <span class='ocrx_word' id='word_1_485' title='bbox 2834 4880 3148 4925; x_wconf 88' lang='lat' dir='ltr'><strong>constanter</strong></span> <span class='ocrx_word' id='word_1_486' title='bbox 3174 4882 3473 4940; x_wconf 88' lang='lat' dir='ltr'><strong>sequantur</strong></span> 
     </span>
    </p>
   </div>
   <div class='ocr_carea' id='block_1_62' title="bbox 1898 4955 3472 5030">
    <p class='ocr_par' dir='ltr' id='par_1_62' title="bbox 1898 4955 3472 5030">
     <span class='ocr_line' id='line_1_62' title="bbox 1898 4955 3472 5030; baseline 0.006 -25"><span class='ocrx_word' id='word_1_487' title='bbox 1898 4955 2040 5008; x_wconf 82' lang='lat' dir='ltr'><strong>viain</strong></span> <span class='ocrx_word' id='word_1_488' title='bbox 2076 4957 2530 5023; x_wconf 84' lang='lat' dir='ltr'><strong>patriarcharum,</strong></span> <span class='ocrx_word' id='word_1_489' title='bbox 2571 4958 2959 5026; x_wconf 88' lang='lat' dir='ltr'><strong>prophetarum</strong></span> <span class='ocrx_word' id='word_1_490' title='bbox 2992 4970 3045 5013; x_wconf 89' lang='lat' dir='ltr'><strong>et</strong></span> <span class='ocrx_word' id='word_1_491' title='bbox 3077 4962 3472 5030; x_wconf 89' lang='lat' dir='ltr'><strong>apostolorum,</strong></span> 
     </span>
    </p>
   </div>
   <div class='ocr_carea' id='block_1_63' title="bbox 1899 5048 3469 5120">
    <p class='ocr_par' dir='ltr' id='par_1_63' title="bbox 1899 5048 3469 5120">
     <span class='ocr_line' id='line_1_63' title="bbox 1899 5048 3469 5120; baseline 0.002 -20"><span class='ocrx_word' id='word_1_492' title='bbox 1899 5055 2306 5117; x_wconf 83' lang='lat' dir='ltr'><strong>martyrumque</strong></span> <span class='ocrx_word' id='word_1_493' title='bbox 2361 5056 2414 5101; x_wconf 89' lang='lat' dir='ltr'><strong>et</strong></span> <span class='ocrx_word' id='word_1_494' title='bbox 2464 5048 2735 5117; x_wconf 85' lang='lat' dir='ltr'><strong>justorum</strong></span> <span class='ocrx_word' id='word_1_495' title='bbox 2784 5068 2797 5104; x_wconf 95' lang='lat'><strong>:</strong></span> <span class='ocrx_word' id='word_1_496' title='bbox 2836 5066 2957 5104; x_wconf 90' lang='lat' dir='ltr'><strong>cum</strong></span> <span class='ocrx_word' id='word_1_497' title='bbox 3005 5066 3189 5105; x_wconf 90' lang='lat' dir='ltr'><strong>eorum</strong></span> <span class='ocrx_word' id='word_1_498' title='bbox 3252 5054 3469 5120; x_wconf 84' lang='lat' dir='ltr'><strong>quidem</strong></span> 
     </span>
    </p>
   </div>
   <div class='ocr_carea' id='block_1_64' title="bbox 1899 5140 3471 5207">
    <p class='ocr_par' dir='ltr' id='par_1_64' title="bbox 1899 5140 3471 5207">
     <span class='ocr_line' id='line_1_64' title="bbox 1899 5140 3471 5207; baseline 0.004 -16"><span class='ocrx_word' id='word_1_499' title='bbox 1899 5140 2189 5195; x_wconf 89' lang='lat' dir='ltr'><strong>virtutibus</strong></span> <span class='ocrx_word' id='word_1_500' title='bbox 2220 5142 2632 5207; x_wconf 87' lang='lat' dir='ltr'><strong>contendentes,</strong></span> <span class='ocrx_word' id='word_1_501' title='bbox 2677 5141 2879 5196; x_wconf 77' lang='lat' dir='ltr'><strong>suﬂ‘ulti</strong></span> <span class='ocrx_word' id='word_1_502' title='bbox 2935 5154 3114 5197; x_wconf 91' lang='lat' dir='ltr'><strong>autem</strong></span> <span class='ocrx_word' id='word_1_503' title='bbox 3165 5154 3220 5197; x_wconf 90' lang='lat' dir='ltr'><strong>et</strong></span> <span class='ocrx_word' id='word_1_504' title='bbox 3249 5144 3471 5198; x_wconf 87' lang='lat' dir='ltr'><strong>stabiliti</strong></span> 
     </span>
    </p>
   </div>
   <div class='ocr_carea' id='block_1_65' title="bbox 1899 5230 3471 5304">
    <p class='ocr_par' dir='ltr' id='par_1_65' title="bbox 1899 5230 3471 5304">
     <span class='ocr_line' id='line_1_65' title="bbox 1899 5230 3471 5304; baseline 0.004 -21"><span class='ocrx_word' id='word_1_505' title='bbox 1899 5243 2088 5283; x_wconf 92' lang='lat' dir='ltr'><strong>eorum</strong></span> <span class='ocrx_word' id='word_1_506' title='bbox 2119 5230 2480 5287; x_wconf 85' lang='lat' dir='ltr'><strong>orationibus.</strong></span> <span class='ocrx_word' id='word_1_507' title='bbox 2512 5249 2532 5284; x_wconf 75' lang='grc' dir='ltr'>ι</span> <span class='ocrx_word' id='word_1_508' title='bbox 2570 5231 2920 5303; x_wconf 65' lang='lat' dir='ltr'><strong>Quaecunque</strong></span> <span class='ocrx_word' id='word_1_509' title='bbox 2955 5233 3099 5288; x_wconf 91' lang='lat' dir='ltr'><strong>enim</strong></span> <span class='ocrx_word' id='word_1_510' title='bbox 3148 5235 3299 5304; x_wconf 91' lang='lat' dir='ltr'><strong>prius</strong></span> <span class='ocrx_word' id='word_1_511' title='bbox 3328 5236 3471 5289; x_wconf 78' lang='lat' dir='ltr'><strong>scri-</strong></span> 
     </span>
    </p>
   </div>
   <div class='ocr_carea' id='block_1_66' title="bbox 1900 5322 3475 5395">
    <p class='ocr_par' dir='ltr' id='par_1_66' title="bbox 1900 5322 3475 5395">
     <span class='ocr_line' id='line_1_66' title="bbox 1900 5322 3475 5395; baseline 0.004 -22"><span class='ocrx_word' id='word_1_512' title='bbox 1900 5329 1992 5389; x_wconf 90' lang='lat' dir='ltr'><strong>pta</strong></span> <span class='ocrx_word' id='word_1_513' title='bbox 2023 5332 2167 5387; x_wconf 90' lang='lat' dir='ltr'><strong>sunt,</strong></span> <span class='ocrx_word' id='word_1_514' title='bbox 2215 5339 2235 5373; x_wconf 74' lang='grc' dir='ltr'><strong><em>ι</em></strong></span> <span class='ocrx_word' id='word_1_515' title='bbox 2268 5332 2325 5375; x_wconf 93' lang='lat' dir='ltr'><strong>ut</strong></span> <span class='ocrx_word' id='word_1_516' title='bbox 2351 5322 2487 5378; x_wconf 90' lang='lat' dir='ltr'><strong>dicit</strong></span> <span class='ocrx_word' id='word_1_517' title='bbox 2534 5324 2752 5379; x_wconf 85' lang='lat' dir='ltr'><strong>divinus</strong></span> <span class='ocrx_word' id='word_1_518' title='bbox 2778 5324 3000 5390; x_wconf 87' lang='lat' dir='ltr'><strong>Paulus,</strong></span> <span class='ocrx_word' id='word_1_519' title='bbox 3039 5346 3059 5379; x_wconf 73' lang='grc' dir='ltr'><strong><em>ι</em></strong></span> <span class='ocrx_word' id='word_1_520' title='bbox 3105 5326 3307 5395; x_wconf 90' lang='lat' dir='ltr'><strong>scripta</strong></span> <span class='ocrx_word' id='word_1_521' title='bbox 3347 5336 3475 5380; x_wconf 85' lang='lat' dir='ltr'><strong>sunt</strong></span> 
     </span>
    </p>
   </div>
   <div class='ocr_carea' id='block_1_67' title="bbox 1829 5413 3470 5488">
    <p class='ocr_par' dir='ltr' id='par_1_67' title="bbox 1829 5413 3470 5488">
     <span class='ocr_line' id='line_1_67' title="bbox 1829 5413 3470 5488; baseline 0.001 -18"><span class='ocrx_word' id='word_1_522' title='bbox 1829 5444 1843 5465; x_wconf 71' lang='grc' dir='ltr'>κ</span> <span class='ocrx_word' id='word_1_523' title='bbox 1900 5413 1970 5470; x_wconf 89' lang='lat' dir='ltr'><strong>ad</strong></span> <span class='ocrx_word' id='word_1_524' title='bbox 2032 5422 2269 5468; x_wconf 89' lang='lat' dir='ltr'><strong>nostram</strong></span> <span class='ocrx_word' id='word_1_525' title='bbox 2320 5415 2744 5470; x_wconf 87' lang='lat' dir='ltr'><strong>admonitionem</strong></span> <span class='ocrx_word' id='word_1_526' title='bbox 2773 5418 2812 5469; x_wconf 76' lang='grc' dir='ltr'><strong>ί.</strong></span> <span class='ocrx_word' id='word_1_527' title='bbox 2850 5435 2869 5468; x_wconf 72' lang='grc' dir='ltr'><strong><em>ι</em></strong></span> <span class='ocrx_word' id='word_1_528' title='bbox 2923 5416 3001 5471; x_wconf 89' lang='lat' dir='ltr'><strong>Eo</strong></span> <span class='ocrx_word' id='word_1_529' title='bbox 3033 5432 3160 5487; x_wconf 83' lang='lat' dir='ltr'><strong>ergo</strong></span> <span class='ocrx_word' id='word_1_530' title='bbox 3190 5417 3338 5482; x_wconf 88' lang='lat' dir='ltr'><strong>freti,</strong></span> <span class='ocrx_word' id='word_1_531' title='bbox 3378 5420 3470 5488; x_wconf 86' lang='lat' dir='ltr'><strong>qui</strong></span> 
     </span>
    </p>
   </div>
   <div class='ocr_carea' id='block_1_68' title="bbox 1903 5507 3473 5577">
    <p class='ocr_par' dir='ltr' id='par_1_68' title="bbox 1903 5507 3473 5577">
     <span class='ocr_line' id='line_1_68' title="bbox 1903 5507 3473 5577; baseline 0 -14"><span class='ocrx_word' id='word_1_532' title='bbox 1903 5508 2110 5563; x_wconf 77' lang='lat' dir='ltr'><strong>dixitzt</strong></span> <span class='ocrx_word' id='word_1_533' title='bbox 2143 5507 2314 5561; x_wconf 87' lang='lat' dir='ltr'><strong>Dilata</strong></span> <span class='ocrx_word' id='word_1_534' title='bbox 2344 5522 2407 5562; x_wconf 94' lang='lat' dir='ltr'><strong>os</strong></span> <span class='ocrx_word' id='word_1_535' title='bbox 2437 5517 2607 5571; x_wconf 87' lang='lat' dir='ltr'><strong>tuum,</strong></span> <span class='ocrx_word' id='word_1_536' title='bbox 2632 5518 2687 5562; x_wconf 91' lang='lat' dir='ltr'><strong>et</strong></span> <span class='ocrx_word' id='word_1_537' title='bbox 2716 5508 2949 5577; x_wconf 90' lang='lat' dir='ltr'><strong>implebo</strong></span> <span class='ocrx_word' id='word_1_538' title='bbox 2974 5508 3104 5565; x_wconf 88' lang='lat' dir='ltr'><strong>illud</strong></span> <span class='ocrx_word' id='word_1_539' title='bbox 3128 5510 3205 5575; x_wconf 76' lang='lat' dir='ltr'><strong>’,t</strong></span> <span class='ocrx_word' id='word_1_540' title='bbox 3236 5522 3473 5565; x_wconf 85' lang='lat' dir='ltr'><strong>conver-</strong></span> 
     </span>
    </p>
   </div>
   <div class='ocr_carea' id='block_1_69' title="bbox 1904 5599 2963 5669">
    <p class='ocr_par' dir='ltr' id='par_1_69' title="bbox 1904 5599 2963 5669">
     <span class='ocr_line' id='line_1_69' title="bbox 1904 5599 2963 5669; baseline -0.001 -15"><span class='ocrx_word' id='word_1_541' title='bbox 1904 5609 2084 5655; x_wconf 86' lang='lat' dir='ltr'><strong>tamur</strong></span> <span class='ocrx_word' id='word_1_542' title='bbox 2112 5599 2177 5655; x_wconf 89' lang='lat' dir='ltr'><strong>ad</strong></span> <span class='ocrx_word' id='word_1_543' title='bbox 2210 5599 2540 5669; x_wconf 88' lang='lat' dir='ltr'><strong>propositam</strong></span> <span class='ocrx_word' id='word_1_544' title='bbox 2576 5599 2963 5657; x_wconf 87' lang='lat' dir='ltr'><strong>narrationem.</strong></span> 
     </span>
    </p>
   </div>
  </div>
