4218 6482
762 485 902 549 1379

745 693 863 761 ejus
895 685 1101 756 imperii
1129 684 1229 754 (1),
1256 682 1356 736 fuit
1387 682 1469 735 vir
1493 679 1712 751 quidam
1745 676 1964 732 nomine
1995 675 2318 736 Auxentius,

746 784 838 851 qui
874 786 992 834 erat
1035 777 1235 831 relatus
1269 775 1318 827 iii
1365 789 1648 827 numerum
1670 781 1880 840 quarta:
1916 768 2116 822 scholae
2139 767 2322 820 fortis-

749 877 1009 930 simorum
1045 883 1099 924 et
1137 867 1336 923 Christi
1394 867 1692 920 amantium
1726 861 2058 916 scholarium
2094 858 2170 930 (2)
2207 875 2221 911 τ
2253 873 2320 912 ex

747 979 945 1034 genere
977 963 1191 1030 quidem
1252 957 1530 1021 orientali,
1564 956 1616 1009 in
1653 955 1851 1022 pietate
1881 960 2060 1006 autem
2096 959 2150 1005 et
2175 949 2318 1003 omni

745 1057 1055 1111 Christiana
1083 1055 1330 1107 doctrina
1362 1052 1630 1112 eruditus,
1664 1048 1938 1117 roburque
1989 1045 2236 1115 corporis
2269 1051 2323 1098 et

747 1149 1117 1203 fortitudinem
1194 1148 1247 1200 in
1310 1146 1423 1214 ipsa
1477 1145 1649 1197 forma
1701 1152 1944 1212 gestans,
2000 1152 2323 1208 morumque

745 1243 1068 1296 modestiam
1102 1250 1154 1293 et
1187 1243 1439 1290 virtutem
1473 1250 1672 1304 gerens
1709 1235 1761 1288 in
1789 1235 1995 1296 animo,
2018 1232 2324 1301 dogmaquc

744 1337 950 1392 habens
977 1350 1166 1389 sanum
1207 1332 1257 1383 iit
1296 1331 1399 1384 fide
1447 1330 1769 1398 apostolica,
1796 1336 1850 1380 ct
1883 1325 2178 1396 plurimum
2205 1333 2325 1378 stu-
2361 1400 2364 1404 ί

744 1432 889 1482 dium
921 1430 970 1480 in
1023 1426 1367 1497 generalibus
1416 1423 1614 1493 vigiliis
1645 1419 2144 1490 pernoctationuin.
2184 1415 2325 1483 Quo-

748 1523 891 1574 niam
930 1533 1059 1572 vero
1093 1533 1212 1587 quze
1249 1529 1376 1569 ante
1407 1517 1520 1568 haec
1558 1513 1626 1566 ab
1659 1525 1724 1565 eo
1753 1512 1897 1566 facta
1926 1520 2072 1574 sunt,
2109 1525 2207 1564 nos
2245 1511 2322 1562 la-

747 1620 988 1670 tuerunt,
1017 1609 1084 1660 ab
1121 1609 1222 1660 hoc
1262 1606 1614 1658 fundamento
1647 1601 1864 1656 initium
1904 1603 2169 1654 ducamus
2197 1614 2322 1652 ora-

748 1704 934 1756 tionis.
966 1700 1063 1755 Hic
1091 1715 1218 1768 ergo
1245 1709 1466 1750 sanctus
1502 1707 1555 1749 et
1604 1697 1821 1750 divinus
1878 1695 1962 1748 vir
2018 1693 2323 1746 Auxentius

749 1794 980 1844 habebat
1043 1800 1298 1858 patruum
1359 1787 1602 1855 Byzantii
1669 1786 1722 1838 in
1767 1783 2014 1838 militiam
2073 1783 2322 1846 reEatum,

748 1893 1024 1954 optionem
1088 1883 1318 1935 numeri.
1353 1882 1522 1945 Quem
1560 1879 1846 1947 requirens
1876 1891 1997 1928 cum
2037 1875 2323 1928 ascendis-

1928 474 2209 536 ΜΕΝὸῐὸ
2253 472 2773 533 FEBRUARIUS.

815 601 884 652 11.
926 597 1189 663 Tempore
1253 589 1541 645 Theodosii
1597 587 1858 651 Junioris,
1916 583 2111 639 XXXV
2177 598 2321 638 anno
2355 589 2395 641 Λ

2497 582 2572 639 B'.
2611 585 2699 637 Ἐν
2729 587 2838 648 τοῖς
2877 587 3084 655 καιροῖς
3118 586 3401 642 Θεοδοσίου
3445 586 3540 640 τοῦ
3578 589 3737 653 Νέου,
3773 591 3932 654 ἔτους
3962 594 4021 645 δὲ

2429 672 2756 740 τριακοστού
2790 674 3064 742 πέμπτον,
3093 675 3374 747 ἀνεδείχθη
3430 695 3512 740 τις
3565 678 3854 742 Αὐξέντιος
3896 679 4021 734 ὀνό-

2433 777 2564 828 ματι
2592 761 2649 813 ἐν
2669 765 2737 832 τῇ
2761 764 2996 833 τετάρτῃ
3026 763 3188 834 σχολῇ
3243 767 3680 837 καταλεγόμενος
3717 771 3828 823 τῶν
3890 788 4023 840 γεν-

2430 851 2730 905 ναιοτάτων
2780 855 2873 906 καὶ
2931 855 3293 926 φιλοχρίστων
3346 859 3669 933 ιερλσρίων,
3721 863 3784 913 ἐκ
3818 863 4023 928 γένους

2433 944 2533 1013 μὲν
2570 945 2678 998 τῶν
2726 948 2823 1016 ἀφ’
2852 946 3002 1017 ἡλίου
3034 948 3330 1015 ἀνατολῶν,
3364 951 3617 1022 εὐσεϐείᾳ
3639 953 3694 1007 δὲ
3729 957 3820 1006 καὶ
3860 956 4022 1027 πάσῃ

2431 1039 2796 1110 Χριστιανικῇ
2829 1038 3047 1110 παιδείᾳ
3086 1042 3407 1111 ἡγούμενος,
3443 1042 3635 1114 ῥώμην
3669 1062 3727 1097 τε
3759 1045 4022 1114 σώματνς

2431 1128 2524 1180 καὶ
2551 1129 2802 1198 ἀνδρείαν
2858 1131 3040 1200 φέρων
3071 1133 3130 1184 ἐν
3174 1133 3252 1204 τῷ
3282 1133 3412 1187 εῖδει
3435 1152 3448 1164 ·
3481 1137 3574 1188 καὶ
3609 1132 3737 1207 ἦθος
3769 1139 4018 1200 ἐπιεικὲς

2431 1219 2525 1270 καλ⁸
2567 1220 2775 1291 σφόδρα
2825 1222 3080 1291 ἐνάρετον
3111 1225 3170 1277 ὲν
3203 1227 3268 1292 τῇ
3304 1225 3717 1296 γνώμῃ,δόγμα
3746 1229 3800 1280 δὲ
3859 1229 4020 1294 ὑγιὲς

2432 1313 2768 1381 κεκτημένος
2796 1314 2854 1365 ὲν
2887 1318 2954 1384 τῇ
2977 1315 3311 1386 ἀποστολικῇ
3363 1318 3564 1382 πίστει,
3597 1321 3692 1373 καὶ
3749 1321 4020 1391 πλείστην

2433 1405 2671 1470 σπουδὴν
2718 1405 2776 1458 ὲν
2807 1409 2928 1470 ταῖς
2986 1408 3303 1471 καθολικαίς
3332 1412 3439 1462 τῶν
3473 1412 3812 1482 παννυχίδων
3841 1416 4021 1484 ἀτρυ-

2433 1498 2631 1559 πνίαις.
2668 1498 2819 1550 Ἐπεὶ
2845 1498 2938 1551 οὐν
2978 1501 3047 1552 τὰ
3094 1503 3498 1574 προγενέστερα
3547 1503 3711 1556 αὐτοῦ
3757 1506 4017 1574 δράματα

2433 1587 2654 1656 λέληθεν
2687 1590 2853 1659 ἡμᾶς,
2880 1591 2989 1642 ἀπὸ
3024 1593 3229 1661 ταύτης
3286 1593 3382 1662 τῆς
3440 1594 3745 1657 ὑποθέσεως
3801 1602 4019 1664 ποιησνὲ-

2434 1676 2576 1747 μεθα
2609 1679 2700 1732 τὸν
2735 1679 2912 1745 λόγον.
2944 1673 3114 1742 Οὗτος
3143 1683 3168 1733 ὁ
3196 1682 3336 1750 ἀνὴρ
3386 1680 3509 1750 ἔσχε
3541 1684 3682 1734 θεῖον
3715 1686 3792 1736 sl:
3821 1685 3882 1735 τὸ
3911 1685 4018 1735 Βδ-

2433 1768 2647 1831 ζάντιον
2672 1770 2731 1822 ὲν
2759 1772 3017 1841 στρατείᾳ
3049 1773 3485 1842 καταλεγόμενον
3526 1775 3748 1827 ὀπτίονα
3789 1776 3899 1828 No;-
3913 1777 4015 1845 μὲ-

2437 1879 2551 1928 ρου,
2579 1862 2639 1914 δν
2671 1863 2947 1932 ἐπιζητῶν
2971 1865 3177 1928 ἀναϐὰς
3205 1867 3313 1919 ἀπὸ
3337 1866 3562 1934 Συρίας,
3593 1869 3682 1920 καὶ
3710 1869 3784 1936 μὴ
3811 1869 4016 1937 εὑρὼν,

749 1990 829 2031 set
887 1992 951 2029 ex
1008 1975 1185 2044 Syria.
1229 1985 1284 2028 et
1339 1988 1445 2026 non
1497 1971 2130 2037 invenisset,propterca
2186 1948 2364 2035 quodj

2431 1952 2516 2006 διὰ
2545 1953 2606 2005 τὺ
2656 1955 3214 2027 προτετελευτηκέναι
3265 1959 3668 2028 ἐστρατεύσατο
3700 1961 4013 2030 alcidem;

749 2071 897 2137 prius
940 2070 1320 2128 discessisset,
1379 2065 1632 2117 militavit
1687 2062 1976 2116 scholaris.
2017 2059 2151 2115 Cum
2199 2074 2329 2130 ergo

749 2175 893 2215 0:881
923 2162 975 2214 in
1008 2162 1252 2213 exercitu
1303 2159 1556 2228 insignis,
1590 2157 1905 2223 frequenter
1941 2156 2106 2208 etiam
2143 2168 2328 2206 versa-

753 2257 911 2306 batur
975 2267 1096 2304 cum
1130 2251 1196 2303 iis
1235 2264 1464 2318 quorum
1519 2247 1899 2302 celebrabatur
1923 2246 2244 2299 exercitatio
2274 2253 2328 2298 et

753 2347 925 2396 virtus
959 2361 970 2395 :
1001 2344 1237 2396 maxime
1265 2353 1445 2393 autem
1471 2355 1590 2392 cum
1624 2343 1855 2407 quodam
1893 2337 2103 2392 Joanne
2142 2353 2329 2390 mona-

747 2438 869 2494 cho.
890 2439 978 2503 qni
1003 2450 1166 2504 prope
1182 2433 1515 2487 Hebdoutum
1543 2433 1616 2499 (5)
1638 2433 1818 2485 Stabat
1837 2431 1888 2482 in
1914 2431 2083 2483 Clnbo
2109 2430 2206 2498 (4).
2235 2445 2328 2483 cu-

744 2529 832 2596 jus
851 2529 1015 2580 ctiatn
1041 2527 1284 2595 vestigiis
1312 2525 1614 2589 insistebat,
1647 2536 1900 2592 tanquam
1930 2523 2080 2575 miles
2101 2520 2324 2584 Christi,

750 2619 907 2672 simul
939 2634 1058 2672 cum
1092 2618 1354 2687 quodam,
1389 2617 1478 2684 qui
1507 2616 1804 2668 vocabatur
1835 2613 2012 2678 Setas,
2034 2614 2149 2665 viro
2180 2613 2326 2666 muni

751 2729 816 2765 ex
855 2721 1006 2780 parte
1039 2711 1284 2771 hoaesto,
1318 2718 1371 2762 et
1410 2706 1707 2771 Marciano,
1733 2705 1821 2772 qui
1855 2716 1983 2758 tunc
2012 2712 2132 2756 erat
2161 2702 2330 2756 laicus

753 2809 915 2852 si-ctze
976 2799 1426 2857 Novatianorum,
1479 2797 1619 2848 haud
1651 2797 1722 2848 ita
1753 2793 1919 2847 tnulto
1951 2802 2072 2859 post
2100 2805 2327 2844 mortem

756 2894 943 2944 nuitus
974 2890 1077 2942 fuit
1112 2888 1367 2943 Ecelesia:
1400 2887 1712 2951 Catholicae,
1751 2896 1805 2938 et
1840 2884 2016 2938 factus
2047 2883 2147 2937 fuit
2183 2898 2331 2937 (Βιθ-

755 2997 947 3036 n0nius
974 2981 1330 3034 sanctissimae
1365 2979 1567 3048 Magna:
1608 2979 1851 3032 ecclesiae
1876 2978 2327 3044 Constantinopo-

755 3075 932 3126 litana:
963 3089 976 3136 ;
1006 3083 1055 3124 et
1088 3072 1344 3124 Anthimo
1379 3072 1492 3122 viro
1551 3084 1744 3137 magno
1795 3079 1848 3122 et
1893 3067 2204 3120 admirabili
2237 3067 2328 3134 qui

757 3176 883 3218 tunc
905 3175 1022 3217 erat
1050 3165 1367 3216 ordinarius
1397 3163 1638 3215 deeanus
1680 3161 1845 3214 divini
1894 3161 2101 3229 palatii,
2135 3159 2331 3212 deinde

755 3259 933 3311 factus
981 3257 1082 3308 fuit
1135 3258 1417 3318 diaconus,
1482 3263 1535 3306 et
1582 3264 1764 3323 postea
1812 3253 1973 3306 etiam
2031 3253 2329 3320 presbyter,

754 3349 846 3416 qui
887 3359 1047 3401 etiam
1084 3359 1199 3416 post
1227 3347 1509 3400 decessum
1534 3360 1719 3398 eorum
1744 3346 1832 3412 qui
1864 3345 2011 3411 prius
2040 3343 2164 3394 dicti
2186 3357 2283 3394 sou
2313 3382 2327 3403 ,

755 3441 989 3501 ornavit,
1023 3449 1079 3491 et
1133 3454 1255 3492 cum
1291 3437 1476 3490 laztitia
1515 3437 1566 3488 in
1603 3437 1816 3503 hymnis
1851 3446 1904 3487 et
1935 3434 2184 3494 canticis,
2237 3447 2331 3498 per

756 3533 955 3584 choros
1025 3531 1265 3582 virorum
1303 3539 1355 3582 ct
1415 3529 1724 3588 mulierum,
1758 3526 2055 3579 celebravit
2109 3525 2329 3578 easdem

758 3623 1216 3690 pernoctationes,
1247 3621 1446 3689 quibus
1473 3620 1748 3672 assidebat
1792 3618 1982 3671 beatus
2007 3618 2328 3670 Auxentius.

764 3714 830 3767 lli
869 3713 1156 3779 plurimum
1185 3719 1363 3764 autem
1391 3709 1551 3762 ambo
1586 3708 1744 3762 simul
1784 3709 2254 3776 congregabantur
2279 3708 2328 3759 in

760 3806 961 3858 Sancta
1002 3804 1177 3866 lrene,
1207 3816 1325 3870 qua!
1347 3803 1448 3854 sita
1481 3810 1565 3854 est
1594 3800 1659 3854 ad
1698 3815 1868 3862 mare,
1896 3799 2041 3852 humi
2068 3803 2331 3852 cubantes

757 3905 812 3948 et
873 3894 1175 3962 vigilantes,
1233 3903 1288 3945 et
1319 3891 1497 3945 fontes
1547 3891 1905 3961 lacryntaruni
1963 3888 2328 3952 ethtndetttes,

758 3996 1170 4055 perseverantes
1198 3986 1250 4036 in
1275 3984 1496 4051 jejuuiis
1527 3992 1580 4034 et
1610 3980 1972 4033 orationibus.

829 4077 915 4130 lli.
945 4077 1081 4130 Cum
1114 4091 1242 4145 ergo
1289 4076 1519 4142 quodam
1574 4074 1658 4126 die
1698 4087 1818 4124 cum
1873 4072 1952 4124 eis
2008 4071 2248 4125 venisset
2279 4071 2330 4124 in

760 4186 920 4221 unam
947 4166 1450 4235 congregationem,
1481 4175 1770 4231 antequam
1833 4164 2095 4230 inciperet
2130 4163 2332 4231 glorifi-

759 4263 1048 4323 cationeni,
1082 4272 1242 4313 noctu
1278 4260 1365 4312 siti
1392 4274 1516 4311 eum
1568 4267 1819 4320 vexantc,
1853 4271 2046 4322 aquam
2082 4256 2234 4322 petiit
2266 4259 2333 4308 ab

761 4366 867 4402 uno
932 4365 994 4402 ex
1058 4349 1372 4402 ministris:
1419 4349 1508 4416 qui
1573 4361 1796 4401 currens
1857 4347 1907 4399 iit
1969 4347 2330 4410 diaconieum,

759 4443 891 4494 dicit
922 4456 1228 4506 u-conomo,
1261 4439 1539 4494 dominum
1583 4439 1910 4491 Auxentium
1948 4453 2068 4492 cum
2111 4439 2333 4507 reliquis

761 4535 892 4583 viris
926 4531 1082 4582 bonis
1115 4543 1298 4598 petere
1329 4539 1533 4595 potum.
1567 4525 1759 4581 Jussus
1790 4542 1917 4594 ergo
1954 4529 2005 4579 in
2041 4543 2168 4581 vase
2195 4537 2332 4580 tem-

2431 2045 2760 2115 Διαπρέπων
2793 2045 2870 2098 ὢν
2892 2049 2950 2099 ὲν
2982 2051 3048 2118 τῇ
3082 2050 3341 2119 στρατεία
3371 2051 3462 2102 καὶ
3514 2054 3625 2112 τοῖς
3680 2053 3738 2104 ὲν
3777 2054 4010 2122 ἀσκξσει

2430 2140 2525 2190 καὶ
2559 2140 2727 2209 ἀρετῇ
2802 2140 3147 2211 περιϐοήτοις
3205 2141 3522 2210 ἐσύχναζεν,
3575 2145 3871 2212 ἐξαιρέτως
3911 2148 4018 2214 μά-

2430 2229 2586 2282 λιστα
2632 2233 2852 2304 Ἰωάννῃ
2901 2235 3007 2285 τινὶ
3055 2236 3292 2303 μοναχῷ,
3334 2237 3563 2303 πλησίον
3598 2237 3691 2290 τοῦ
3742 2239 4018 2309 Ἐϐδὸμου

2429 2322 2626 2374 ἑστῶτι
2657 2325 2715 2374 ὲν
2747 2323 2997 2394 Κλουϐᾠ,
3027 2321 3088 2379 οὗ
3118 2329 3239 2379 κατ’
3290 2329 3435 2395 ἴχνος
3496 2328 3742 2382 ὲϐἁδισεν
3774 2333 3802 2383 ὁ
3848 2348 4018 2402 στρα-

2427 2417 2626 2483 τιώτης
2658 2417 2750 2469 τοῦ
2777 2418 3037 2488 Χριστοῦ.
3075 2418 3228 2486 ’Ἅμα
3253 2416 3347 2472 οὗν
3381 2422 3509 2474 Σιτᾶ
3531 2441 3634 2474 τινι
3658 2424 3802 2476 οὕτω
3839 2442 3985 2492 προσ
4005 2458 4017 2465 -

2429 2511 2833 2578 αγορευομένῳ,
2871 2510 3027 2580 ἀνδρὶ
3069 2514 3363 2581 πανσέμνῳ
3385 2514 3449 2566 τὰ
3481 2516 3681 2576 πάντα,
3728 2520 3824 2568 καὶ
3861 2519 4020 2586 Μαρ-

2431 2599 2605 2668 κιανῲ
2634 2598 2716 2668 τῷ
2743 2601 3045 2668 τηνικαῦτα
3074 2602 3245 2669 λαῖκῷ
3277 2605 3388 2656 ὄντι
3421 2605 3517 2672 τῆς
3551 2606 3660 2658 τῶν
3691 2608 4020 2661 Ναυτιανιῖιν

2433 2694 2752 2762 θρησκείας,
2783 2694 2899 2762 μετ’
2919 2696 2979 2746 οὐ
3017 2696 3152 2748 πολὺ
3183 2696 3240 2748 δὲ
3280 2702 3345 2765 τῇ
3379 2699 3642 2770 καθολικῇ
3670 2706 3854 2755 πίστει
3884 2707 4021 2756 ἐνω-

2432 2785 2575 2837 θέντι
2623 2785 2717 2837 καὶ
2753 2786 2851 2853 τὴν
2897 2788 3212 2855 οἰκονομίαν
3255 2789 3353 2853 τῆς
3407 2791 3717 2860 ἁγιωτάτης
3756 2795 4021 2860 Μεγάλης

2433 2877 2725 2945 ἐκκλησίας
2768 2878 3393 2942 Κωνσταντινουπόλεως
3438 2883 3884 2950 ἐμπιστευθέντι,
3922 2889 4020 2939 καὶ

2445 2967 2684 3036 Ἀνθίμῳ
2705 2966 2779 3035 τῷ
2805 2967 3024 3036 μεγάλῳ
3047 2969 3141 3020 καὶ
3164 2970 3462 3038 θαυμαστῷ
3484 2973 3640 3042 ἀνδρὶ
3662 2976 3782 3026 τότε
3805 2976 4022 3047 δεκάνῳ

2432 3059 2543 3111 ὐντι
2579 3062 2634 3112 ἐν
2661 3060 2856 3129 ὀρδίνῳ
2882 3062 2974 3112 τοῦ
2996 3060 3142 3114 θείου
3166 3063 3450 3129 παλατίου,
3474 3067 3663 3119 ἔπειτα
3694 3068 3749 3120 δὲ
3782 3069 4020 3138 διακόνῳ

2433 3154 2699 3220 γεγονότι,
2743 3151 2928 3205 λοιπὸν
2948 3155 3005 3207 δὲ
3033 3158 3127 3208 καὶ
3158 3157 3540 3226 πρεσϐυτέρῳ,
3598 3159 3676 3226 τῷ
3706 3163 3802 3212 καὶ
3851 3179 4020 3216 κατα-

2435 3245 2773 3314 κοσμήσαντι
2796 3245 2935 3314 μετὰ
2960 3247 3060 3317 τὴν
3087 3249 3421 3317 μετάστασιν
3447 3250 3554 3301 τῶν
3573 3267 3802 3321 προειρη
3814 3256 4016 3322 μένων,

2434 3339 2527 3389 καὶ
2561 3338 2913 3408 φαιδρύναντι
2943 3344 3000 3393 ἐν
3029 3343 3146 3404 ταῖς
3170 3343 3469 3412 ὑμνῳδίαις
3491 3345 3578 3397 δια
3605 3347 3780 3414 χορῶν
3805 3348 4018 3417 ἀνδρῶν

2433 3443 2491 3477 τε
2551 3429 2643 3479 καὶ
2678 3431 2954 3495 γυναικῶν
3004 3432 3103 3493 τὰς
3136 3433 3306 3495 αὐτὰς
3342 3435 3673 3502 παννυχίδας
3710 3431 3798 3497 αἷς
3845 3453 4019 3506 προσ-

2432 3519 2664 3587 ήδρυσεν
2721 3523 2749 3573 ὁ
2807 3523 3079 3590 μακάριος
3134 3523 3448 3588 Αὐξέντιος.
3509 3526 3591 3578 Τὰ
3624 3527 3678 3579 δὲ
3705 3527 3936 3579 πλεῖστα
3969 3531 4017 3580 ct

2432 3611 2732 3678 ἀμφότεροι
2778 3615 2834 3665 ὲν
2893 3617 2958 3683 τῇ
2999 3614 3155 3685 Ἀγίᾳ
3196 3615 3400 3685 Εἰρήνῃ
3454 3620 3519 3686 τῇ
3557 3620 3706 3687 παρὰ
3739 3618 4019 3673 θάλασσαν

2433 3701 2529 3753 ἐπὶ
2554 3703 2612 3753 τὸ
2638 3702 2768 3754 αὐτὸ
2797 3705 3217 3774 συνηθροίζοντο
3251 3707 3654 3776 χαμευνούντες
3696 3712 3791 3762 καὶ
3844 3714 4019 3780 eyes.

2435 3794 2716 3860 πνοῦντες,
2781 3795 3034 3868 δακρύων
3081 3799 3262 3867 πηγὰς
3294 3801 3598 3869 ἐκχέοντες,
3647 3804 3704 3854 ἐν
3736 3806 4016 3871 νηστείαις

2435 3891 2527 3940 καὶ
2558 3889 2742 3958 εὐχαῖς
2771 3889 3168 3955 διατελοῦντες.

2507 4060 2578 4114 Γ.
2611 4061 2828 4124 Φθασας
2852 4063 3032 4115 τοίνυν
3065 4066 3160 4117 σὺν
3181 4065 3363 4129 αὐτοῖς
3386 4070 3442 4118 ἐν
3472 4071 3570 4138 μιᾷ
3600 4070 3707 4122 τῶν
3741 4074 4017 4138 συνάξεων

2437 4152 2543 4216 προ
2584 4151 2676 4203 τοῦ
2727 4154 3104 4222 κατάρξασθαι
3137 4157 3237 4224 τῆς
3274 4159 3600 4226 δοξολογίας,
3635 4167 3688 4214 ὲν
3729 4169 3793 4234 τῇ
3833 4167 4017 4218 διανη-

2436 4242 2716 4311 κτερεύσει
2747 4243 2906 4312 δίψης
2951 4246 3102 4315 αὐτῷ
3167 4249 3634 4319 παρενοχλούσης,
3681 4255 3884 4323 ᾔτησεν
3927 4261 4016 4311 εὖ·

2437 4353 2636 4404 κρατον
2659 4337 2789 4406 παρ’
2814 4336 2929 4398 ἑνὸς
2969 4338 3076 4389 τῶν
3133 4340 3444 4409 ὑπηρετῶν.
3487 4345 3545 4396 Ὀ
3597 4345 3652 4397 δὲ
3700 4349 4015 4420 είσδραμὼν

2437 4430 2496 4480 ὲν
2544 4429 2622 4497 τῷ
2675 4430 2969 4497 διακονικῷ
3026 4431 3103 4495 τῷ
3151 4436 3419 4504 οἰκονόμῳ
3470 4441 3673 4506 φησίν.
3727 4443 3819 4493 τὸν
3854 4447 4014 4515 κύριν

2437 4523 2724 4586 Αὐξέντιον
2756 4526 2852 4573 σὺν
2886 4525 2999 4584 τοῖς
3025 4523 3229 4586 λοιποῖς
3267 4527 3575 4588 σπουδαίοις
3618 4532 3772 4600 πόμα
3811 4538 4012 4590 αἰτεῖν,

761 4635 949 4688 perure
980 4623 1166 4674 vinum
1202 4619 1617 4682 benedictionis,
1659 4620 1726 4670 ad
1773 4632 1894 4670 eum
1938 4617 2141 4670 attulit.
2169 4618 2326 4672 Post-

2452 4614 2804 4684 Ἐπιτραπεὶς
2853 4614 2945 4667 οὖν
2997 4617 3097 4684 τῆς
3157 4618 3411 4685 εὐλογίας
3463 4615 3606 4674 οἶνον
3644 4629 4014 4696 συνεκέρασεν

758 4727 919 4780 quam
987 4722 1165 4765 autem
1229 4711 1278 4764 id
1314 4712 1524 4779 accepit
1578 4710 1953 4776 magnanimus
2005 4709 2331 4776 Auxentius,

759 4807 838 4858 ori
868 4804 1167 4859 admovens
1205 4802 1393 4857 refecit
1430 4802 1734 4855 naturalem
1757 4802 1876 4855 sitis
1906 4803 2284 4854 necessitatem
2318 4819 2331 4855 :

758 4904 812 4949 et
843 4897 920 4948 sic
975 4897 1123 4962 prius
1155 4894 1300 4946 dicto
1319 4895 1406 4961 pio
1438 4891 1742 4952 Marciano,
1778 4891 1868 4957 qui
1925 4892 2181 4954 petierat,
2216 4890 2335 4943 reli-

757 5008 920 5059 quum
954 4991 1195 5044 tradidit.
1230 4989 1323 5042 Ille
1364 5003 1491 5042 vero
1520 5002 1640 5041 cum
1689 4987 1860 5040 labris
1897 4986 2248 5048 admovisset,
2281 4996 2334 5040 et

757 5085 1017 5136 sensiSset
1045 5097 1162 5135 esse
1193 5085 1397 5144 vinum,
1425 5095 1566 5149 aegre
1600 5079 1801 5142 ferens,
1828 5080 1969 5145 quod
2009 5088 2200 5146 praeter
2221 5092 2331 5130 mo-

760 5191 872 5225 rcltt
911 5177 1033 5228 talis
1071 5186 1230 5242 potus
1277 5184 1424 5228 esset
1478 5173 1557 5225 eis
1588 5171 1806 5230 ailatus.
1845 5171 2094 5239 proximo
2147 5183 2329 5223 vocem

757 5267 976 5317 emisit:
1015 5265 1207 5318 \‘inuin
1241 5275 1345 5323 est.
1390 5279 1421 5316 o
1470 5262 1657 5318 frater.
1694 5263 2025 5318 Memoratus
2068 5272 2246 5316 autem
2283 5263 2330 5315 ei

759 5358 889 5408 dicit
932 5357 1231 5412 Auxentius
1273 5375 1286 5409 ι
1326 5354 1402 5412 Ne
1425 5371 1569 5427 πει-ε
1597 5357 1761 5419 feras,
1789 5357 1984 5423 inquit,
2013 5356 2103 5410 Dei
2141 5359 2278 5409 dona
2313 5371 2326 5418 ;

833 5539 906 5608 (ι)
939 5543 1040 5594 An.
1068 5541 1198 5595 Chr.
1229 5539 1351 5606 “2,
1386 5541 1520 5596 Nam
1557 5541 1794 5596 Arcadio
1841 5544 1983 5611 patri
2042 5556 2183 5597 anno
2223 5540 2327 5594 408

761 5623 1046 5664 SUCt'CaSIl.

840 5680 916 5744 ('2)
960 5681 1226 5736 Scholarii
1289 5698 1352 5735 ex
1413 5683 1617 5736 militia:
1655 5685 1844 5751 peritis
1902 5683 2333 5748 exercitatisque

761 5753 967 5821 praemii
1007 5756 1122 5804 loco
1156 5754 1304 5820 seligi
1333 5752 1601 5814 solebant,
1635 5754 1766 5805 utin
1807 5753 1924 5804 aula
1963 5761 2332 5814 versarentur,

762 5835 925 5890 atque
956 5823 1333 5888 imperatorem
1367 5825 1418 5875 iit
1457 5824 1729 5889 publicum
1775 5825 2128 5889 prodeuntem
2162 5822 2332 5874 conti-

765 5906 1025 5956 terentur,
1067 5912 1094 5944 a
1139 5892 1409 5945 Gordiano
1437 5892 1658 5948 .Iuniore
1700 5909 1802 5946 una
1864 5909 1983 5946 eum
2017 5893 2338 5944 (landidatis

2443 4705 2628 4757 σκεύει
2657 4709 2750 4758 καὶ
2783 4708 3095 4776 ἀπήγαγεν.
3143 4708 3228 4770 Ὠς
3256 4709 3310 4760 δὲ
3345 4711 3564 4774 ἐδέξατο
3594 4717 3620 4766 ὁ
3652 4720 4014 4788 μεγαλόφρων

2441 4797 2752 4862 Αὐξέντιος,
2791 4799 2867 4868 τῷ
2896 4799 3122 4866 στόματι
3158 4803 3543 4870 προσαγαγὼν,
3577 4808 3674 4874 τὴν
3699 4809 3763 4860 ἐκ
3794 4813 4012 4876 φύσεως

2443 4891 2539 4957 τῆς
2573 4889 2731 4957 δίψης
2768 4890 3014 4958 ἀνάγκην
3048 4889 3235 4942 ἰάσατο
3259 4908 3270 4920 ·
3314 4898 3408 4945 καί
3452 4893 3625 4958 οὕτως
3663 4899 3738 4966 τῷ
3766 4906 4012 4972 προῤῥτπ

2443 4979 2586 5032 θέντι
2615 4981 2850 5049 θεοφιλεῖ
2874 4983 3176 5054 Μαρκιανῴ
3204 4987 3491 5054 αἰτήσαντι
3523 4990 3582 5041 τὸ
3611 4990 3800 5045 λοιπὸν
3829 4997 4009 5048 ἐπιδί-

2441 5073 2632 5124 δωκεν.
2688 5073 2746 5124 Ὀ
2768 5074 2823 5125 δὲ
2853 5075 3221 5142 προσαγαγὼν
3254 5081 3369 5142 τοῖς
3401 5081 3603 5148 χείλεσι
3630 5087 3723 5137 καὶ
3751 5087 4014 5154 αἰσθομέ-

2442 5182 2527 5228 νος
2594 5161 2736 5217 οἶνον
2785 5161 2923 5219 εἶναι
2953 5209 2968 5233 ,
3029 5171 3442 5240 ἀγανακτήσας,
3478 5177 3559 5227 ὅτι
3611 5179 3760 5245 παρὰ
3792 5181 3853 5232 τὸ
3896 5185 4013 5243 ἔθος

2441 5258 2681 5310 τοιοῦτον
2713 5261 2895 5319 αὐτοῖς
2935 5264 3280 5334 προσηνέχθη
3334 5267 3520 5330 ποτίν,
3552 5273 3734 5338 φωνὴν
3800 5273 4013 5342 ἀεξῆκεν

2442 5348 2516 5417 τῷ
2547 5349 2774 5419 πλησίον
2797 5366 2810 5380 ο
2839 5349 2994 5414 Οίνός
3019 5355 3185 5419 ἔστιν,
3213 5356 3429 5424 ἀδελφέ.
3462 5359 3565 5410 Καὶ
3588 5359 3650 5429 δὴ
3687 5364 3818 5430 πρὸ,
3851 5369 4012 5418 eam

2432 5551 2485 5593 et
2519 5537 2930 5611 Protectoribus
2962 5542 3196 5611 primum
3236 5546 3488 5600 instituti.

2509 5611 2585 5680 (5)
2630 5611 2702 5663 De
2728 5610 3009 5686 Hebdomo
3034 5617 3291 5668 subnrhio
3323 5620 3893 5686 (.‘oustautinonoleos,
3923 5625 4010 5678 ubi

2436 5679 2772 5759 Theodosius
2832 5681 3055 5761 Magnus
3111 5686 3463 5761 tentplunrs.
3499 5679 3721 5744 Joannis
3755 5679 4009 5761 Baptista:

2435 5754 2735 5831 exstruxit,
2771 5755 2882 5831 agit
2908 5753 3101 5808 Gillius
3136 5755 3230 5808 lib.
3258 5772 3307 5810 tv
3349 5755 3726 5828 TOpogmphia'
3749 5753 4010 5818 Cor-uta..-

2444 5822 2634 5882 tinop.,
2669 5837 2789 5888 cap.
2825 5821 2877 5876 4.

2519 5890 2596 5955 (ii
2627 5894 2896 5962 Sigillum,
2931 5907 3079 5962 ρριίι,
3115 5893 3231 5949 ινιςιυ
3273 5907 3430 5951 tttttn.
