4218 6482
229 407 261 469 1
274 406 377 473 381

1516 409 1690 468 HTA
1728 408 1786 468 S.
1834 406 2238 476 AUXENTIL

3372 420 3510 487 1389

235 526 264 574 ὁ
305 520 736 590 μνημονευθείς·
801 522 893 592 Μὴ
947 520 1294 592 δυσχέραινε,
1344 523 1529 593 φησὶν,
1587 524 1681 577 ἰπὶ
1712 525 1823 586 ταῖς

1941 539 2063 579 nam
2099 540 2201 581 nos
2252 524 2469 595 quidem
2527 539 2722 596 aquam
2759 527 3030 598 petinuus.
3066 529 3159 584 Sin
3191 544 3372 587 autem
3408 536 3511 588 llo.

238 612 339 664 τοῦ
405 610 542 665 Θεοῦ
609 611 859 682 δωρεαῖς.
910 612 1097 681 Ἡμεῖς
1136 613 1236 682 μὲν
1280 612 1389 685 γὰρ
1427 612 1577 683 ὕδωρ
1615 616 1822 685 ᾐτήσα-

243 714 367 765 μεν,
392 699 439 749 εἰ
457 697 511 750 δὲ
536 702 562 750 ὀ
580 699 861 768 Δεσπότης
893 694 1034 751 οἶνον
1056 702 1476 771 ἀντιπαρέσχεν,
1500 703 1825 773 εὐχαριστη-

246 804 433 857 σωμεν
461 791 554 842 καὶ
582 791 657 859 μὴ
676 793 1155 863 ἀγανακτήσωμεν
1179 812 1188 823 ·
1226 797 1318 847 καὶ
1343 797 1451 865 γάρ
1471 797 1527 848 ἐν
1559 798 1633 866 τῷ
1665 799 1825 866 γάμῳ

238 878 529 947 lsi-lpum;
591 882 735 934 οἴνου
763 883 821 935 τὸ
851 882 994 954 ὕδωρ
1030 884 1119 937 διὰ
1144 884 1244 954 τῆς
1271 886 1465 940 ἑαυτοῦ
1492 888 1711 957 χάριτος
1745 889 1825 949 εις

237 967 383 1023 οἶνον
405 973 761 1043 μετεποέηθη.
792 973 975 1037 Οὕτω,
1006 982 1031 1028 ὀ
1060 976 1158 1046 μὲν
1183 977 1283 1048 τὴν
1309 977 1619 1047 ἀκρίϐειαν,
1652 994 1822 1047 προσ-

237 1062 404 1129 ούσης
467 1066 650 1129 αὐτοῖς
706 1068 1055 1136 ἐγκρατείας,
1117 1072 1267 1124 ἄκων
1322 1072 1658 1137 ἐπεδείξατο,
1711 1069 1820 1123 ὁδδ

238 1158 331 1206 τὸν
355 1157 521 1222 τῦφον
552 1157 649 1224 τῆς
675 1157 980 1221 κενοδοξίας
1009 1158 1151 1211 ἑκὼν
1182 1167 1593 1229 κατεπάτησεν.

312 1251 384 1301 Δ’,
430 1248 652 1318 Πτωχὸν
696 1249 752 1302 δὲ
798 1251 959 1304 πάλιν
999 1253 1188 1306 ἑαυτόν
1214 1271 1296 1317 τις
1328 1255 1686 1322 ἐπαγγέλλων
1713 1255 1823 1308 τῶν

240 1340 527 1403 ἑπομένων
556 1342 859 1396 σπουδαίων
890 1342 955 1396 δι’
987 1344 1147 1414 ὄχλου
1176 1347 1385 1414 ἐγίνετο
1418 1348 1496 1418 τῷ
1538 1348 1823 1420 μακαρίτῃ

247 1430 533 1498 Ᾱύξεντίῳ,
574 1433 683 1484 τῶν
733 1433 959 1502 χρωτῶν
993 1435 1158 1487 αὐτοῦ
1202 1438 1639 1507 σαρκοκάλυμμα
1671 1438 1826 1491 εὐλο-

242 1524 367 1589 γίας
400 1526 561 1593 χάριν
596 1524 689 1577 καὶ
726 1525 917 1588 πενίας
969 1526 1216 1591 ἐξαιτῶν.
1264 1530 1371 1581 Καὶ
1394 1529 1459 1600 δὴ
1496 1530 1629 1597 πρὸς
1659 1530 1822 1582 αὐτόν

243 1630 445 1679 φησιν·
486 1612 673 1679 Εὖξαι,
721 1617 809 1670 ἵνα
866 1621 892 1668 ὁ
930 1619 1132 1688 Κύριος
1165 1621 1377 1693 πέμψῃ,
1421 1623 1515 1674 καὶ
1546 1622 1689 1692 λήψῃ
1714 1640 1727 1653 ·
1758 1623 1820 1675 ού

248 1706 355 1775 γὰρ
398 1702 465 1777 ἦν
519 1709 667 1777 αὑτῴ
723 1711 785 1761 ὲκ
840 1716 1157 1780 περιουσίας
1197 1714 1591 1783 ἀμφιάσματα,
1644 1716 1731 1769 διά
1762 1717 1821 1769 τὸ

244 1795 463 1847 ᾶπαντα
491 1798 559 1849 τά
593 1800 943 1867 ἐμπίπτοντα
973 1804 1121 1872 αὐτῷ
1144 1808 1256 1865 τοῖς
1287 1804 1483 1874 πένησι
1523 1805 1814 1861 διαδοῦναι.

1934 616 2113 670 minus
2154 616 2409 671 Christus
2448 619 2566 687 ejus
2626 617 2745 674 loco
2781 620 2963 674 vinum
3016 621 3266 689 praebuit,
3304 630 3509 696 gratias

1935 722 2183 772 agamus,
2210 717 2262 762 et
2320 723 2385 763 ne
2424 724 2564 781 aegre
2620 708 2877 765 feramus.
2926 712 3139 767 Etenim
3167 729 3287 769 cum
3320 718 3505 772 vinum

1930 798 2219 853 defecisset
2244 801 2294 854 in
2334 804 2554 870 nuptiis,
2588 816 2685 868 per
2709 784 2854 855 suam
2882 806 3116 875 gratiam
3149 821 3343 875 aquam
3380 826 3497 863 mu-

1936 892 2065 944 tavit
2099 893 2148 944 iit
2184 891 2364 946 vinum
2395 892 2436 945 ³.
2476 892 2565 947 Sic
2592 894 2728 949 alter
2770 896 2986 965 quidem
3017 900 3256 953 ostendit
3309 902 3507 955 invitus

1933 981 2250 1049 perfectam,
2281 999 2401 1050 quae
2431 985 2479 1039 ei
2513 987 2722 1052 aderat,
2749 987 3134 1043 abstinentiam
3163 1006 3177 1042 :
3211 991 3350 1047 alter
3377 1007 3506 1048 vero

1932 1073 2102 1130 libens
2131 1078 2468 1132 conculcavit
2495 1077 2692 1133 fistutn
2730 1095 2878 1135 vance
2912 1080 3118 1152 gloria}.

2002 1250 2089 1306 ιν.
2119 1252 2322 1308 Rursus
2340 1256 2757 1329 autemlquidam
2781 1274 2843 1314 ex
2865 1261 2995 1317 viris
3024 1262 3179 1317 bonis
3196 1263 3286 1332 qni
3313 1280 3501 1335 seque-

1931 1346 2150 1409 bantur,
2186 1360 2242 1399 se
2272 1363 2565 1414 pauperem
2594 1362 2713 1401 esse
2744 1350 3074 1419 significans,
3103 1354 3364 1408 molestus
3384 1366 3504 1410 erat

1930 1433 2091 1487 beato
2122 1436 2417 1501 Auxentio,
2456 1450 2644 1505 petens
2664 1440 2732 1492 ab
2776 1455 2841 1493 eo
2867 1441 3137 1496 indusium
3166 1446 3506 1500 benedictio-

1934 1527 2016 1579 nis
2046 1530 2220 1596 gratia
2245 1540 2301 1583 et
2349 1533 2708 1599 paupertatis.
2739 1530 2787 1586 Is
2821 1550 2950 1589 vero
2993 1535 3195 1589 dicitei
3224 1553 3238 1591 :
3271 1535 3399 1603 Ora,
3448 1547 3505 1592 ut

1933 1619 2194 1675 Dominus
2246 1624 2444 1686 mittat,
2481 1637 2532 1678 et
2573 1640 2602 1677 ιι
2639 1642 2723 1680 me
2779 1628 3039 1697 accipies.
3080 1627 3195 1683 Non
3241 1631 3386 1684 enim
3414 1647 3506 1685 su-

1930 1723 2254 1781 peraverant
2277 1715 2323 1768 ci
2359 1715 2707 1781 vestimenta,
2742 1730 3025 1787 propterea
3065 1721 3210 1787 quod
3240 1737 3503 1790 quaecun-

1929 1816 2034 1871 que
2057 1803 2111 1856 in
2152 1818 2275 1857 eum
2307 1804 2641 1867 incidebant,
2671 1806 2827 1862 daret
2867 1811 3217 1878 pauperibus.
3251 1813 3342 1867 Ille
3374 1829 3502 1868 vero

260 1885 320 1937 Ὀ
339 1886 397 1937 δὲ
420 1888 518 1953 τῆς
554 1889 905 1960 ὑποσχέσεως
935 1894 1010 1957 ὡς
1035 1897 1386 1965 γραμματίου
1412 1896 1822 1966 ἐπιλαϐόμενος.

1931 1894 2342 1962 promissionem
2367 1898 2640 1965 arripiens
2660 1908 2911 1968 tanquam
2933 1903 3269 1967 scliedulani,
3287 1908 3502 1960 assidue

245 1978 645 2047 ἀκαταλήκτως
680 1984 775 2053 τὴν
810 1986 1106 2055 ἀπαίτησιν
1137 1990 1389 2042 ἐποιεῖτο·
1424 1990 1545 2043 ὅθεν
1574 1992 1666 2045 ἐπὶ
1689 1992 1824 2045 πολὺ

248 2070 583 2139 παρενοχλνιύ
592 2089 749 2140 μενος
766 2077 821 2127 ὲν
842 2077 943 2147 μιᾷ
958 2078 1166 2148 ἑσπέρα
1186 2079 1347 2133 πάλιν
1368 2099 1439 2133 πα
1450 2082 1496 2152 ρ’
1515 2084 1579 2134 αὖ
1594 2082 1677 2137 τοῦ
1697 2085 1827 2136 ὑπο-

251 2162 533 2231 μνησθεὶς,
564 2164 752 2235 Δεῦρο,
786 2168 971 2236 φησὶν,
1002 2169 1223 2238 ἀδελφὲ,
1295 2175 1352 2224 ἐν
1408 2175 1646 2245 εύκαῖρῳ
1678 2178 1825 2243 τόπῳ

246 2253 663 2324 ἀποληψόμενος
690 2263 787 2328 τὴν
844 2261 1060 2331 αἴτησιν
1098 2268 1191 2315 καὶ
1221 2266 1581 2321 ἀπαλλάττων
1619 2288 1684 2339 με
1727 2271 1826 2339 τῆς

242 2345 497 2415 τοιαύτης
532 2352 919 2416 περιστάσεως.
950 2355 1035 2416 Ὡς
1058 2356 1115 2407 δὲ
1141 2358 1446 2429 ἀποκρύφῳ
1470 2361 1620 2431 τόπῳ
1644 2362 1823 2428 ἐγίνε-

245 2453 327 2495 το,
348 2438 486 2508 ὅπερ
504 2443 741 2508 ὴμφὶετο
765 2446 1039 2514 στιχάριον
1061 2447 1713 2514 ἀποδυσάμενοςδέεωκεν
1734 2454 1827 2505 αὑ-

245 2525 328 2594 τῷ
364 2531 454 2580 καί
486 2528 550 2579 ὲκ
588 2529 680 2582 τοῦ
722 2534 967 2600 φελονίου
1000 2535 1162 2603 μόνον
1183 2536 1389 2605 διῆγεν.
1418 2541 1525 2591 Καὶ
1561 2548 1696 2608 μετά
1728 2543 1825 2612 τὴν

248 2617 574 2684 ὑμνολογίαν
631 2621 1063 2692 ἀναχωρούντων
1093 2627 1443 2698 ἀμφοτέρων,
1477 2630 1674 2700 ᾔσθετο
1729 2634 1822 2686 τοῦ

246 2706 522 2776 δράματος
570 2716 598 2763 ὁ
651 2713 911 2783 ἀνωτέρω
966 2718 1298 2787 προρρηθεὶς
1329 2722 1527 2790 εὐήθης
1556 2725 1696 2794 ἀνὴρ
1732 2728 1823 2777 καὶ

248 2795 399 2861 λέγει
421 2800 573 2869 αὐτῷ
594 2816 608 2831 ο
643 2802 801 2855 [limi
834 2820 927 2863 σου
952 2807 984 2874 ὴ
1017 2807 1262 2860 πολιτεία
1288 2810 1381 2861 καὶ
1413 2814 1445 2881 η
1473 2814 1659 2883 ἀγάπη
1685 2814 1822 2885 αὕτη

250 2890 389 2951 ἐστὶ,
417 2890 543 2959 κύρι
574 2891 859 2961 Αὑξέντιε,
894 2898 979 2949 ἴνα
1014 2898 1408 2969 ὑστερούμενος
1443 2904 1667 2973 χιτῶνος
1692 2909 1825 2976 ἡμῖν

252 2978 329 3049 μὴ
363 2980 667 3055 θαρῤήσῃς.
712 2986 800 3048 Ὠς
835 2988 1057 3056 μειδιῶν
1080 2990 1136 3042 δέ
1159 3008 1289 3060 φησι
1330 2993 1462 3063 πρὸς
1494 2995 1619 3057 τοὺς
1640 2998 1820 3066 ἀμερο-

248 3073 472 3141 τέρους·
510 3075 619 3128 Τοῦ
669 3077 981 3142 πλειστάκις
1023 3097 1089 3149 με
1140 3083 1410 3153 ἐπἰὑμῶν
1443 3087 1651 3154 ἰταμῶς
1702 3090 1826 3157 μ.εο-

250 3165 548 3230 οδεύοντος,
572 3168 724 3237 μόλις
750 3170 1077 3240 ἀπηλλάγην
1099 3191 1111 3201 ·
1139 3173 1277 3226 ἀλλὰ
1315 3179 1620 3244 παρακαλῶ
1653 3180 1821 3231 ἀπελ-

250 3258 365 3310 θεῖν
421 3261 569 3329 ἡμᾶς
622 3263 758 3329 πρὸς
828 3265 920 3318 τὸν
980 3265 1137 3335 κύριν
1214 3268 1470 3340 Ἰωάννην
1521 3273 1612 3324 τὸν
1667 3276 1725 3326 ὲν
1746 3275 1821 3345 τῷ

250 3352 479 3422 Κλουῦᾠ
508 3358 765 3424 μοναχὸν,
792 3357 1093 3426 ὀψομένους
1124 3360 1221 3429 τὴν
1248 3360 1406 3426 δόξαν
1431 3364 1525 3415 τοῦ
1556 3364 1712 3420 Θεοῦ.

324 3445 397 3497 E'.
424 3445 734 3510 Συντάξεως
763 3444 857 3501 οὖν
887 3452 1206 3520 γενομένης,
1251 3454 1389 3521 μετὰ
1434 3454 1533 3523 τὴν
1559 3455 1687 3523 μίαν
1718 3474 1823 3509 πει-

253 3539 563 3607 ραγίνονται
597 3543 735 3609 πρὸς
766 3544 833 3595 αὑ
848 3545 928 3596 τὸν
982 3547 1075 3598 καὶ
1116 3545 1286 3615 ὁρῶσι
1317 3559 1407 3600 τον
1446 3551 1705 3618 εἰληφότα
1731 3552 1821 3604 τὸν

249 3631 571 3698 χιτωνίσκον
610 3634 933 3701 παρεστῶτα
972 3639 1236 3704 στυγνόν·
1288 3644 1382 3691 καὶ
1418 3642 1556 3709 μετὰ
1610 3642 1707 3710 τὴν
1733 3661 1816 3694 τε-

250 3720 466 3773 λείωσιν
513 3724 611 3792 τῆς
656 3725 821 3794 εὑχῆς
883 3726 1030 3793 λέγει
1073 3730 1101 3781 6
1128 3731 1401 3800 μακάριος
1460 3734 1711 3801 Ἰωάννης
1745 3734 1819 3797 ὡς

248 3814 385 3881 πρὸς
415 3814 668 3884 συνήθεις
694 3818 859 3870 αὑτοῦ
888 3820 982 3870 καὶ
1008 3823 1348 3888 προσφιλεῖς·
1373 3821 1640 3890 Εὔξασθε,
1665 3826 1819 3879 ἀδελ-

250 3903 362 3971 φοὶ,
384 3908 510 3974 περὶ
543 3906 637 3958 τοῦ
667 3908 880 3977 πτωχοῦ
907 3912 1122 3973 τούτου,
1145 3914 1227 3967 ὅτι
1265 3915 1332 3966 τά
1370 3918 1643 3985 προσόντα
1670 3916 1817 3987 αὐτῷ

246 3996 482 4065 πενιχρά
518 3996 657 4068 ἀρας
708 4016 787 4062 τις
846 4002 1173 4072 ἀπέδρασεν.
1230 4004 1290 4057 '0
1315 4006 1372 4058 δὲ
1411 4008 1679 4075 μακάριος
1708 4010 1814 4061 Δύ-

248 4086 452 4151 ξέντιος
479 4094 723 4159 χαρὶεντι
748 4093 1025 4163 προσώπῳ
1048 4096 1252 4164 ἤρξατο
1276 4098 1521 4165 εὐλογεῖν
1538 4098 1629 4150 τὸν
1657 4098 1817 4151 τοῦτο

243 4177 554 4248 δράσαντα·
592 4182 683 4234 καί
703 4200 865 4251 φησιν
890 4185 1026 4252 πρὸς
1047 4186 1209 4239 αὑτὸν
1236 4189 1264 4240 ό
1288 4187 1497 4251 δίκαιος
1524 4190 1665 4259 ἀνὴρ
1689 4191 1763 4253 ὼς
1788 4193 1817 4245 ὀ

243 4269 433 4323 Βαλὰκ
472 4273 608 4341 πρὸς
656 4275 746 4327 τὸν
806 4276 1050 4345 Βαλαάμ,
1086 4280 1450 4349 Καταρᾶσθαξ
1484 4298 1543 4333 σε
1576 4284 1813 4351 προσκέ-

247 4365 476 4431 κλημαι,
512 4368 601 4419 καὶ
624 4369 687 4421 σὺ
715 4370 950 4436 εολογεῖς
982 4388 996 4435 ;
1033 4371 1377 4442 ’Δποκριθεὶς
1403 4374 1459 4426 δὲ
1489 4376 1517 4425 ὀ
1546 4377 1814 4445 μακάριος

240 4457 529 4520 Αὸξέντιος
556 4458 697 4525 λέγει
732 4461 806 4527 τῷ
833 4460 991 4529 δῆθεν
1018 4463 1217 4531 πτωχῷ
1234 4480 1247 4492 ·
1273 4462 1381 4527 Τὰς
1406 4465 1569 4534 εὐχάς
1594 4483 1686 4517 σου
1720 4465 1809 4519 τοῦ

1928 1986 2199 2055 exigebat.
2245 1985 2610 2053 Quamobrem
2676 2006 2799 2045 cum
2842 1994 3067 2048 multum
3123 1995 3171 2047 ei
3213 2008 3354 2050 esset
3387 2014 3497 2050 nio-

1929 2075 2116 2141 lestus,
2158 2089 2211 2132 et
2244 2095 2348 2133 una
2385 2096 2607 2148 vespera
2646 2099 2835 2138 rursus
2862 2087 2929 2138 ali
2961 2101 3026 2139 eo
3057 2099 3205 2142 esset
3253 2090 3502 2142 admoni-

1931 2179 2035 2233 tus,
2071 2172 2204 2225 dicit
2255 2173 2341 2226 ei:
2384 2175 2565 2234 Adsis.
2615 2174 2802 2237 frater,
2842 2179 2894 2229 in
2930 2178 3045 2232 loco
3077 2190 3382 2248 opportuno
3423 2197 3481 2232 ar

1927 2272 2184 2331 cepturus
2240 2267 2578 2330 petitionem.
2608 2265 2901 2335 Postquam
2948 2282 3127 2325 autem
3160 2273 3263 2326 fttit
3293 2277 3346 2327 in
3383 2276 3503 2327 loco

1926 2356 2160 2420 occulto,
2186 2360 2336 2411 exuit
2366 2374 2424 2412 se
2469 2360 2649 2413 tunica
2684 2376 2790 2429 qua
2830 2372 2946 2415 erat
2977 2364 3219 2427 indutus,
3259 2376 3313 2420 et
3356 2368 3501 2422 dedit

1926 2450 1995 2513 ei,
2022 2458 2078 2504 et
2103 2453 2300 2504 mansit
2334 2453 2384 2503 in
2423 2454 2535 2506 sola
2568 2455 2781 2521 penula.
2817 2455 2946 2509 Post
2962 2456 3220 2526 hymnum
3259 2474 3386 2513 vero
3420 2461 3502 2513 di-

1926 2552 2071 2596 ctum
2122 2544 2386 2597 ainbobus
2441 2547 2837 2611 recedentibus,
2890 2549 3063 2603 sensit
3106 2552 3247 2618 quod
3298 2552 3500 2606 factum

1927 2634 2121 2695 fuerat.
2159 2636 2248 2705 qui
2277 2638 2426 2704 prius
2465 2638 2642 2694 dictus
2699 2650 2781 2693 est
2835 2641 2912 2693 vir
2950 2641 3090 2710 pius,
3121 2654 3169 2697 et
3214 2644 3345 2698 dicit
3398 2646 3445 2699 ei
3483 2664 3496 2701 :

1930 2728 2264 2783 Universane
2319 2734 2424 2783 vita
2461 2738 2548 2784 tua
2584 2732 2654 2784 ita
2692 2734 2892 2801 agitur,
2932 2744 2988 2786 et
3030 2736 3272 2789 cltaritas
3303 2748 3413 2801 tua,
3446 2750 3504 2793 ut

1926 2836 2118 2875 carens
2161 2823 2364 2887 tunica,
2421 2825 2575 2879 nobis
2643 2841 2750 2879 non
2805 2827 3088 2881 confidas?
3136 2829 3499 2895 Quamobrem

1928 2924 2179 2980 tanquam
2211 2915 2521 2976 subridens,
2550 2918 2682 2971 dicit
2716 2918 3020 2973 ambobus:
3058 2920 3139 2975 Ab
3158 2936 3222 2974 eo
3248 2924 3338 2990 qui
3370 2923 3498 2976 mihi

1925 3007 2219 3075 saepissime
2273 3007 2425 3061 vobis
2477 3011 2833 3076 prmsentibus
2885 3014 3227 3082 impudenter
3274 3016 3501 3083 parabat

1927 3098 2176 3163 insidias,
2221 3100 2306 3153 vix
2365 3102 2578 3155 tandem
2612 3118 2732 3156 sum
2765 3104 3043 3160 liberatus.
3080 3106 3185 3160 Sed
3213 3123 3342 3174 rogo
3376 3124 3497 3168 vos.

1928 3200 1987 3245 ut
2018 3206 2206 3246 eamus
2240 3196 2305 3246 ad
2361 3193 2639 3248 dominum
2694 3194 2958 3251 Joannem
3021 3202 3373 3267 monachum,
3406 3204 3496 3270 qui

1925 3294 2006 3336 est
2041 3287 2092 3337 in
2120 3284 2308 3348 Clubo,
2346 3287 2509 3339 visuri
2545 3286 2636 3341 Dei
2668 3288 2917 3357 gloriam.

2004 3451 2068 3505 Υ.
2096 3452 2228 3506 Cum
2264 3455 2445 3523 itaque
2500 3458 2640 3511 inter
2684 3473 2777 3513 eos
2799 3462 3160 3525 convenisset,
3187 3474 3306 3532 post
3331 3480 3494 3521 unum

1922 3543 2062 3597 diem
2117 3547 2184 3599 ad
2237 3562 2358 3599 eum
2386 3552 2626 3616 veniunt,
2657 3561 2711 3605 et
2750 3552 2934 3607 vident
2973 3568 3097 3607 eum
3122 3558 3217 3623 qui
3249 3561 3492 3613 tunicam

1924 3650 2229 3705 acceperat,
2266 3641 2456 3694 adesse
2494 3644 2727 3696 tristem.
2762 3642 2958 3700 Finitis
2985 3659 3165 3701 autem
3214 3650 3489 3717 precibus.

1921 3729 2052 3783 dicit
2085 3728 2275 3783 beatus
2299 3729 2560 3795 Joannes,
2595 3736 2851 3802 tanquam
2893 3739 3083 3791 amicis
3114 3741 3229 3793 suis
3251 3753 3303 3793 et
3334 3740 3493 3794 fanti-

1922 3822 2144 3878 liaribus
2166 3842 2177 3875 :
2199 3822 2385 3887 Orate,
2415 3827 2635 3894 fratres,
2660 3843 2755 3895 pro
2780 3828 2880 3881 hoc
2907 3832 3177 3897 mendico.
3201 3832 3333 3886 Nam
3356 3850 3493 3903 quos

1921 3913 2155 3969 habebat
2212 3916 2348 3970 viles
2381 3931 2610 3983 pannos,
2636 3918 2862 3973 abstulit
2896 3920 3096 3989 aliquis
3146 3935 3199 3977 et
3259 3926 3488 3994 aufugit.

1917 4004 1976 4059 Β.
2008 4021 2136 4059 vero
2166 4007 2467 4061 Anxentius
2492 4007 2618 4061 laeto
2642 4011 2788 4062 vultu
2830 4014 2997 4081 ccepit
3039 4013 3111 4077 ei,
3144 4017 3234 4081 qui
3267 4017 3318 4070 id
3349 4017 3494 4071 feee-
3574 4050 3577 4051 ν

1918 4104 2024 4160 rat,
2069 4096 2405 4150 benedicere.
2476 4098 2613 4151 Dicit
2664 4110 2847 4154 autem
2911 4101 2958 4154 ei
3016 4094 3319 4170 virjustus,
3351 4106 3490 4160 sicut

1917 4184 2133 4239 Balaam
2162 4185 2322 4238 Balac
2350 4192 2371 4217 ⁸
2408 4204 2420 4238 :
2455 4184 2600 4261 Jussi
2636 4199 2686 4242 te
2745 4194 3053 4257 exsecrari;
3084 4202 3138 4246 et
3168 4204 3221 4246 ιιι
3250 4196 3297 4248 ei
3329 4197 3488 4250 bene-

1916 4278 2085 4331 dicis?
2123 4276 2475 4344 Respondens
2525 4290 2708 4334 autem
2769 4282 2960 4337 beatus
3000 4283 3325 4348 Auantius,
3353 4285 3490 4340 dicit

1916 4369 2422 4425 mendicozﬂedde
2482 4383 2601 4425 vota
2661 4381 2749 4427 tuo
2806 4374 3058 4440 Domino,
3135 4378 3489 4448 fret-nque

1916 4462 2150 4517 habebas
2207 4464 2586 4519 indusiaHlle
2635 4481 2765 4521 vero
2811 4470 3089 4537 respondit
3138 4484 3259 4524 cum
3308 4469 3477 4527 Iesu:

246 4549 474 4617 Κυρίου,
516 4550 731 4616 eam;
764 4552 904 4602 πόσα
937 4549 1079 4620 εἶχες
1096 4555 1367 4622 στιχάριας
1408 4556 1465 4608 '0
1489 4556 1543 4608 δὲ
1574 4558 1805 4625 ἀπεκρί-

1917 4550 2158 4617 Septem,
2191 4564 2246 4607 et
2279 4555 2328 4606 id
2361 4557 2502 4623 quod
2527 4555 2656 4608 mihi
2700 4560 2997 4624 prxbuisti.
3048 4560 3184 4614 Dicit
3212 4562 3260 4615 ei
3294 4560 3485 4617 beatas

244 4662 261 4689 ι.
280 4656 373 4691 ατο
425 4641 540 4707 μετ’
571 4640 836 4709 ὀδυρμοῦ·
862 4643 1030 4695 Ἐπτά
1060 4644 1169 4695 τῶν
1201 4644 1377 4696 ποδῶν
1411 4662 1503 4698 σου
1537 4656 1627 4699 καὶ
1657 4649 1684 4699 ὃ
1719 4665 1807 4717 μοι

242 4732 539 4799 παρέσχες.
576 4733 737 4797 Λέγει
767 4735 913 4798 αύτῴ
953 4740 979 4786 ὀ
1007 4736 1277 4804 μακάριος
1298 4754 1310 4766 °
1354 4738 1507 4789 Ἐπεὶ
1539 4734 1631 4791 οὗν
1671 4741 1810 4792 ἐπτά

241 4818 381 4886 ἔχων
426 4822 525 4870 οὐκ
576 4820 871 4891 ἠρκέσθης,
931 4821 1065 4875 ἀλλά
1104 4825 1164 4876 τὸ
1197 4826 1440 4895 ὑπάρχον
1479 4845 1567 4895 μοι
1614 4829 1670 4880 ἓν
1713 4832 1807 4882 ἐπὶ

237 4907 492 4960 τοσοῦτον
520 4911 930 4980 παρενοχλήσας
950 4915 1197 4983 εῑληφας,
1228 4918 1430 4970 παῦσαι
1450 4921 1803 4987 λυπούμενος.

238 4999 414 5052 Τοῦτο
430 5003 538 5069 γὰρ
564 5006 789 5055 κάκεῖνα
822 5002 1105 5073 διαδράσαι
1139 5009 1569 5076 παρεσκεύασεν.
1602 5011 1806 5075 Ἠπίως

237 5087 334 5143 οὖν
370 5092 463 5144 καὶ
492 5090 678 5144 τοῦτον
709 5094 984 5160 διελέγξας
1040 5096 1343 5166 παράθεσιν
1385 5104 1521 5168 μετά
1544 5102 1653 5156 τῶν
1679 5120 1804 5157 συν-

237 5184 408 5236 όντων
431 5186 800 5254 κομισάμενος
839 5188 1028 5257 ἀπῄει.

314 5281 402 5345 ς’.
436 5280 551 5351 Μιᾷ
570 5279 633 5332 δὲ
663 5281 769 5334 τῶν
800 5284 1020 5353 ἡμερῶν
1072 5288 1128 5340 ὲν
1161 5287 1239 5358 τῷ
1274 5289 1521 5361 παλατιῳ
1581 5298 1802 5362 προῖιιςν,

235 5370 344 5438 ὁρᾷ
376 5385 497 5422 τινα
538 5372 910 5441 κρατούμενον
936 5374 1041 5428 ὑπὸ
1063 5380 1413 5448 στρατιωτῶν
1436 5383 1530 5434 καὶ
1555 5399 1803 5455 σφετερι-

238 5463 493 5532 ζόμενον.
536 5464 983 5538 Προσευξάμενος
1050 5466 1143 5525 οὖν
1193 5472 1341 5541 λέγει
1397 5476 1680 5546 συνήθως-
1745 5478 1803 5531 '0

238 5556 505 5625 ῥυόμενος
570 5560 783 5629 πτωχὸν
843 5564 907 5615 ὲκ
963 5564 1143 5634 χειρὸς
1184 5568 1569 5638 στερεωτέρων
1614 5569 1800 5633 αὑτοῦ,

234 5644 363 5698 ἐλθὲ
399 5649 491 5700 καὶ
524 5648 617 5701 νῦν
650 5651 782 5719 πρὸς
819 5652 1088 5722 βοήθειαν.
1148 5656 1254 5708 Καὶ
1289 5659 1462 5712 ταῦτα
1504 5662 1673 5713 εἰπὼν
1704 5680 1797 5731 με-

238 5734 409 5798 σάσας
438 5737 694 5808 ἀνεθῆναι
723 5744 1102 5813 παρεσκεύασε
1130 5747 1219 5798 τὸν
1255 5747 1441 5819 ἄνδρα.

308 5850 501 5907 'Joatt.
537 5869 595 5908 tt.
674 5861 691 5889 δ
729 5857 877 5912 Nutu.
938 5876 1084 5927 nttt,
1130 5863 1215 5917 Η.
1298 5865 1488 5923 'l’sal.
1536 5884 1640 5937 λιν,
1685 5870 1744 5922 10

1914 4646 2216 4697 Anxentius
2253 4661 2266 4696 :
2300 4644 2566 4709 Quoniam
2619 4661 2750 4718 ergo
2810 4664 2931 4702 cum
2994 4660 3201 4719 septem
3234 4652 3483 4719 haberes,

1918 4751 2021 4788 ton
2075 4736 2220 4790 fuisti
2279 4747 2590 4801 contentus,
2618 4741 2711 4793 sed
2770 4756 2955 4807 unum,
3005 4744 3147 4810 quod
3193 4744 3480 4809 habebam,

1915 4836 2117 4879 tantam
2155 4828 2283 4880 mihi
2316 4828 2618 4882 molestiam
2641 4832 2926 4897 exhibens,
2952 4835 3237 4901 accepisti,
3270 4836 3373 4891 hoc
3398 4836 3481 4890 ef-

1913 4919 2040 4974 fecit
2077 4930 2134 4975 ut
2162 4920 2251 4973 illa
2278 4935 2492 4990 quoque
2523 4923 2793 4990 fugerent.
2816 4922 2950 4977 Cunt
2976 4940 3098 4979 eum
3117 4942 3247 4996 ergo
3272 4927 3482 4996 placide

1916 5013 2297 5080 redargnisset,
2340 5023 2546 5067 etcum
2578 5015 2644 5067 iis
2679 5017 2768 5082 qui
2795 5018 2956 5071 simul
3003 5028 3159 5073 erant
3215 5019 3478 5074 ferculum

1913 5106 2231 5172 accepisset,
2266 5106 2510 5159 recessit.

1987 5301 2073 5357 Vl.
2108 5303 2350 5369 Quodam
2383 5318 2508 5359 vero
2559 5305 2644 5358 die
2674 5305 2725 5359 in
2755 5306 2951 5376 palatio
2984 5316 3301 5378 procedens,
3337 5310 3483 5365 videt

1913 5395 2198 5460 quemdam
2239 5396 2409 5448 teneri
2440 5404 2492 5447 et
2526 5394 2663 5449 trahi
2698 5410 2725 5448 a
2757 5396 3036 5452 militibus.
3076 5395 3252 5452 Orans
3294 5409 3476 5451 autem

1910 5486 2041 5539 dicit
2062 5486 2129 5539 de
2162 5500 2313 5540 more
2350 5504 2361 5537 :
2396 5485 2494 5552 Qui
2526 5485 2723 5541 liberas
2750 5489 3054 5543 mendicum
3086 5504 3115 5541 a
3148 5504 3311 5543 manu
3336 5490 3475 5555 ejus,

1908 5577 1997 5645 qui
2030 5589 2158 5631 sunt
2215 5580 2331 5647 ipso
2357 5577 2631 5644 fortiores,
2665 5580 2785 5635 veni
2823 5595 2970 5635 nunc
2993 5595 3212 5650 quoque
3238 5580 3303 5633 ad
3335 5581 3478 5634 dan-

1908 5676 2030 5721 nnm
2095 5672 2351 5725 auxilium
2390 5670 2589 5736 “.Q-taa
2645 5688 2767 5728 cum
2821 5673 3072 5738 dixisset,
3118 5672 3298 5730 effecit
3346 5684 3403 5727 ut
3433 5688 3477 5727 ts

1912 5766 2246 5815 "claxnrttsttt‘
