4218 6482
750 450 885 513 1383

1908 455 2189 514 MENSIS
2230 452 2750 539 FEBRUARIUS.

3852 454 4005 520 1384

816 564 925 619 νη.
981 562 1276 618 Transiens
1340 570 1522 618 autem
1586 579 1682 633 per
1739 569 2122 636 Battopolimn,
2182 569 2391 634 viditA

2343 575 2391 634 Α
2491 569 2544 622 Z'
2593 570 2692 621 Διὰ
2730 566 3098 620 ηαττοπολιοῦ
3122 567 3178 621 δὲ
3217 567 3429 638 παριὼν
3469 568 3731 622 ἐθεάσατο
3753 572 3882 634 τοὺς
3912 572 4009 640 ἑρ-

738 658 1003 724 quosdam
1057 656 1277 723 opilices
1341 656 1599 711 dellentes
1655 669 1709 711 et
1737 659 2017 714 dicentes:
2058 659 2308 716 Venitad

742 765 841 802 nos
892 759 1103 816 tempus
1168 764 1274 816 quo
1322 748 1492 802 simus
1547 752 1730 813 oriosi,
1764 762 1818 805 et
1876 752 2008 806 nihil
2063 768 2307 821 agamus,

740 844 1058 895 claudamus
1122 852 1337 895 nostras
1394 842 1657 896 olIicinas.
1687 844 1819 898 Cum
1867 862 1995 898 vero
2027 847 2309 911 audiisset,

740 946 791 988 ct
822 951 1008 989 eorum
1044 946 1189 988 esset
1225 936 1478 989 misertus
1510 937 1714 989 Christi
1770 939 1926 991 miles
1982 940 2311 1001 AuXentius,

742 1031 826 1080 die
853 1030 1101 1095 sequenti
1142 1029 1364 1081 dit'ertit
1406 1030 1456 1081 in
1484 1045 1643 1081 unam
1674 1044 1737 1082 ex
1771 1032 1876 1083 illis
1906 1032 2160 1096 ollicinis,
2198 1048 2314 1085 tuu-

745 1132 854 1171 talo
890 1120 1097 1183 habitu,
1139 1134 1193 1173 ut
1228 1122 1399 1174 fertur
1425 1122 1488 1174 de
1517 1122 1834 1190 Serapione,
1864 1134 1916 1177 et
1945 1125 2109 1178 dicit:
2142 1124 2312 1190 Quam

742 1218 1048 1266 μυί-τεράων
1088 1215 1214 1264 tuidi
1248 1215 1468 1277 dabitis,
1504 1219 1734 1268 etstabu
1765 1218 1813 1267 iu
1848 1232 2027 1271 vesu'a
2058 1216 2316 1271 oﬂit-iua?

742 1304 819 1356 lIlt
860 1316 1036 1357 autem
1072 1308 1326 1358 dixerunt
1361 1326 1373 1358 :
1407 1308 1725 1361 Ludiﬁcaris
1758 1311 2132 1377 uos.juvenis.
2164 1312 2313 1375 Quo-

744 1400 901 1450 modo
932 1400 1024 1451 tibi
1042 1399 1290 1452 dabimus
1315 1401 1638 1461 mercedem.
1663 1416 1782 1454 cum
1811 1404 1981 1456 simus
2004 1405 2316 1472 pauperes?

743 1487 1099 1556 Ite-spondens
1158 1507 1311 1554 vero,
1342 1494 1481 1546 dixit
1520 1494 1599 1545 eis
1629 1510 1642 1548 :
1676 1494 1958 1547 Laborabo
2014 1496 2313 1561 vobiscum,

743 1584 1019 1649 accipiens
1069 1584 1310 1649 quotidie
1340 1593 1451 1638 tres
1483 1585 1689 1640 obolos.
1726 1585 1804 1638 Illi
1843 1598 2025 1640 autem
2054 1590 2155 1641 limi
2189 1604 2313 1642 eum

742 1683 1095 1741 acceperunt.
1142 1674 1241 1739 Qui
1292 1690 1411 1726 eum
1460 1676 1652 1727 luisset
1686 1676 1792 1728 illic
1851 1687 1958 1730 tres
1987 1678 2122 1739 dies,
2162 1679 2317 1732 valde

743 1778 919 1817 crevit
949 1776 1000 1817 et
1034 1766 1213 1816 lluruit
1250 1766 1334 1818 illa
1368 1766 1602 1819 ollicina.
1639 1768 1889 1836 Acceptis
1922 1771 2314 1837 itaqueuovem

743 1858 939 1919 obolis,
970 1858 1199 1910 recessit
1224 1858 1294 1910 ab
1331 1858 1458 1913 illis.
1490 1858 1538 1912 Is
1571 1870 1750 1913 autem
1778 1876 1839 1913 ea
1883 1862 2028 1914 dedit
2067 1863 2313 1928 pauperi-

2418 662 2826 731 γαστηριακοὺς
2850 660 3291 729 ἀποδυρομένους
3323 661 3416 713 καὶ
3450 660 3708 727 λέγοντας
3730 681 3742 693 ·
3793 664 4013 733 Καιρὶς

2416 756 2548 821 ἡμῖν
2578 753 2809 819 ἔφθασεν
2842 753 3149 821 ἀπραγίας·
3205 754 3509 823 κλείσωμεν
3540 755 3609 806 τὰ
3654 758 4011 825 ἐργαστήρια

2415 844 2593 913 ἡμῶν.
2643 845 2901 906 ’Δκούσας
2933 845 2988 896 δὲ
3042 848 3135 897 καὶ
3188 847 3563 915 συμπαθήσας
3618 848 3799 909 αὐτοῖς
3839 850 3869 899 ὁ
3909 851 4011 902 τοῦ

2417 938 2652 1009 Χριστοῦ
2690 937 3051 1010 στρατιώτης,
3081 941 3344 992 κατέλυσε
3382 944 3448 1010 τῇ
3493 940 3619 1009 ἑξῆς
3642 942 3698 992 ἐν
3730 942 3809 1010 τῷ
3833 944 4012 1012 ἐργα-

2419 1032 2622 1101 στηρίῳ
2672 1033 2885 1099 ἐκείνῳ,
2945 1030 3178 1093 ἀλλάξας
3216 1031 3274 1081 τὸ
3306 1032 3491 1100 σχῆμα
3524 1030 3712 1094 αὑτοῦ,
3740 1035 3883 1083 κατα
3915 1033 4012 1084 τὶν

2420 1126 2531 1193 βζον
2586 1125 2953 1191 Σεραπίονος,
3022 1124 3115 1176 καλ¹
3157 1123 3303 1190 λέγει
3352 1125 3571 1187 αὐτοῖς’
3601 1127 3664 1176 Τί
3718 1128 4009 1195 μοιδίὸοτε

2422 1220 2636 1286 μισθὸν,
2680 1218 2775 1268 καὶ
2821 1218 3051 1286 ἵσταμαι
3106 1220 3164 1269 ὲν
3193 1218 3272 1286 τῷ
3324 1220 3679 1289 ἐργαστηρίῳ
3708 1220 3903 1285 ήμών;
3944 1221 4011 1269 Οἱ

2418 1312 2471 1362 δὲ
2524 1307 2716 1362 εἷπον·
2774 1310 3155 1373 Καταπαίζεις
3184 1310 3363 1381 ἡμῶν,
3421 1311 3671 1380 νεώτερε.
3717 1313 3890 1364 Πόθεν
3926 1331 4010 1364 τοι

2417 1402 2660 1470 δώσομεν
2724 1401 2934 1471 μισθὸν,
2985 1402 3182 1471 ἄποροι
3249 1403 3438 1464 δντες;

2418 1491 2571 1546 εἶπεν
2607 1495 2790 1555 αὐτοῖς
2814 1516 2826 1526 ·
2864 1495 3075 1564 Κάμνω
3110 1498 3209 1548 σὺν
3239 1498 3369 1564 ὑμῖν
3399 1496 3687 1565 λαμϐάνων
3718 1500 3840 1549 καθ’
3866 1500 4010 1566 ἡμέ-

2422 1604 2520 1654 ραν
2578 1586 2791 1653 φόλὶεις
2830 1588 3016 1654 τρεῖς·
3070 1588 3117 1638 οἱ
3144 1585 3200 1638 δὲ
3247 1588 3505 1657 χαρέντες
3528 1588 3777 1651 ἐδέξαντο
3814 1590 4007 1650 αὐτόν,

2421 1678 2513 1729 καί
2571 1679 2805 1745 ποιήσας
2862 1680 2976 1729 ἐκεῖ
3011 1680 3161 1747 τρεῖς
3217 1679 3431 1747 ἡμέρας
3497 1680 3849 1748 ύπερηύξατο
3910 1684 4009 1732 καὶ

2420 1769 2680 1823 άνέοαλεν
2736 1771 2796 1822 τὸ
2836 1772 3203 1842 ἐργαστήριον
3243 1773 3443 1823 ἐκεῖνο.
3507 1772 3704 1823 Λαϐὼν
3754 1767 3847 1823 οὖν
3879 1772 4010 1831 τοὺς

2421 1864 2576 1915 ἐννέα
2608 1862 2847 1931 φόλλεις,
2870 1862 3095 1929 ἐξῆλθεν
3131 1862 3227 1914 ἀπ’
3259 1861 3466 1921 αὐτῶν,
3514 1862 3609 1913 καὶ
3631 1863 3832 1914 ἔδωκεν
3866 1863 4009 1913 αὐτὰ

3510 1402 3620 1456 Καὶ
3678 1406 4010 1472 ἁποκριῠεὶς

748 1952 870 2003 bus.
910 1950 1100 2003 Dolore
1132 1966 1254 2004 vero
1287 1949 1465 2005 allecti
1510 1952 1873 2019 suntopiﬁces
1902 1954 2044 2007 illius
2070 1954 2316 2019 olliciuze,
2351 1936 2391 1988 Β

2351 1936 2391 1988 Β
2424 1958 2681 2024 πτωχοῖς.
2734 1954 3119 2023 Ἐλυπήθησαν
3143 1956 3192 2006 οἱ
3220 1954 3315 2007 τοῦ
3349 1956 3716 2027 ἐργαστηρίου
3753 1955 4008 2019 ageres?-

745 2057 967 2110 egresso
998 2042 1402 2095 admirabilium
1429 2042 1989 2098 eﬂ‘ectoreAuxentio.
2017 2044 2153 2099 Tres
2175 2048 2318 2099 enim

746 2136 884 2198 dies,
915 2150 1051 2202 quos
1093 2136 1203 2188 illic
1237 2137 1367 2200 egit,
1400 2151 1507 2189 non
1538 2137 1775 2204 gustavit
1806 2152 1977 2205 neque
2005 2153 2195 2205 panem
2222 2153 2318 2192 ne-

748 2242 851 2295 que
878 2230 1079 2291 vinum,
1109 2246 1205 2281 nec
1232 2229 1439 2297 aliquid
1466 2230 1612 2283 aliud
1642 2246 1655 2281 :
1687 2230 1823 2284 adeo
1873 2241 1926 2283 ut
1964 2232 2319 2297 mirarentur,

749 2322 840 2387 qui
884 2320 994 2373 illic
1035 2329 1214 2383 erant,
1250 2331 1304 2373 et
1352 2320 1589 2375 dicerent
1648 2323 1695 2375 ei
1734 2322 1886 2375 :Cur
1919 2339 2023 2376 non
2081 2325 2324 2378 comedis

750 2424 801 2465 et
838 2414 975 2465 bibis
1030 2414 1307 2465 uobiscum
1336 2414 1357 2464 ?
1387 2412 1437 2467 Is
1469 2428 1597 2467 vero
1638 2415 1852 2467 dicebat
1886 2416 1967 2469 eis
2003 2434 2013 2467 :
2048 2434 2065 2465 ι
2102 2415 2219 2470 Non
2271 2417 2323 2470 in

752 2510 867 2562 solo
893 2523 1027 2576 pane
1057 2508 1186 2561 vivit
1214 2508 1396 2572 homo,
1423 2510 1516 2563 sed
1544 2510 1595 2562 in
1618 2510 1763 2563 omni
1791 2512 1976 2574 verbo,
2003 2511 2144 2578 quod
2174 2526 2327 2581 egre-

755 2602 901 2653 ditur
953 2616 1049 2668 per
1107 2616 1168 2654 os
1209 2602 1301 2654 Dei
1338 2603 1377 2655 ‘.
1422 2621 1440 2652 ι
1476 2601 1553 2655 Illi
1590 2617 1716 2657 vero
1743 2604 2030 2667 siluerunt,
2064 2620 2166 2658 non
2208 2605 2325 2659 ausi

760 2692 993 2758 amplius
1024 2692 1071 2745 ei
1101 2707 1223 2746 esse
1248 2693 1483 2757 molesti,
1512 2695 1888 2747 renuntiarunt
1909 2705 2087 2748 autem
2110 2710 2325 2748 omnem

758 2785 968 2852 copiam
1006 2795 1054 2839 et
1088 2786 1525 2852 prosperitatem,
1559 2802 1677 2854 qua:
1723 2786 1862 2839 facta
1898 2796 1981 2840 est
2012 2801 2107 2855 per
2140 2800 2327 2855 preces

757 2878 874 2945 ejus
908 2878 958 2930 in
994 2876 1205 2931 olIiciua
1241 2893 1359 2940 sua,
1394 2876 1557 2933 Deum
1604 2878 1988 2946 gloriﬁcantes.

828 3077 964 3133 \‘III.
1005 3076 1211 3132 Rursus
1242 3093 1370 3132 vero
1418 3079 1625 3148 aliquot
1675 3086 1793 3148 post
1841 3077 2056 3143 diebus,
2093 3078 2326 3132 venient]

759 3173 862 3241 ipsi
895 3173 946 3224 in
987 3172 1244 3237 palatium
1271 3173 1507 3226 occurrit
1534 3172 1779 3240 quaedam
1806 3172 1997 3225 mulier
2024 3185 2325 3239 prargnans,

2423 2066 2512 2111 τος
2541 2049 2636 2102 τοῦ
2685 2048 3129 2119 θαυματουργοῦ.
3172 2049 3283 2113 Τὰς
3318 2050 3427 2120 γάρ
3488 2054 3635 2120 τρεῖς
3691 2053 3906 2120 ἡμέρας
3942 2052 4009 2113 ἃς

2426 2142 2682 2209 ἐποίησεν
2714 2144 2854 2205 ἐκεῖ,
2884 2144 2985 2195 οὐκ
3011 2143 3336 2209 ἐνοσφίσατο
3363 2142 3486 2195 οὔτε
3512 2143 3678 2212 ἄρτου
3712 2145 3837 2196 οὔτε
3859 2146 4009 2196 οἴνου

2423 2236 2545 2289 οὕτε
2602 2238 2763 2290 ἄλλου
2800 2238 2961 2301 τινὸς,
3017 2239 3159 2291 ὥστε
3194 2238 3501 2307 θαυμάζειν
3545 2241 3666 2302 τοὺς
3703 2242 3880 2292 ἐκεῖσε
3913 2242 4012 2291 καὶ

2426 2328 2606 2394 λέγειν
2663 2328 2848 2397 αὐτῷ’
2903 2330 3004 2383 Διὰ
3057 2331 3112 2382 τί
3173 2331 3273 2382 οὐκ
3313 2330 3519 2392 ἐσθίεις
3558 2331 3653 2383 σὺν
3702 2332 3870 2400 mihi;
3914 2333 4010 2383 καὶ

2428 2414 2580 2475 εἶπεν
2603 2422 2785 2483 αὐτοῖς
2811 2439 2822 2449 '
2853 2441 2871 2473 ι
2904 2422 3247 2491 Γέγραπται,
3289 2421 3403 2474 Οὐκ
3444 2421 3529 2473 ἐπ’
3559 2423 3707 2490 ἄρτῳ
3731 2422 3879 2490 μόνῳ
3911 2423 4010 2490 ζή-

2431 2532 2584 2567 σεται
2611 2516 2914 2585 ᾶνθρωπος,
2948 2517 3063 2568 ἀλλ’
3088 2519 3182 2568 ἐπὶ
3222 2518 3388 2569 παντὶ
3440 2518 3649 2587 ῥήματι
3706 2521 4009 2587 ἐκπορευο-

2433 2608 2581 2676 μένῳ
2612 2608 2701 2660 eis
2734 2610 3003 2676 στόματος
3032 2608 3191 2663 Θεοῦ.
3229 2629 3247 2661 ι
3291 2612 3354 2662 Οἱ
3377 2610 3432 2661 δὲ
3459 2610 3774 2679 ἐσιώπησαν
3808 2612 4012 2679 μηκέτι

2430 2699 2802 2769 τολμήσαντες
2838 2701 3066 2770 ὀχλῆσαι
3103 2701 3292 2770 αὐτῷ’
3346 2702 3690 2770 ἀπήγγειλαν
3736 2703 3793 2755 δὲ
3840 2706 4014 2755 πᾶσιν

2430 2793 2527 2861 τὴν
2560 2793 2826 2862 εὐπορίαν
2866 2810 2925 2844 τε
2959 2796 3054 2846 καὶ
3108 2793 3427 2846 εὐσθένειαν
3452 2793 3550 2863 τὴν
3582 2797 3884 2863 γενομένην
3928 2795 4017 2846 δια

2428 2884 2537 2937 τῶν
2564 2886 2739 2954 εὐχῶν
2774 2884 2939 2938 αὑτοῦ
2976 2887 3032 2938 ἐν
3073 2887 3426 2957 ἐργαστηρίῳ
3474 2888 3626 2957 αύτῷ
3680 2887 4010 2953 δοξάσαντες

2430 2979 2523 3031 τὸν
2554 2978 2707 3032 Θεόν.

2503 3071 2585 3125 H'.
2619 3070 2789 3125 Πάλιν
2818 3070 2875 3123 δὲ
2907 3070 3026 3139 μεθ’
3061 3072 3273 3141 ἡμέρας
3319 3072 3471 3134 τινάς
3513 3072 3812 3141 ἐρχομένου
3846 3073 4015 3126 αὐτοῦ

2433 3163 2491 3213 ὲν
2520 3161 2597 3230 τῷ
2623 3160 2891 3231 παλατίῳ,
2934 3163 3242 3216 ὑπαντᾶται
3275 3162 3425 3230 αὐτῷ
3460 3164 3599 3231 γυνη
3631 3163 3827 3229 ἔγκυος
3853 3162 4015 3230 οὖτα,

771 3267 943 3331 passis
996 3265 1260 3327 crinibus,
1316 3264 1558 3317 clamans
1592 3280 1605 3315 :
1642 3262 1685 3317 Ο
1732 3264 1830 3326 vis,
1862 3278 1981 3330 qum
2010 3262 2233 3316 allertur
2261 3262 2329 3316 ab
2356 3282 2396 3336 ο
2433 3253 2437 3303 ἶ

2356 3282 2396 3336 C
2433 3253 2740 3323 λυσίτριχος
2764 3294 2779 3314 ,
2840 3254 3119 3324 κράζουσα
3145 3272 3157 3285 ·
3192 3249 3259 3306 Ὠ
3320 3254 3411 3321 βία
3457 3254 3566 3307 ἀπὸ
3592 3254 3884 3316 Αὺξεντὶον
3918 3255 4015 3308 τοῦ

758 3356 1049 3417 Auxentio,
1084 3356 1173 3421 qui
1218 3355 1452 3406 comedit
1484 3355 1768 3406 daemonia.
1813 3354 2008 3421 Viginti
2042 3369 2211 3407 annos
2247 3354 2326 3407 Ia-

761 3446 839 3498 tui
884 3448 933 3496 in
990 3445 1086 3497 hac
1141 3454 1413 3505 creatura,
1450 3455 1503 3497 et
1538 3444 1657 3509 ejus
1695 3446 1955 3496 transitus
1993 3459 2077 3496 me
2104 3444 2329 3497 abduxit

761 3537 830 3588 ab
863 3535 1023 3604 hujus
1060 3524 1347 3605 unguibus.
1380 3535 1471 3587 Sic
1507 3535 1651 3587 enim
1705 3550 1799 3602 per
1827 3550 1911 3588 me
1957 3538 2173 3588 transiit
2208 3549 2329 3589 tan-

756 3648 923 3702 quam
958 3634 1127 3697 ensis,
1158 3642 1212 3684 et
1241 3646 1324 3684 me
1350 3631 1638 3699 discerpsit
1667 3649 1680 3688 :
1716 3640 1769 3685 et
1799 3646 1927 3685 ecce
1986 3647 2210 3699 separor
2262 3630 2331 3685 ab

764 3726 863 3778 hac
887 3735 1132 3777 creatura
1186 3732 1305 3792 post
1361 3724 1590 3789 spatium
1628 3723 1818 3791 viginti
1853 3739 2141 3775 annorum.
2181 3723 2331 3790 Equo

763 3829 940 3871 autem
984 3834 1080 3870 suo
1128 3816 1355 3869 subditis
1398 3818 1700 3869 calcaribus
1751 3816 1950 3869 Christi
2003 3831 2193 3869 servus
2219 3818 2330 3869 Au-

766 3912 1002 3975 xentius,
1035 3925 1102 3963 ne
1133 3919 1548 3977 cognosceretur
1576 3908 1643 3962 ab
1670 3909 2005 3972 hominibus,
2038 3910 2332 3962 festinabat

765 4002 1020 4063 transire,
1060 4001 1240 4054 celans
1285 4016 1402 4069 qua:
1434 4002 1484 4052 in
1519 4015 1574 4053 se
1624 4010 1760 4062 erat,
1794 4003 2044 4069 gratiam.
2087 3999 2329 4052 Immun-

764 4096 865 4147 dus
889 4105 1068 4146 autem
1099 4094 1321 4160 spiritus
1373 4092 1703 4160 sequebatur
1735 4108 1882 4154 eum,
1916 4092 2106 4145 dicens
2146 4109 2157 4143 :
2193 4092 2330 4156 Quid

769 4200 853 4237 me
908 4184 1113 4237 trabis?
1143 4185 1407 4253 egredior.
1442 4186 1792 4250 tiongregatze
1858 4196 1983 4235 vero
2018 4192 2141 4235 sunt
2188 4182 2331 4235 circa

767 4290 889 4326 eum
932 4275 1112 4328 inultae
1148 4277 1338 4338 turbae,
1373 4277 1506 4328 adeo
1543 4284 1599 4326 ut
1643 4276 1924 4341 suspirans
1962 4285 2014 4327 et
2045 4273 2178 4328 ﬂens
2208 4275 2333 4328 bea-

772 4377 858 4418 tus
885 4370 1147 4431 craverit,
1176 4378 1232 4419 ut
1266 4382 1327 4421 ea
1382 4378 1682 4420 curaretur.
1719 4349 1830 4419 Iloc
1871 4376 2050 4420 autem
2090 4368 2252 4429 laeto,
2281 4376 2334 4420 et

766 4476 829 4513 ea
858 4461 1040 4512 statim
1075 4457 1349 4518 mundata,
1386 4457 1550 4510 illaasn
1576 4456 1707 4510 [tetu
1738 4458 2037 4521 (erateuitu
2062 4457 2328 4525 gravida),

771 4553 1061 4617 Stupebant
1088 4564 1273 4601 omnes
1295 4559 1347 4603 et
1378 4549 1804 4612 admirabantur,
1834 4548 2000 4601 Deum
2026 4548 2335 4617 gloriﬁcan-

2428 3344 2889 3413 δαιμονιοφάγουο
2927 3347 3104 3397 εἰκοσι
3152 3345 3247 3412 ἔτη
3287 3345 3395 3415 ἔχω
3439 3347 3815 3415 κρυπτόμενος
3862 3349 3919 3398 ἐν
3949 3349 4011 3415 τῇ

2431 3436 2626 3487 πλάσει
2652 3435 2845 3504 ταύτῃ,
2869 3437 2964 3488 καὶ
2991 3439 3023 3502 ἡ
3054 3436 3288 3504 πάροδος
3311 3437 3474 3488 αὑτοῦ
3504 3438 3784 3506 ἀνήγαγεν
3812 3455 3881 3505 με
3905 3440 4014 3490 ἀπὸ

2430 3530 2539 3579 των
2567 3526 2775 3597 ὀνύχων
2807 3527 2977 3595 αὐτῆς
3003 3545 3017 3559 ο
3052 3528 3225 3591 οὕτως
3258 3530 3367 3598 γὰρ
3398 3528 3580 3597 διῆλθε
3606 3528 3675 3581 δι’
3708 3529 3869 3597 ἐμοῦ,
3904 3529 4014 3581 ὦσ-

2433 3634 2539 3687 περ
2566 3619 2719 3686 ξίφος
2758 3620 2851 3672 καὶ
2876 3619 3244 3689 διεσπάραξεν
3274 3637 3364 3688 με,
3424 3622 3517 3674 καὶ
3561 3622 3670 3674 ἰδοὺ
3702 3622 4015 3691 χωρξξομαι

2432 3711 2539 3763 ἀπὸ
2570 3711 2667 3779 τῆς
2693 3711 2942 3773 πλάσεως
2968 3712 3173 3778 ταύτης
3226 3713 3315 3764 διὰ
3346 3714 3550 3765 εἴκοσιν
3587 3713 3748 3765 ἑτῶν.
3785 3714 4016 3781 Πτερνί-

2435 3820 2531 3865 σας
2577 3805 2634 3857 δὲ
2691 3806 2782 3856 τὸν
2829 3806 2992 3857 ἵππον
3039 3804 3204 3857 αὐτοῦ
3232 3807 3260 3857 ὁ
3306 3805 3592 3875 ἄνθρωπος
3644 3805 3739 3858 τοῦ
3772 3806 4015 3877 Χριστοῦ

2434 3896 2569 3964 πρὸς
2599 3900 2659 3947 τὸ
2689 3898 2761 3963 μὴ
2792 3896 3100 3964 γνωσθῆναι
3133 3897 3240 3949 ὑπὸ
3285 3896 3395 3949 τῶν
3426 3896 3733 3964 ἀνθρώπων
3760 3936 3774 3957 ,
3819 3898 4017 3949 ἔσπευ-

2435 3990 2523 4041 δεν
2557 3988 2846 4057 παρελθεῖν
2902 3989 3164 4058 κρύπτων
3220 3991 3318 4059 τὴν
3347 3992 3404 4041 ὲν
3448 3988 3597 4058 αὐτῷ
3626 3990 3787 4059 χάριν
3811 4005 3822 4016 ’
3866 3993 3927 4041 τὸ
3960 3990 4016 4042 ὁὶ

2434 4082 2741 4151 ἀκάθαρτον
2798 4082 3018 4150 πνεῦμα
3056 4083 3243 4151 σχεδὸν
3295 4082 3586 4148 ἠκολούθει
3622 4084 3770 4150 αὐτῷ
3806 4084 4016 4149 λέγων’

2437 4173 2501 4224 Τί
2535 4190 2601 4240 με
2630 4173 2811 4235 ἕλκεις
2838 4191 2848 4237 ;
2883 4174 3199 4244 ἐξέρχομαι.
3237 4174 3589 4243 Συνήχθησαν
3610 4174 3665 4226 δὲ
3700 4177 3829 4241 περὶ
3853 4175 4015 4227 αὐτοι

2436 4266 2583 4336 ὖχλοι
2614 4268 2825 4329 πολλοὶ,
2867 4268 2942 4331 ὡς
2980 4269 3307 4333 στενάξαντα
3354 4268 3444 4320 τὸν
3500 4272 3769 4340 μακάριον
3799 4272 3893 4322 καὶ
3921 4271 4021 4322 δα·

2437 4360 2717 4430 κρύσαντα
2768 4360 3028 4425 εὔξασθαι
3058 4362 3153 4414 τοῦ
3188 4360 3405 4431 ἰαθῆναι
3434 4365 3626 4433 αὑτήν.
3663 4363 3869 4415 Τούτου
3923 4360 4018 4417 οὖν

2438 4452 2729 4519 γενομένου
2756 4454 2851 4505 καὶ
2884 4452 3228 4522 παραχρῆμα
3254 4453 3683 4523 καθαρισθείσης
3713 4455 3906 4522 αὐτῆς,
3941 4455 4015 4522 μὴ

2440 4545 2790 4613 ἀδικηθέντος
2809 4544 2904 4595 τοῦ
2936 4544 3168 4613 βρέφους
3185 4546 3592 4615 (ἐγκύμωνγάρ
3611 4542 3699 4615 ἦν)
3734 4546 4017 4608 ἐξίσταντο

771 4655 850 4696 tes
892 4643 979 4711 qui
1013 4644 1169 4695 talem
1207 4650 1529 4709 potestatem
1565 4640 1711 4695 dedit
1733 4642 1906 4695 servis
1930 4641 2044 4695 suis
2071 4642 2331 4695 adversus
2363 4612 2415 4672 D

2363 4612 2415 4672 D
2442 4636 2661 4698 πάντες,
2698 4639 2793 4689 καὶ
2846 4637 3174 4703 ἐθαύμαζον,
3236 4637 3554 4701 δοξάζοντες
3604 4637 3696 4688 τὸν
3734 4638 3892 4698 Θεὸν,
3926 4638 4015 4687 τὸν

770 4736 1077 4791 immundos
1118 4735 1360 4803 spiritus.

2442 4730 2692 4797 τοιαύτην
2723 4728 2969 4793 ἐξουσίαν
3004 4729 3143 4780 κατὰ
3186 4730 3511 4798 ἀκαθάρτων
3559 4729 3889 4797 πνευμάτων
3939 4730 4017 4780 δι-

2441 4823 2602 4875 δόντα
2632 4824 2740 4883 τοῖς
2780 4821 2987 4883 δούλοις
3016 4820 3202 4875 αὑτοῦ.

2261 4977 2487 5033 LAPUT
2516 4979 2579 5032 Il.

1083 5088 1358 5146 Habitatio
1389 5091 1444 5145 S.
1490 5092 1735 5147 Auxentii
1768 5094 1925 5161 juxta
1971 5091 2164 5147 Oxiam
2196 5101 2419 5144 montem
2457 5108 2473 5143 .·
2507 5107 2645 5144 ca'ca
2688 5093 3014 5156 illuminam,
3051 5097 3384 5162 energumem’
3409 5095 3634 5148 liberali.

849 5232 937 5284 IX.
975 5232 1265 5299 Postquam
1301 5241 1480 5285 autem
1514 5234 1626 5286 haec
1658 5232 1795 5286 facta
1826 5245 1969 5298 sunt,
2000 5248 2104 5287 non
2154 5233 2337 5287 volens

774 5325 975 5378 Christi
1012 5326 1164 5377 miles
1194 5326 1491 5378 Auxentius
1523 5324 1728 5379 laudari
1763 5327 1829 5380 ab
1874 5328 2209 5387 hominibus,
2242 5327 2334 5379 sed

774 5418 1033 5470 ent-omiis
1071 5416 1332 5469 celebrari
1372 5421 1437 5472 ab
1472 5420 1698 5486 angelis,
1727 5419 1919 5486 spiritu
1955 5420 2254 5487 prazvitleus
2280 5421 2333 5471 in

776 5509 1113 5563 sanctissima
1143 5508 1377 5563 Ecclesia
1412 5512 1744 5565 nascituram
1778 5513 1899 5564 vani
1925 5513 2189 5580 dogmatis
2224 5516 2328 5564 lue-

776 5602 959 5663 resitu,
1021 5598 1277 5661 Nestorii,
1323 5603 1636 5669 inquatn,et
1673 5600 1953 5669 Eutycltis,
2001 5602 2184 5655 relicta
2230 5612 2336 5652 ter-

777 5704 902 5740 rena
930 5690 1116 5742 militia
1148 5702 1200 5743 et
1228 5690 1345 5743 aula
1377 5692 1742 5760 imperatoris,
1776 5707 1898 5745 cum
1925 5706 2118 5759 magno
2143 5692 2338 5760 gaudio

777 5782 982 5849 twregit
1017 5783 1065 5833 id
1100 5784 1238 5851 quod
1264 5784 1391 5839 olim
1421 5785 1780 5859 desiderabat.
1814 5782 1946 5839 Nam
1992 5789 2057 5839 ab
2087 5787 2341 5839 omnibus

855 5925 873 5947 °
906 5917 1094 5973 Mallb.
1137 5935 1207 5985 μ’,
1242 5923 1292 5972 εί.

2516 5232 2592 5285 Θ’.
2628 5230 2779 5284 Μετὰ
2832 5232 2888 5285 δὲ
2924 5233 2984 5283 τὸ
3013 5233 3266 5299 γενέσθαι
3304 5232 3497 5297 ταῦτα,
3533 5233 3607 5302 μὴ
3641 5232 3963 5301 βουλόμενος
3993 5238 4018 5286 6

2444 5324 2536 5378 τοῦ
2562 5324 2798 5394 Χριστοῦ
2825 5325 3164 5395 στρατιώτης
3208 5328 3359 5395 παρὰ
3384 5325 3492 5377 τῶν
3523 5326 3826 5394 ἀνθρώπων
3858 5327 4017 5377 ἐπαί-

2448 5417 2655 5487 ρεσθαι⁹
2719 5417 2856 5470 ἀλλὰ
2915 5418 3064 5487 παρὰ
3099 5417 3209 5469 τῶν
3259 5419 3507 5485 ἀγγέλων
3541 5418 4016 5486 ἐγκωμιάζεσθαι,

2447 5509 2696 5579 προορῶν
2728 5527 2789 5562 τε
2824 5509 2901 5577 τῷ
2936 5510 3208 5577 πνεύματι
3240 5513 3336 5577 τὴν
3368 5510 3665 5575 μέλλουσαν
3694 5510 3932 5575 φύεσθαι
3963 5514 4019 5562 ὲν

2440 5603 2505 5669 τῇ
2531 5599 2809 5669 ἁγιωτάτῃ
2846 5599 3140 5668 Ἐκκλησία
3170 5600 3357 5653 καινοῦ
3407 5600 3675 5667 δόγματος
3730 5604 4016 5669 αἱρεσιαρ·

2444 5693 2588 5761 χίαν,
2621 5693 2763 5757 λέγω
2795 5691 2859 5760 δὴ
2901 5692 3197 5760 Νεστορίου
3227 5693 3320 5743 καὶ
3355 5692 3651 5761 Εὐτυχοῦς.
3698 5693 4017 5744 καταλιπων

2446 5788 2541 5858 τὴν
2575 5786 2813 5853 ἐπίγειον
2847 5789 3135 5857 στρατείαν
3167 5794 3252 5840 καῖ
3281 5789 3374 5851 τὰς
3410 5787 3688 5853 βασιλικὰς
3717 5792 3903 5847 αζιας.
3934 5790 4017 5837 τὶν
