4218 6482
247 466 385 535 1389

1512 454 1691 515 ῊΤΑ
1734 453 1796 512 S.
1841 450 2242 513 AUXENTII.

3378 448 3518 519 1390

236 582 329 637 τὴν
353 576 626 652 μακάριον
651 594 696 629 ω
723 576 969 640 ἄπιστος,
997 574 1071 639 ῶς
1100 572 1258 644 δόξης
1278 572 1440 625 ἕνεκα
1466 572 1558 624 καὶ
1576 571 1673 624 οὐκ
1703 570 1829 637 αρε-

1936 584 2001 623 ιιε
2033 571 2252 624 verbum
2279 568 2494 636 quidem
2528 567 2759 623 locutus.
2810 567 3171 633 Quamobrem
3229 579 3511 639 postquam

236 676 337 746 τῆς
362 691 413 726 τι
444 671 933 743 διαπραττόμενον.

308 932 409 990 1Ε⁹.
444 934 883 1004 Κατερχομένων
908 932 1003 986 οῦν
1027 933 1207 987 αὐτῶν
1230 933 1322 986 ἐπὶ
1351 932 1431 1003 τῷ
1476 933 1698 1003 Ίίμέρῳ
1730 935 1821 986 ἐπὶ

233 1034 297 1084 τδ
335 1029 568 1082 πλεῦσαι
596 1029 900 1097 (ἐμπόριον
922 1028 980 1081 δὲ
1029 1027 1188 1080 τοῦτὸ
1223 1028 1375 1079 ἐστιν
1406 1026 1506 1090 τῆς
1537 1027 1820 1096 Καλχηδό-

235 1123 364 1191 νος)
419 1121 515 1175 τοῦ
573 1122 807 1175 ἀπίστου
869 1124 999 1183 παῖς
1040 1120 1357 1193 διερρωγὼς
1413 1121 1538 1182 τοὺς
1588 1120 1824 1189 χιτῶνας

235 1218 537 1286 ὕπηντᾶτο,
576 1215 846 1278 ὁλολύξων
881 1215 976 1267 καὶ
1009 1213 1244 1281 θρηνῶν.
1291 1212 1381 1274 Ὠς
1411 1211 1467 1265 δὲ
1510 1213 1609 1281 τὴν
1642 1212 1825 1264 αἰτίαν

234 1310 544 1379 πυθόμενος
575 1313 601 1361 ὀ
634 1312 827 1361 τούτου
887 1308 1179 1378 δεσπότης,
1215 1307 1277 1359 οὐ
1313 1307 1477 1374 τάχος
1518 1305 1824 1375 ἐμάνθανεν

233 1401 333 1456 τοῦ
365 1401 550 1462 mea;
601 1402 707 1453 ὑπὸ
757 1400 912 1463 δέους
946 1402 1042 1454 καὶ
1093 1400 1270 1468 λύπης
1309 1399 1372 1450 τὸ
1405 1398 1622 1466 συμϐὰν
1661 1399 1824 1462 ἐξαγ-

236 1495 454 1561 γέλλειν
508 1492 974 1560 ἀναϐαλλομένου,
1029 1490 1189 1543 τοῦτο
1242 1491 1299 1542 δὲ
1336 1490 1497 1558 μόνον
1546 1489 1821 1555 λέγοντος,

244 1589 329 1639 ὃτι
371 1586 556 1639 Κακῖιν
595 1588 728 1657 ἡμῖν
785 1586 1040 1652 πρᾶγμα,
1100 1584 1359 1645 δέσποτα,
1409 1580 1626 1649 συνέϐη.
1677 1582 1823 1632 Ἐπι-

241 1679 690 1748 πληκτικώτερον
722 1677 1049 1746 ἀποκριθεὶς
1078 1675 1106 1725 ὁ
1131 1675 1401 1741 δεσπότης
1438 1674 1605 1727 αὐτοῦ
1636 1689 1822 1741 φησιν·

242 1771 377 1823 Εἰπὲ
418 1771 469 1822 τί
518 1772 666 1821 ἐστιν
690 1783 704 1798 °
736 1770 1053 1836 ἐσυλώθηνς
1097 1766 1477 1835 ὲνεπρήσθην;
1520 1766 1577 1817 Ὀ
1606 1766 1661 1816 δὲ
1698 1765 1828 1826 παῖς

237 1861 424 1928 λέγει·
494 1861 622 1913 Ἰδοὺ
690 1861 722 1929 ὴ
773 1858 1020 1926 Θυγάτηρ
1052 1875 1146 1910 σου
1178 1860 1236 1909 ἐν
1284 1856 1362 1927 τῷ
1409 1857 1545 1925 οῐκῳ
1575 1855 1827 1925 χαλεπῶς

1932 663 2031 715 fuit
2064 662 2338 725 dimissus,
2387 660 2633 730 pluribus
2690 676 2880 715 rursus
2943 662 3245 717 maledictis
3296 662 3513 717 beatum

1930 753 2261 805 Auxentium
2292 754 2590 805 insectatus
2640 763 2721 806 cst
2751 753 3083 809 incredulus.
3119 767 3175 808 ιιι
3205 757 3297 825 qui
3330 756 3517 826 gloriae

1930 858 2117 906 causa,
2151 852 2205 897 et
2239 859 2342 896 non
2378 845 2593 895 virtutis
2620 844 2911 913 quidquam
2959 845 3178 899 faceret.

2001 936 2118 989 XV.
2148 936 2282 990 Cum
2324 936 2423 1004 ipsi
2451 945 2633 988 autem
2691 937 2754 989 ad
2792 936 3080 990 llenterutn
3122 940 3514 995 descenderent

1930 1030 1994 1082 ad
2046 1031 2408 1097 navigandum
2445 1028 2569 1099 (hoc
2612 1041 2693 1083 est
2729 1040 2909 1081 autem
2951 1033 3249 1096 emporium
3281 1031 3512 1087 Chalce-

1929 1124 2128 1189 donis),
2165 1139 2295 1192 puer
2320 1123 2580 1177 inereduli
2628 1123 2688 1178 ﬁt
2726 1124 2938 1178 obviam
2974 1126 3141 1179 scissa
3172 1126 3375 1192 tunica,
3404 1126 3517 1195 eju-

1934 1216 2048 1270 lans
2081 1229 2132 1269 et
2153 1216 2626 1271 lamentans.Cnm
2659 1231 2784 1271 vero
2803 1231 3020 1272 causam
3053 1217 3364 1273 sciscitatus
3391 1221 3510 1288 ejus

1929 1310 2204 1374 dominus,
2256 1324 2362 1363 non
2411 1324 2573 1378 quam
2606 1311 2840 1375 primum
2875 1309 3163 1372 intellexit,
3205 1324 3373 1378 puero
3405 1325 3514 1376 pra:

1932 1409 2129 1459 timore
2156 1418 2209 1458 et
2243 1421 2479 1459 mmrore
2510 1407 2558 1459 id
2599 1406 2743 1475 quod
2778 1405 3047 1459 acciderat
3089 1420 3321 1459 narrare
3357 1404 3514 1459 diffe-

1933 1510 2113 1561 rente,
2167 1500 2268 1553 hoc
2327 1510 2503 1552 autem
2557 1500 2731 1552 solum
2774 1500 3008 1559 dicente,
3045 1498 3150 1550 Res
3186 1498 3322 1550 mala
3356 1498 3516 1552 nobis

1931 1594 2147 1656 accidit,
2196 1607 2226 1647 ο
2256 1593 2512 1653 domine,”
2544 1594 2721 1646 acrius
2759 1602 2812 1646 et
2867 1592 3241 1645 vehementius
3286 1605 3515 1657 respou-

1933 1685 2063 1739 dens
2088 1686 2206 1753 ejus
2234 1685 2505 1747 dominus,
2543 1687 2677 1738 dixit
2714 1703 2725 1736 :
2764 1685 2879 1746 Dic,
2929 1685 3059 1752 quid
3090 1685 3159 1738 sit
3190 1701 3203 1737 :
3240 1684 3516 1736 iurtuntne

1934 1775 1985 1826 in
2021 1791 2106 1829 me
2140 1785 2223 1829 cst
2256 1776 2576 1838 .‘tdmissum,
2610 1790 2676 1828 an
2732 1788 2924 1841 passus
2977 1790 3095 1828 sum
3165 1774 3517 1828 incendium?

1932 1865 2076 1921 Puer
2106 1868 2238 1920 dicit
2265 1886 2277 1920 :
2310 1866 2699 1936 Nequaquam:
2735 1867 2828 1919 scd
2865 1866 2970 1919 lilia
3002 1877 3087 1920 tua
3109 1866 3252 1919 domi
3276 1868 3515 1937 graviter

240 1951 660 2023 δαιμονίζεται,
710 1950 784 2012 ῶς
831 1950 905 2020 μὴ
964 1948 1354 2018 περιγενέσθαι
1410 1948 1580 2015 αὐτῆς
1622 1944 1827 2014 ἰσχύειν

1937 1970 2162 2011 vexatur
2188 1972 2217 2010 a
2275 1959 2536 2019 daemone,
2578 1960 2712 2012 adeo
2753 1969 2809 2011 ut
2834 1974 2929 2012 nos
2956 1973 3075 2013 eam
3105 1973 3209 2012 non
3242 1960 3516 2026 possimus

240 2049 416 2115 ἡμᾶς.
463 2047 597 2098 Τότε
650 2044 714 2114 δὴ
758 2048 836 2106 εἰς
874 2044 1233 2112 συναίσθησιν
1277 2040 1577 2110 ἐληλυθὼς,
1628 2039 1832 2108 ἧρξατο

239 2136 473 2189 τύπτειν
533 2138 593 2188 τὸ
647 2135 941 2205 πρόσωπον
997 2132 1163 2186 αὑτοῦ
1217 2134 1313 2185 xa‘t
1356 2131 1702 2185 κατατί).λειν
1735 2130 1833 2186 τὰς

241 2229 441 2298 τρίχας
486 2227 652 2281 αὑτοῦ
683 2229 777 2279 καὶ
826 2227 955 2297 βοᾷν
1018 2227 1231 2296 μεγάλῃ
1268 2228 1332 2295 τῇ
1368 2228 1519 2295 φωνῇ
1545 2239 1557 2250 ·
1595 2224 1733 2275 Οὐαὶ
1764 2226 1829 2293 τῇ

240 2322 351 2391 ἐμῇ
384 2322 650 2390 ἀπιστία·
687 2321 801 2373 ἀλλ’
826 2322 920 2372 ἐπὶ
979 2320 1115 2373 πολὺ
1154 2320 1600 2380 κατακόπτοντος
1633 2319 1831 2369 ἑαυτὸν

239 2420 341 2467 καί
368 2416 659 2483 ἁφορήτως
691 2413 1041 2482 Θρηνοῦντος,
1067 2415 1093 2465 ὁ
1126 2414 1221 2465 σὺν
1256 2412 1405 2481 αύτῷ
1447 2412 1637 2473 πιστὸς
1682 2412 1831 2463 ἑταῖ-

244 2523 339 2575 ρος
375 2502 527 2558 εἶπεν
590 2506 722 2574 πρὸς
781 2505 965 2567 αὑτὸν,
1031 2503 1214 2564 καθὼς
1274 2502 1518 2570 ὀΣωτὴρ
1580 2499 1715 2570 πρὸς
1741 2500 1833 2551 τὸν

256 2596 485 2667 Ἰἀῖρονο
530 2598 621 2665 Μὴ
675 2597 865 2665 φοϐοῦ,
922 2595 1085 2665 μόνον
1118 2595 1366 2657 πίστευε,
1402 2594 1495 2645 καὶ
1524 2592 1831 2660 σωθήσεται

243 2692 279 2751 ἠ
312 2692 463 2751 παῖς.
494 2688 741 2741 Ἐκείνου
774 2689 829 2740 δὲ
860 2689 960 2757 τὴν
1001 2688 1261 2739 ἀπιστίαν
1292 2683 1476 2754 τελεία
1521 2683 1699 2735 πίστει
1745 2683 1833 2733 διὰ

243 2782 354 2850 τῆς
388 2782 723 2850 προφάσεως
748 2780 951 2850 ταύτης
975 2778 1431 2848 διωρθωσαμένου
1466 2776 1561 2828 καὶ
1601 2774 1831 2843 κράζον-

245 2888 377 2934 ¹τος·
438 2874 725 2933 Πιστεύω,
776 2872 963 2941 βοήθει
1021 2888 1124 2940 μου
1182 2873 1248 2940 τῇ
1286 2868 1537 2938 ἀπιστίᾳ,
1569 2865 1831 2934 διαπερά-

248 2980 447 3025 σαντες
494 2968 609 3034 ἆμα
662 2961 827 3035 ἦλθον
864 2966 958 3016 ἐπὶ
988 2966 1088 3034 τὴν
1119 2966 1298 3016 οἰκίαν
1329 2978 1342 2989 ·
1399 2964 1495 3015 καὶ
1537 2961 1600 3026 δὴ
1635 2958 1833 3011 θεασά-

253 3073 411 3125 μενοι
442 3055 540 3125 τὴν
567 3059 855 3126 συμφορὰν
884 3060 978 3109 καὶ
1007 3058 1297 3127 ἀφορήτως
1335 3056 1701 3122 ἔλεγχοιιένην
1735 3053 1835 3122 τὴν

248 3148 423 3216 κόρην
463 3149 557 3201 καὶ
586 3152 678 3200 τὸν
710 3150 984 3219 μακάριον
1040 3150 1332 3212 Αῦξέντιον
1370 3146 1831 3213 ἐπικαλουμένην,

251 3243 524 3309 οἰμωγαῖς
576 3242 671 3294 καὶ
718 3242 975 3312 ὀδυρμοῖς
1007 3242 1377 3311 ἐκραύγαζον.
1431 3236 1564 3292 Εἶτα
1626 3237 1833 3303 λέγειὸ

250 3328 441 3398 lupo;
502 3330 579 3399 τῷ
639 3333 813 3401 πατρὶ
859 3333 957 3399 τῆς
994 3333 1194 3401 κόρης·
1231 3330 1402 3399 Δεῦρο
1446 3330 1509 3399 δὴ
1543 3330 1702 3391 εὐθὺς
1740 3330 1834 3381 καὶ

253 3424 601 3492 παραχρῆμα
658 3425 958 3492 οίῳδήποτε
1008 3424 1197 3492 τρόπῳ
1241 3424 1578 3492 πεδήσαντες
1639 3423 1832 3490 αὐτὴν,

254 3516 392 3582 πρὸς
421 3517 511 3567 τὸν
553 3517 699 3567 ὂσιον
745 3518 1124 3586 ἁπαγάγωμεν
1181 3515 1369 3585 ἄνδρα,
1422 3514 1606 3568 ίκανοῦ
1665 3514 1833 3566 αὐτοῦ

250 3607 410 3668 ὄντος
440 3608 763 3677 δυσωπῆσαι
796 3610 885 3660 τὸν
911 3610 1043 3661 Θεὲν
1074 3609 1203 3677 περὶ
1231 3608 1333 3676 τῆς
1364 3608 1557 3670 ἰάσεως
1588 3608 1779 3674 αὐτῆς.

314 3694 432 3761 ΚΓ.
477 3697 564 3758 Ὡς
606 3696 661 3748 δὲ
694 3697 851 3748 τοῦτο
898 3697 1241 3761 τελέσαντες,
1287 3698 1366 3768 τῷ
1406 3697 1563 3766 ἀνδρὶ
1592 3698 1837 3766 προσήγ-

254 3787 434 3852 γιζον,
469 3788 672 3857 ἤρξατο
701 3789 1078 3856 ἀγριαίνεσθαι
1126 3790 1404 3859 περισσῶς
1456 3791 1551 3842 καὶ
1588 3790 1839 3842 ὑλακτεῖν

255 3880 357 3929 καὶ
410 3877 485 3937 ῶς
538 3878 808 3947 ἑλκομένη
862 3880 1000 3947 μετὰ
1048 3878 1256 3948 δρόμου
1292 3879 1540 3941 πλείονος
1594 3880 1837 3932 ἀνιέναι·

258 3968 523 4037 φθάσαςα
551 3966 642 4022 οὖν
691 3971 953 4038 ἄντικρυς
999 3972 1092 4023 τοῦ
1124 3970 1367 4040 θυριδὶου
1397 3970 1496 4038 τῆς
1527 3971 1719 4039 κέλλης
1749 3971 1841 4023 τοῦ

261 4062 542 4130 μακαρίου
591 4061 839 4130 παρέστη
878 4062 1279 4131 βασανιζομένη
1316 4061 1503 4123 δεινῶς
1530 4078 1542 4089 ⁸
1578 4061 1843 4131 ὀδυρομέ-

258 4171 373 4205 νων
419 4153 524 4205 τῶν
560 4155 845 4222 ἑπομένων
910 4154 1009 4224 τὴν
1061 4154 1371 4223 συμφοράν.
1441 4155 1563 4205 Ἐπὶ
1589 4153 1722 4203 πολὺ
1752 4148 1844 4203 οὖν

258 4247 631 4314 ἱλεγχομένης
670 4248 873 4314 αὐτῆς,
922 4247 1143 4309 ἀνοίξας
1167 4247 1266 4314 τὴν
1300 4245 1490 4314 θυρίδα
1521 4247 1548 4296 ὁ
1582 4248 1638 4296 ἐν
1670 4246 1846 4312 ἁγίοις

264 4337 455 4407 Πατὴρ
490 4338 672 4406 ἡμῶν,
712 4340 993 4406 ἐμϐλέψας
1020 4342 1085 4407 τῇ
1125 4338 1262 4407 κόρῃ
1292 4338 1573 4407 ὲμδριθῶς
1621 4339 1804 4403 ἔλεγεν
1829 4353 1841 4366 ·

260 4430 450 4501 Τριῶν
474 4431 712 4499 φολλεων
742 4432 775 4501 ἢ
799 4431 857 4495 ἒξ
885 4431 1153 4498 φύλλεωνς
1186 4433 1247 4483 υἱ
1274 4431 1329 4483 δὲ
1360 4431 1623 4500 παρόντες
1645 4431 1706 4482 ὶκ
1728 4430 1847 4483 δευ-

262 4525 427 4593 τέρου
486 4526 585 4593 τὴν
620 4526 804 4595 φωνὴν
836 4525 1039 4594 ταύτην
1068 4525 1175 4577 ἀπὸ
1228 4524 1327 4575 τοῦ
1384 4526 1532 4578 ὁσίου
1563 4524 1845 4594 λεχθεῖσαν

1935 2063 2212 2117 snperare.
2248 2051 2401 2104 Tunc
2465 2050 2573 2112 ille,
2624 2050 2847 2102 stimulo
2901 2059 3080 2102 motus
3137 2050 3512 2111 conscientiae,

1934 2143 2099 2211 ccepit
2149 2142 2343 2197 faciem
2400 2152 2774 2211 perculete,et
2811 2142 3009 2197 vellere
3036 2142 3282 2208 capillos,
3319 2150 3373 2196 et
3399 2157 3517 2195 ma-

1933 2250 2033 2303 gna
2071 2248 2201 2287 voce
2233 2234 2469 2287 clamare
2497 2252 2510 2286 :
2542 2233 2633 2286 ναι
2688 2248 2819 2287 mea:
2880 2234 3264 2287 incredulitati.
3304 2233 3377 2286 Eo
3416 2249 3514 2285 att-

1936 2333 2041 2376 tem
2074 2339 2132 2377 se
2163 2324 2252 2376 diu
2284 2323 2556 2377 lacerantc
2582 2337 2634 2376 et
2676 2323 3006 2377 latncn'ante
3071 2324 3510 2387 intulerabiliter,

1936 2415 2095 2476 alter,
2134 2416 2221 2482 qui
2258 2430 2377 2467 cum
2407 2417 2520 2482 ipso
2545 2426 2657 2468 erat
2692 2415 2884 2478 lideiis,
2912 2415 3045 2468 dixit
3073 2417 3121 2467 ei
3149 2417 3286 2468 sicut
3306 2415 3509 2469 Serva-

1936 2516 2021 2560 tor
2050 2506 2196 2562 Jairo
2227 2508 2267 2538 ¹⁰
2300 2526 2312 2560 :
2349 2507 2534 2561 Solum
2568 2511 2748 2570 ere-tle,
2771 2508 2987 2561 etsalva
3017 2510 3120 2561 erit
3145 2508 3341 2575 puella.
3372 2507 3509 2563 Cum

1938 2600 2025 2653 ille
2080 2614 2208 2653 vero
2266 2598 2698 2652 incredulitatem
2764 2599 3003 2668 perfecta
3051 2600 3154 2653 ﬁde
3180 2602 3514 2654 correxisset

1939 2701 2158 2760 propter
2199 2697 2334 2744 hanc
2360 2693 2724 2753 occasionem,
2758 2702 2808 2745 et
2831 2692 3129 2745 clamaret:
3169 2689 3366 2755 Credo,
3409 2691 3511 2744 Du.

1940 2780 2108 2841 mine,
2139 2778 2219 2831 fer
2259 2794 2417 2846 opem
2454 2794 2587 2832 mere
2624 2780 2987 2833 incredulilati
3028 2798 3039 2833 :
3073 2782 3406 2849 trajicientes
3434 2782 3513 2835 si-

1939 2871 2046 2925 mul
2074 2882 2341 2925 venerunt
2366 2872 2601 2925 domum.
2638 2872 2738 2936 Qui
2768 2888 2887 2926 cum
2931 2873 3196 2926 vidissent
3226 2873 3516 2926 calamita-

1939 2972 2069 3027 tem,
2104 2974 2156 3015 et
2198 2963 2428 3031 puellam
2492 2978 2610 3031 qua:
2644 2966 2946 3017 vexabatur
2995 2964 3432 3028 intolerabiliter,
3460 2975 3517 3020 et

1941 3056 2288 3108 invocantem
2352 3056 2565 3107 beatum
2596 3057 2949 3120 Auxentium,
2983 3058 3291 3111 clamabant
3321 3070 3514 3110 omnes

1939 3163 2059 3203 cum
2093 3146 2310 3202 ﬂetibus
2341 3158 2395 3201 et
2417 3146 2727 3213 ejulatibus.
2767 3147 2970 3202 Deinde
3017 3148 3147 3201 dicit
3177 3148 3385 3201 amicus
3417 3163 3513 3216 pa-

1940 3241 2004 3294 tri
2029 3241 2214 3309 puellaa
2234 3260 2246 3293 :
2267 3241 2395 3308 Age,
2416 3254 2447 3293 ο
2463 3241 2658 3303 amice,
2676 3242 3163 3309 quomodocunque
3189 3241 3514 3309 poterimus.

1890 3325 1905 3344 ⁴
1941 3347 2059 3385 eam
2123 3333 2447 3392 vinciamns,
2485 3341 2539 3384 et
2592 3332 3027 3384 transmittentes
3091 3332 3401 3385 deferamus
3444 3333 3513 3386 ad

1942 3432 2187 3478 sanctum
2250 3424 2442 3484 virum,
2479 3436 2601 3475 cum
2637 3423 2748 3492 ipse
2781 3438 2809 3475 a
2845 3421 2956 3477 Deo
2988 3422 3159 3491 possit
3215 3422 3515 3491 impetrare

1942 3515 2057 3582 ejus
2089 3514 2455 3568 curationem.

2016 3693 2157 3750 XVI.
2192 3693 2324 3749 Cum
2384 3694 2485 3747 hoc
2523 3703 2701 3747 autem
2738 3691 3013 3757 fecissent,
3063 3700 3118 3745 et
3169 3694 3287 3747 viro
3325 3704 3519 3749 sancto

1947 3789 2464 3857 appropinquarent,
2493 3787 2662 3855 puella
2685 3786 2845 3853 cmpit
2870 3784 3106 3845 efferari,
3134 3796 3187 3839 et
3209 3786 3517 3840 mirandum

1946 3883 1997 3934 in
2035 3881 2251 3933 modum
2313 3878 2513 3939 furere,
2554 3886 2606 3929 et
2660 3875 2858 3930 latrare
2898 3886 2954 3929 ut
2988 3877 3161 3940 cauis,
3214 3888 3270 3932 et
3297 3879 3521 3947 perinde

1947 3988 2008 4025 ac
2065 3974 2108 4025 si
2166 3970 2475 4023 traheretur
2520 3969 2586 4021 ab
2621 3970 2825 4037 aliquo,
2859 3968 3047 4035 majori
3078 3985 3239 4024 cursu
3275 3985 3516 4025 currere.

1946 4066 2079 4118 Cum
2139 4079 2265 4117 vero
2319 4064 2650 4129 pervenisset
2696 4077 2763 4116 ex
2825 4064 3053 4116 adverso
3101 4063 3521 4117 fenestraecella:

1950 4158 2109 4217 beati,
2155 4155 2419 4215 constitit,
2450 4163 2502 4207 et
2539 4152 2610 4207 ibi
2646 4155 2885 4222 graviter
2928 4153 3304 4223 torquebatur.
3336 4152 3402 4206 Et
3430 4157 3522 4222 qui

1950 4248 2334 4317 sequebantur,
2390 4260 2508 4297 cum
2566 4246 2717 4298 valde
2749 4244 3006 4298 deflerent
3046 4245 3434 4308 calamitatem,
3469 4256 3524 4298 et

1953 4342 2067 4407 ipsa
2120 4339 2273 4391 valde
2331 4345 2638 4399 vexaretur,
2680 4336 2927 4403 aperiens
2959 4334 3252 4390 fenestram
3298 4346 3524 4390 sanctus

1949 4430 2107 4484 Pater
2137 4438 2323 4482 noster
2354 4428 2679 4492 Auxentius,
2712 4439 2767 4480 et
2799 4442 2917 4480 eam
2957 4426 3196 4495 graviter
3228 4428 3520 4496 aspiciens,

1952 4524 2107 4588 dixit,
2165 4520 2365 4574 Tribus
2419 4519 2596 4574 obolis
2653 4530 2745 4572 aut
2797 4533 2890 4573 sex
2960 4518 3152 4573 obolis.
3186 4517 3286 4584 Qui
3339 4528 3520 4573 autem

262 4615 591 4684 ἀκηκοότες,
615 4616 847 4686 ἔρριψαν
870 4618 1098 4679 ἑαυτοὺς
1132 4618 1229 4670 σὺν
1257 4618 1334 4686 τῷ
1365 4618 1530 4687 πατρῖ
1553 4615 1653 4684 τῆς
1680 4617 1832 4683 κόρης

1955 4617 2197 4677 aderant,
2226 4628 2347 4667 cum
2385 4613 2575 4666 iterum
2606 4613 2744 4665 hanc
2794 4623 2983 4665 vocem
3020 4625 3048 4663 a
3104 4619 3295 4665 sancto
3324 4611 3521 4664 dictam

267 4711 351 4771 είς
372 4710 433 4761 τὸ
464 4708 657 4776 ἔδαφος
687 4707 918 4778 βοῶντες
939 4724 953 4739 ·
999 4709 1273 4779 Ἐλέησον,
1298 4709 1451 4761 δοῦλε
1478 4707 1571 4759 τοῦ
1600 4706 1734 4758 Θεοῦ
1758 4706 1848 4758 τοῦ

272 4805 525 4872 ὑψίστου,
560 4806 655 4856 καὶ
684 4808 1073 4874 συγχώρησον·
1112 4808 1139 4857 ὁ
1189 4805 1409 4858 πάντων
1435 4803 1542 4873 γὰρ
1574 4804 1849 4869 Δεσπότης

272 4901 367 4949 καὶ
398 4897 589 4967 Σωτὴρ
620 4898 856 4967 Χριστὸς
897 4902 1107 4970 προορᾷ
1157 4899 1243 4950 δια
1284 4897 1379 4950 σοῦ
1409 4900 1501 4949 καὶ
1536 4898 1602 4949 τὰ
1630 4896 1849 4965 μακρὰν

271 4989 544 5058 λεγόμενα
579 4991 671 5042 καὶ
698 4990 1068 5060 πραττόμενα,
1097 4992 1171 5052 ῶς
1198 4990 1360 5042 οἰκῶν
1392 4992 1448 5041 ὲν
1479 4990 1560 5041 σοὶ
1590 4988 1667 5057 τῷ
1688 4987 1846 5055 θερα-

275 5100 434 5135 ποντι
455 5084 639 5136 αὐτοῦ.
670 5082 783 5152 Τὴν
808 5083 900 5135 οὖν
929 5084 1249 5154 ὲμδρίθειαν
1277 5084 1539 5152 πραότητι
1564 5080 1853 5134 καταστεί-

274 5177 372 5237 λας
396 5177 426 5228 δ
464 5177 756 5244 μακάριος,
791 5177 1300 5244 προσκαλεσάμενος
1330 5177 1453 5237 τοὺς
1492 5179 1693 5235 πάντας
1719 5174 1852 5240 πλη-

278 5268 419 5329 σίον,
476 5268 628 5334 ελεγε
686 5267 762 5335 τῷ
795 5270 961 5334 πατρὶ
998 5268 1165 5337 αὑτῆ;
1189 5283 1201 5296 ⁸
1240 5269 1298 5319 El
1332 5268 1423 5318 καὶ
1455 5267 1578 5327 τοὺς
1633 5266 1853 5326 λοιποὺς

280 5360 510 5430 μισθοὺς
533 5362 776 5430 παρέχω,
802 5360 875 5423 ῶς
905 5361 1060 5430 ἔφης,
1078 5360 1184 5415 ἀπὸ
1202 5377 1289 5430 τρι
1310 5362 1321 5399 ῖ
1341 5376 1368 5409 ν
1388 5360 1476 5409 καὶ
1507 5358 1564 5421 ἒξ
1593 5358 1852 5425 φὸλλεων,

275 5460 345 5524 τῇ
384 5455 613 5523 θυγατρί
646 5471 739 5506 σου
776 5456 938 5507 πΰσον
968 5454 1207 5517 aiam“;
1262 5453 1320 5505 Ὀ
1368 5452 1421 5503 δὲ
1462 5452 1621 5502 πάλιν
1652 5450 1854 5502 κλαίων

281 5548 555 5617 σφοδρῶς,
589 5547 748 5619 ῥίψας
782 5549 973 5600 ἑαυτὸν
1013 5546 1360 5617 συγχώρησιν
1393 5546 1654 5614 ἐξῃτεῖτο.

348 5727 455 5791 IZ'.
502 5726 896 5796 Ἐπευξαμενος
946 5728 1122 5780 τοίνυν
1180 5730 1207 5779 ὁ
1244 5727 1512 5797 μακάριος
1565 5725 1654 5775 καὶ
1688 5723 1773 5773 τὶν
1802 5722 1859 5773 ἐν

357 5904 405 5940 ’⁸
446 5904 613 5962 Marc.
673 5923 725 5975 v,
758 5909 846 5963 36.

1960 4707 2280 4769 audiissent,
2334 4721 2390 4759 se
2418 4720 2539 4758 cum
2572 4716 2725 4773 patre
2759 4702 2951 4771 puellm
2990 4704 3136 4756 humi
3174 4702 3526 4772 projicerunt,

1962 4800 2262 4852 clamantes
2293 4818 2305 4851 :
2343 4796 2622 4861 Miserere,
2659 4811 2818 4850 serve
2868 4794 2957 4849 Dei
2991 4794 3262 4860 altissimi,
3290 4804 3345 4848 et
3375 4795 3525 4864 igno-

1960 4906 2072 4944 sce.
2108 4890 2361 4944 Omnium
2396 4888 2539 4943 enim
2602 4888 2861 4941 Dominus
2903 4895 2954 4939 et
2992 4886 3251 4939 Servator
3280 4883 3528 4938 Christus

1961 4997 2053 5051 per
2080 4992 2131 5037 te
2189 4982 2447 5051 praevidet
2478 4995 2537 5033 ea
2572 4994 2689 5049 qua!
2719 4994 2815 5048 per
2846 4988 2897 5031 te
2930 4979 3181 5032 dicuntur
3209 4983 3257 5029 et
3290 4977 3442 5036 fiunt,
3471 4984 3528 5028 ut

1961 5075 2048 5143 qui
2097 5075 2148 5128 in
2209 5085 2259 5128 te
2291 5075 2518 5137 habitet,
2546 5074 2635 5141 qui
2670 5089 2728 5127 es
2758 5072 2876 5139 ejus
2912 5070 3159 5122 famulus.
3195 5066 3389 5121 Beatus
3424 5068 3527 5121 ita-

1962 5183 2086 5236 que,
2115 5166 2529 5221 mansuetudine
2554 5165 2849 5234 reprimens
2871 5162 3240 5220 severitatem,
3280 5159 3531 5213 omnibus

1962 5275 2131 5329 prope
2162 5259 2467 5318 accersitis,
2507 5258 2643 5309 (“Ml
2683 5255 2821 5323 patri
2870 5252 3095 5320 puellae:
3126 5248 3182 5302 Si
3216 5249 3376 5301 etiam
3409 5246 3531 5299 reli-

1960 5352 2104 5417 quis,
2143 5358 2199 5401 ut
2238 5359 2290 5400 tu
2325 5347 2536 5412 dixisti,
2584 5344 2881 5400 mercedem
2930 5342 3145 5410 praebeo
3193 5356 3256 5393 ex
3286 5339 3454 5392 tribus
3478 5346 3532 5389 et

1964 5457 2053 5494 sex
2083 5444 2279 5504 obolis,
2311 5442 2429 5493 lilia:
2458 5448 2562 5493 tua:
2591 5449 2850 5506 quantum
2881 5433 3049 5487 dedi?
3084 5433 3176 5487 llle
3206 5442 3380 5485 autem
3414 5445 3530 5482 rur-

1963 5551 2054 5589 sus
2090 5532 2222 5587 ﬂens
2244 5535 2612 5594 vehementer,
2642 5545 2698 5583 se
2728 5527 3018 5597 projieieus
3054 5531 3103 5577 in
3136 5536 3356 5583 terram,
3382 5532 3535 5593 βιωσ-

1968 5630 2057 5681 bat
2091 5632 2322 5679 veniam.

2041 5717 2201 5772 XVII.
2226 5718 2359 5773 Cum
2383 5722 2564 5788 itaque
2582 5729 2721 5773 esset
2743 5729 2986 5790 precatus
3007 5716 3194 5768 benéns
3214 5712 3535 5774 Auxctitius,
