4218 6482
226 490 375 554 1393

1496 483 1676 548 VITA
1716 486 1777 544 S.
1819 482 2218 544 AUXEN'l‘lI.

3345 474 3481 539 1394

225 607 455 675 ταύτης.
515 602 702 658 Ταῦτα
758 601 851 656 οὖν
883 603 979 655 καὶ
1024 599 1249 653 πλείονα
1304 600 1514 653 τούτων
1568 599 1805 664 λέγουσα

1914 610 2037 653 rant
2070 600 2137 651 ab
2170 598 2270 651 hac
2296 606 2569 650 creatura.
2598 591 2724 647 Haec
2762 606 2892 662 ergo
2918 602 2971 646 et
2999 593 3082 645 his
3101 591 3250 660 plura
3270 588 3478 653 dicens.

226 697 467 767 ἑφθασεν
511 696 741 762 ἔγγιστα
770 693 864 748 τοῦ
906 693 1143 757 κελλιου,
1194 693 1250 744 ὲν
1287 685 1332 760 ᾧ
1365 687 1432 761 ἦν
1471 694 1499 743 6
1532 691 1805 759 μακάριος

229 788 711 855 ἑγκεκλεισμένος,
763 788 857 840 καὶ
895 784 1126 857 ἔρρηξεν
1165 783 1329 838 αὑτὸν
1360 784 1420 835 τὸ
1452 782 1670 852 πνεῦμα
1706 781 1805 848 ἕει-

227 879 468 948 προσθεν
496 879 593 932 τοῦ
622 878 861 949 θυριὸίου
897 880 992 932 καὶ
1019 878 1300 947 ἑφεμωσεν
1322 876 1494 944 αὐτὴν
1521 893 1533 907 ·
1562 877 1590 928 ὁ
1615 875 1672 928 δὲ
1691 873 1806 927 δια-

226 973 409 1041 κύψας
436 972 530 1025 καὶ
562 972 823 1041 ἑωρακὼς
853 970 1048 1042 αὐτὴν,
1076 968 1366 1022 ἐκέλευσεν
1397 969 1478 1020 ἐνὶ
1519 966 1628 1019 τῶν
1661 984 1804 1036 παρ-

226 1063 483 1119 εστώτων
534 1064 717 1118 δοῦναι
776 1066 957 1134 χεῖρα.
1004 1063 1097 1116 καὶ
1127 1064 1336 1131 ἐγεῖραι
1383 1061 1596 1131 αύτήνο
1628 1062 1805 1112 ἔκειτο

227 1158 339 1226 γὰρ
378 1160 469 1211 ἐπὶ
500 1159 593 1210 τοῦ
618 1158 845 1226 ἐδάφους
875 1156 951 1218 ὡς
986 1154 1177 1225 νεκρά.
1204 1154 1513 1208 Ἀναστᾶσα
1541 1156 1595 1205 δε
1627 1153 1805 1204 ἐδέετο

221 1248 321 1303 τοῦ
350 1250 499 1303 ὁσίου
538 1250 677 1319 μετὰ
712 1251 806 1303 καὶ
856 1251 953 1316 τῆς
996 1248 1162 1319 ἄλλης
1200 1247 1483 1315 γυναικὸς,
1522 1245 1805 1299 κλαίουσαι

226 1343 478 1413 σφοδρῶς
504 1345 597 1396 καὶ
629 1342 1025 1410 γονυπετοῦσαι
1057 1341 1241 1406 αὐτὸν,
1269 1340 1362 1393 ἐπὶ
1396 1340 1457 1391 τὸ
1489 1338 1805 1408 δυσωπῆσαι

201 1435 318 1496 ,τὸν
341 1435 474 1487 Θεὸν
502 1435 597 1506 τοῦ
639 1434 829 1495 ἰᾶσθαι¹
859 1434 1045 1494 αὐτάς.
1084 1433 1148 1485 '0
1173 1432 1229 1486 δέ
1265 1447 1399 1501 φησι
1436 1431 1575 1497 προς
1598 1431 1767 1493 αὐτας
1788 1448 1801 1462 ·

227 1524 401 1577 Πόθεν
432 1525 605 1593 ἦκατε
643 1523 905 1587 ἐνταῦθα,
954 1525 1048 1576 καὶ
1074 1524 1157 1586 τίς
1180 1524 1311 1591 ύμῖν
1345 1519 1466 1576 εἷπε
1494 1524 1616 1592 περὶ
1646 1526 1804 1594 ἐμοῦ,

222 1616 307 1667 ὅτι
341 1616 578 1683 δύναμαι
617 1615 958 1684 θεραπεῦσαι
988 1616 1168 1685 ὑμᾶς;
1216 1615 1280 1667 'll
1306 1612 1399 1668 οὖν
1426 1616 1807 1686 βεδλαμμένην

223 1707 428 1775 ιχουσα
457 1708 555 1776 τὴν
581 1707 744 1771 κὸξαν
768 1703 921 1761 εἶπεν
942 1724 954 1737 '
1005 1708 1081 1759 Δι’
1103 1707 1523 1776 ἀποκαλύψεως,
1550 1709 1806 1773 δέσποτα,

221 1795 361 1870 ἧκον
410 1800 645 1851 ἐνταῦθα
693 1800 804 1865 ἐγὼ
826 1818 838 1830 ·
869 1803 900 1870 ὴ
936 1799 991 1852 δὲ
1022 1800 1113 1852 τὸν
1149 1799 1391 1867 λεγεῶνα
1433 1801 1628 1871 ἔχουσα
1656 1797 1809 1855 εἶπεν

224 1891 376 1960 αὐτῷ
397 1907 411 1920 ·
444 1891 589 1958 Ἐγὼ
619 1894 720 1944 οῦκ
773 1889 913 1952 οἴδα,
954 1891 1068 1953 πῶς
1098 1888 1262 1961 ἦλθον
1282 1908 1295 1921 ·
1323 1892 1405 1945 διὸ
1434 1892 1703 1960 οἵκτειρόν
1742 1908 1807 1958 με

1909 694 2137 747 accessit
2155 692 2397 761 proxime
2416 690 2631 753 cellam,
2652 690 2704 741 in
2742 702 2845 757 qua
2871 685 3061 740 beatus
3079 696 3193 739 erat
3219 686 3480 745 inclusus.

1908 792 1962 835 et
1989 795 2110 835 eam
2143 780 2435 848 discerpsit
2464 780 2692 846 spiritus
2723 786 2850 830 ante
2898 778 3217 838 fenestram,
3252 786 3306 829 et
3352 774 3483 829 fecit

1907 886 2026 927 eam
2059 869 2452 926 obmutescere.
2487 869 2723 924 Sanctus
2755 876 2934 920 autem
2991 881 3113 919 cum
3146 864 3483 932 despexissct

1907 977 1961 1019 et
1990 980 2108 1020 eam
2162 965 2405 1028 vidisset,
2464 964 2625 1031 jussit
2681 962 2774 1017 uni
2828 975 2893 1015 ex
2928 960 2993 1013 iis
3024 963 3116 1026 qui
3157 960 3402 1019 aderant.
3431 959 3482 1012 ei

1908 1057 2040 1110 dare
2092 1070 2309 1109 manum
2364 1065 2419 1109 et
2469 1068 2591 1108 eam
2623 1055 2833 1123 erigere
2871 1052 3121 1119 :jacehat
3145 1053 3288 1104 enim
3330 1050 3481 1104 humi

1912 1161 2169 1218 tanquam
2200 1160 2437 1202 mortua.
2480 1146 2616 1201 Cum
2677 1160 2807 1198 vero
2855 1142 3205 1203 surrexisset,
3261 1144 3482 1209 rogabat

1910 1253 2159 1296 Sanctum
2218 1253 2342 1293 cum
2400 1237 2570 1292 altera
2604 1235 2866 1299 muliere,
2908 1236 3256 1288 vehementer
3292 1234 3482 1288 (lentes

1896 1326 1965 1388 ct
1992 1332 2059 1386 ad
2095 1332 2212 1401 eius
2238 1345 2410 1401 genua
2458 1330 2828 1398 procidentes.
2862 1338 2919 1380 ut
2964 1343 2993 1379 a
3032 1326 3139 1380 Deo
3169 1328 3485 1392 impetraret

1910 1439 1969 1483 ut
2001 1428 2146 1497 ipsas
2179 1438 2417 1481 curaret.
2449 1426 2681 1480 Sanctus
2709 1434 2887 1477 autem
2908 1423 3038 1476 dicit
3060 1422 3139 1477 eis
3164 1439 3177 1475 :
3202 1421 3481 1476 Undenam

1912 1521 2017 1575 hnc
2048 1520 2294 1583 venistis,
2317 1532 2371 1573 et
2397 1519 2519 1586 quis
2544 1518 2608 1572 de
2633 1534 2716 1572 me
2745 1518 2902 1571 vobis
2924 1516 3061 1569 dixit
3095 1514 3234 1583 quod
3265 1529 3482 1583 possunt

1912 1627 2007 1667 vos
2033 1611 2272 1667 sanare?
2296 1610 2425 1676 Quae
2446 1625 2576 1663 vero
2595 1610 2778 1662 laesam
2802 1609 3037 1662 habebat
3058 1621 3279 1669 coxam,
3308 1605 3441 1658 dixit
3468 1622 3483 1657 :

1912 1707 2043 1776 Ego,
2075 1705 2369 1766 odomine,
2433 1705 2539 1757 huc
2595 1703 2714 1756 veni
2776 1716 2870 1769 per
2915 1699 3322 1753 revelationem.
3355 1696 3486 1762 Qua:

1912 1806 2092 1850 autem
2123 1796 2358 1849 habebat
2383 1795 2673 1861 legionem,
2701 1791 2838 1845 dixit
2871 1791 2919 1845 ei
2955 1808 2968 1842 ε
3008 1789 3117 1856 Ego
3147 1790 3331 1842 nescio
3349 1802 3488 1854 que-

1916 1887 2076 1941 modo
2108 1887 2371 1940 venerim.
2408 1884 2776 1951 Quamobrem
2810 1883 3072 1937 miserere
3109 1880 3235 1940 mei.
3266 1879 3356 1947 qui
3390 1879 3487 1931 tri-

224 1983 326 2050 τὴν
367 1981 773 2052 χειμαζομένην
803 1984 1097 2051 τρίακοντα
1124 1982 1217 2049 ἔτη
1263 1982 1368 2034 ὑπὸ
1388 1980 1674 2049 λεγεῶνος.
1702 1982 1811 2035 Καὶ

1920 1978 2063 2047 ginta
2090 1992 2261 2030 annos
2296 1991 2461 2029 vexor
2488 1992 2517 2029 a
2553 1975 2782 2044 legione.
2813 1973 3015 2027 Earum
3060 1973 3244 2037 itaque
3300 1970 3490 2023 miser-

226 2075 652 2143 σπλαγχνισθεὶς
700 2076 789 2127 ἐπ’
816 2076 1007 2137 αὑταῖς
1037 2076 1131 2127 καὶ
1174 2073 1619 2144 προσευξάμενος
1654 2078 1809 2127 ἐκτε-

223 2167 335 2229 νῶς
360 2168 440 2236 τῷ
472 2167 592 2237 Θεῷ
626 2168 763 2236 μετὰ
808 2166 1083 2238 δακρύων,
1121 2166 1494 2237 ἐθεράπευσεν
1525 2168 1712 2229 αύτὰς.
1749 2169 1813 2220 Αἱ

222 2258 282 2311 δὲ
315 2260 381 2311 δι’
414 2259 721 2325 ὑπερϐολὴν
773 2259 1196 2327 εὐγνωμοσύνης
1234 2257 1719 2329 προσπαρέμειναν
1756 2260 1813 2309 ἐν

223 2351 307 2422 τῷ
335 2352 450 2422 δρει
507 2353 605 2421 τῆς
646 2351 847 2416 Ὀξίας.
900 2353 958 2404 ὲν
987 2344 1030 2417 ᾧ
1060 2347 1127 2421 ἦν
1163 2350 1335 2414 ἑστὼς
1360 2354 1387 2403 ὁ
1417 2352 1705 2421 μακάριος,
1740 2351 1814 2422 μὴ

226 2444 644 2512 ὑποστρέψασαι
682 2448 759 2507 εἰς
784 2445 851 2495 τὰ
878 2446 1075 2495 οἰκεῖα.

302 2532 386 2586 κ’.
425 2534 615 2597 "Alio;
650 2534 706 2585 δέ
756 2551 840 2596 τις
891 2533 1203 2602 παραλυτος
1265 2532 1609 2603 προσηνέχθη
1665 2531 1814 2602 αὐτῷ

231 2625 489 2693 κιὶμενος
521 2625 614 2677 ἐπὶ
647 2624 888 2693 ἁμάξης.
919 2625 981 2676 ΟΞ
1014 2620 1108 2677 οῦν
1151 2626 1329 2690 γονεῖς
1386 2624 1549 2677 αὑτοῦ
1617 2624 1814 2678 ἔπεσον

231 2714 331 2766 ἐπὶ
358 2715 647 2782 πρόσωπον
682 2712 1061 2775 δυσωποῦντες
1119 2713 1210 2764 τὸν
1244 2714 1515 2783 μακάριον
1554 2714 1692 2782 μετὰ
1720 2730 1815 2781 με-

229 2804 400 2872 γάλου
442 2802 747 2872 κλαυθμοῦ,
774 2802 917 2855 ὥστε
946 2802 1276 2870 κατελεῆσαι
1303 2802 1496 2864 αὐτοὺς
1533 2804 1624 2855 καὶ
1663 2804 1811 2856 ἰάσα-

192 2914 197 2919 ·
231 2896 359 2948 σθαι
383 2895 851 2962 αύτὸν,λὲγοντες,
878 2897 959 2947 ὅτι
990 2895 1089 2947 Δια
1112 2895 1209 2956 τὰς
1237 2894 1436 2954 πολλὰς
1454 2895 1612 2961 ἡμῶν
1634 2896 1818 2964 ἁμαρ-

227 2990 351 3050 τιας
371 2986 528 3039 τοῦτο
548 2986 745 3059 σύνὲὗη
764 2986 841 3056 τῷ
870 2988 1042 3055 τέκνῳ
1066 2985 1243 3053 ἡμῶν.
1292 2984 1350 3037 Ὀ
1372 2985 1426 3037 δὲ
1448 2985 1590 3048 ὅσιος
1615 2986 1819 3050 Λύξαν-

228 3094 343 3141 tto;
376 3075 530 3131 εἶπεν
553 3079 734 3141 αὐτοῖς
756 3094 768 3107 °
802 3079 911 3130 Καὶ
942 3078 1229 3129 πιστεύετε
1266 3077 1345 3129 ὅτι
1366 3076 1434 3129 δι’
1453 3078 1584 3147 ἐμοῦ
1608 3078 1697 3129 τοῦ
1726 3081 1818 3131 εὑ-

218 3169 417 3239 ,τελοῦς
453 3170 726 3224 δύναταιὸ
760 3170 963 3240 Κύριος
990 3168 1323 3238 θεραπεῦσαι
1351 3171 1552 3237 αύτὸν;
1582 3172 1640 3223 Οἱ
1671 3172 1727 3225 δὲ
1747 3168 1820 3225 εἷ-

230 3277 364 3314 πονο
399 3261 528 3325 Nai,
562 3261 759 3328 ἄγγελε
776 3262 870 3314 τοῦ
902 3261 1060 3324 Θεοῦ,
1090 3263 1168 3321 εἰς
1198 3261 1295 3331 τὴν
1329 3262 1605 3331 ἡμετέραν
1643 3279 1819 3333 σωτη-

1916 2080 2001 2125 tus
2030 2070 2241 2133 beatus,
2263 2082 2386 2122 cum
2418 2067 2582 2121 Deum
2628 2065 2981 2119 vehementer
3022 2072 3233 2117 orasset
3264 2076 3384 2115 cum
3411 2061 3491 2113 la-

1917 2160 2137 2231 crymis,
2172 2174 2262 2213 eas
2313 2160 2547 2213 curavit.
2580 2156 2686 2212 Illa:
2724 2168 2901 2211 autem
2955 2165 3178 2224 propter
3224 2155 3488 2224 insignem

1916 2269 2072 2309 suam
2101 2254 2238 2322 grati
2271 2252 2439 2304 animi
2466 2251 2747 2311 virtutem,
2774 2258 3194 2316 permanserunt
3225 2248 3276 2300 in
3308 2262 3493 2300 mome

1916 2344 2097 2411 Oxeae,
2148 2345 2200 2398 iu
2248 2357 2356 2412 quo
2411 2339 2586 2396 stabat
2640 2340 2851 2406 beatus,
2897 2340 3117 2394 domum
3168 2355 3272 2394 non
3306 2353 3493 2394 rever-

1920 2448 2117 2491 tentes.

1989 2527 2109 2583 XX.
2141 2527 2369 2595 Quidam
2396 2544 2524 2584 vero
2555 2530 2692 2583 alius
2730 2528 3060 2598 paralyticus
3108 2529 3173 2581 ad
3229 2542 3350 2579 eum
3410 2535 3493 2580 est

1920 2622 2137 2684 allatus,
2163 2622 2356 2688 jacens
2388 2636 2553 2690 super
2594 2636 2835 2674 currum.
2875 2621 3133 2673 Parentes
3162 2630 3339 2672 autem
3376 2619 3495 2685 ejus

1920 2716 2075 2783 proni
2120 2715 2455 2777 ceciderunt,
2484 2725 2734 2783 rogantes
2766 2714 2981 2766 beatum
3000 2712 3328 2765 Auxentium
3371 2725 3494 2763 cum

1922 2820 2114 2875 magno
2140 2804 2287 2870 ﬂetu,
2318 2814 2375 2858 ut
2401 2820 2588 2858 eorum
2614 2804 2986 2865 misereretur,
3021 2811 3073 2856 et
3102 2815 3223 2855 eum
3259 2808 3494 2857 curaret.

1921 2900 2162 2953 dicentes
2190 2917 2201 2953 :
2236 2896 2465 2967 Pr0pter
2496 2897 2659 2950 multa
2693 2906 2878 2951 nostra
2921 2905 3140 2963 peccata
3172 2893 3273 2946 hoc
3297 2892 3498 2947 accidit

1923 2989 2032 3043 lilio
2085 2999 2293 3046 nostro.
2316 2987 2548 3043 Sanctus
2572 2997 2752 3042 autem
2788 2987 3091 3041 Auxentius
3118 2986 3249 3038 dixit
3280 2986 3359 3037 eis
3387 3004 3399 3038 :
3432 2985 3497 3039 lit

1922 3082 2170 3144 creditis,
2194 3082 2336 3152 quod
2368 3095 2464 3150 per
2522 3096 2607 3134 me
2646 3081 2901 3134 humilem
2932 3088 2986 3133 et
3018 3080 3288 3148 ahjectum
3321 3086 3501 3147 poteSt

1924 3174 2066 3228 Deus
2083 3188 2206 3227 eum
2247 3174 2476 3228 curare?
2512 3172 2590 3227 llli
2622 3188 2751 3227 vero
2789 3172 3039 3226 dixerunt
3065 3170 3283 3234 :Certe,
3313 3169 3501 3239 angele

1927 3267 2040 3321 Dei.
2064 3267 2392 3321 Fuistienim
2435 3267 2635 3321 missus
2655 3266 2723 3320 ad
2757 3276 2999 3320 nostram
3031 3266 3286 3323 salutem,
3310 3274 3501 3316 etcre-

236 3353 359 3423 ρὶαν
397 3354 825 3423 κατεπέμερθηςο
880 3354 1231 3420 πιστεύομεν,
1264 3355 1345 3406 ὅτι
1398 3356 1577 3408 πάντα
1615 3355 1816 3408 δυνατὰ.

1921 3359 2097 3415 dimus
2127 3361 2307 3414 omnia
2337 3360 2475 3428 apud
2542 3360 2707 3413 Deum
2767 3374 2887 3413 esse
2923 3357 3223 3426 possibilia.
3270 3355 3501 3409 Sanctus

233 3448 386 3517 παρὰ
420 3446 497 3515 τῷ
514 3446 652 3515 Θεῷ.
684 3447 740 3501 ’0
755 3447 931 3513 δὶὲφη
956 3464 968 3475 ’
994 3448 1147 3500 Κατὰ
1162 3446 1259 3514 τ’ὴν
1276 3446 1453 3499 πίστιν
1481 3447 1631 3515 ὑμῶν
1652 3465 1817 3519 γενη-

232 3540 384 3608 θήτω
404 3540 529 3606 ύμῖν
552 3557 562 3569 ·
592 3540 683 3592 καὶ
704 3538 887 3591 λαϐὼν
914 3539 1091 3592 ἔλαιον
1107 3539 1213 3591 τῶν
1230 3541 1417 3605 ἁγίων,
1441 3541 1563 3592 ὅλον
1576 3540 1636 3592 τὸ
1659 3541 1815 3607 σῶμα

231 3630 401 3685 αὑτοῦ
432 3629 655 3699 ἀλείψας
678 3631 749 3682 δι’
772 3632 998 3696 ἑαυτοῦ,
1021 3632 1147 3699 ύγιῆ
1176 3633 1818 3701 ἀποκαταστήσας.παρ-

232 3724 438 3777 ἑδωκεν
480 3724 640 3777 αὐτὸν
674 3727 784 3785 τοῖς
832 3723 1081 3790 γονεῦσιν
1118 3723 1309 3788 αὑτοῦ,
1341 3725 1538 3787 οἵτινες
1580 3724 1822 3793 ἀπῆλθον

233 3816 518 3885 χαίροντες
580 3816 659 3876 εἰς
705 3817 794 3867 τὶν
827 3813 972 3867 οἶκον
1006 3814 1208 3878 αὐτῶν,
1240 3814 1515 3878 αἰνοῦντες
1548 3816 1643 3867 καὶ
1665 3815 1823 3878 δοξά-

234 3909 419 3972 ζοντες
445 3908 532 3959 τον
566 3906 719 3971 Θεὸν,
745 3909 828 3977 ἐρ’
853 3901 933 3969 οἷς
958 3908 1215 3974 ἐποίησεν
1260 3906 1570 3976 μεγαλείως
1602 3906 1689 3959 διὰ
1718 3907 1813 3959 τοῦ

237 4001 574 4071 θεράποντες
601 4001 766 4054 αὑτοῦ
798 4003 876 4063 εἰς
898 4003 988 4053 τὸν
1018 4000 1281 4070 μονογενῆ
1311 4001 1491 4054 αὑτῶν
1520 4001 1653 4055 υἱόν.

311 4094 443 4149 KA'.
485 4096 620 4149 Μεθ’
648 4097 862 4167 ἡμέρας
891 4095 948 4147 δὲ
988 4094 1173 4161 ὀλίγας
1198 4094 1336 4163 γυνή
1375 4111 1459 4156 τις
1495 4095 1604 4147 ἀπὸ
1641 4093 1821 4147 Κλαυ-

236 4187 589 4255 διουπόλεως,
635 4188 883 4256 θυγάτηρ
928 4186 1348 4256 πολιτευομένου
1386 4227 1402 4249 ,
1464 4184 1663 4255 ἔχουσα
1705 4186 1825 4238 δαί-

246 4297 384 4350 μονα
412 4280 893 4349 δρακοντὸμορ-εον
941 4275 1073 4348 ἦλθε
1110 4279 1246 4350 πρὸς
1286 4278 1472 4343 αὑτὸν,
1529 4278 1826 4348 συρίζουσα

246 4371 409 4439 μόνον
458 4372 550 4421 καὶ
607 4370 681 4440 μὴ
717 4370 993 4439 δυναμένη
1033 4369 1312 4421 λαλεῖσθαι
1366 4366 1505 4437 πλὴν
1550 4368 1625 4431 ὡς
1654 4368 1824 4432 κύων,

242 4462 380 4517 διότι
437 4462 737 4530 ἠρήμωσεν
797 4464 968 4532 αὐτὴν
1004 4464 1030 4515 ὁ
1076 4462 1361 4523 Σατανᾶς·
1408 4460 1475 4531 ἣν
1515 4459 1637 4512 ἰδὼν
1668 4461 1695 4512 ὁ
1729 4460 1826 4511 τοῦ

244 4552 382 4605 Θεοῦ
413 4551 691 4622 θεράπων,
728 4552 993 4605 ἔκλαυσεν
1023 4553 1235 4624 πικρῶς
1265 4552 1440 4621 λέγων
1468 4570 1482 4583 ο
1529 4552 1650 4616 Πῶς
1678 4551 1827 4605 ἐδουο

245 4643 395 4710 λώθη
441 4644 500 4697 τὸ
531 4645 686 4713 γένος
744 4646 850 4698 τῶν
891 4646 1197 4715 ἀνθρώπων
1245 4646 1322 4716 τῷ
1358 4627 1658 4717 ἀλλοτρίῳ;
1690 4645 1827 4716 αὕτη

1923 3459 2101 3503 autem
2161 3450 2334 3504 dixit:
2368 3449 2675 3504 Secundum
2730 3449 2886 3502 ﬁdem
2926 3459 3156 3502 vestram
3192 3448 3282 3501 ﬁat
3305 3448 3454 3501 vobis
3486 3468 3499 3501 :

1924 3551 1978 3594 ct
2016 3551 2237 3608 accepto
2290 3539 2408 3593 oleo
2449 3550 2780 3601 sanctorum,
2805 3553 2925 3591 cum
2960 3548 3131 3590 totum
3154 3553 3349 3604 corpus
3376 3538 3499 3604 ejus

1927 3649 2023 3702 per
2080 3648 2137 3686 se
2177 3632 2440 3695 unxisset,
2473 3642 2526 3685 et
2577 3646 2700 3683 eum
2728 3645 2921 3685 sanum
2956 3629 3301 3691 reddidisset,
3332 3631 3503 3681 tradi-

1930 3726 2004 3778 dit
2029 3738 2149 3777 eum
2169 3724 2282 3778 suis
2307 3724 2637 3793 parentibus.
2668 3721 2767 3787 Qui
2792 3720 3005 3788 quidem
3033 3720 3284 3773 abierunt
3316 3721 3419 3773 lzeti
3450 3721 3503 3775 in

1931 3816 2147 3868 domum
2184 3830 2360 3876 suam.
2388 3813 2673 3867 laudantes
2701 3813 2866 3865 Deum
2900 3822 2951 3865 et
2991 3812 3359 3882 gloriﬁcantes
3385 3827 3507 3879 pro-

1932 3916 2048 3976 pter
2089 3906 2359 3975 uiagnalia
2398 3920 2516 3974 quae
2540 3904 2665 3959 fecit
2701 3921 2797 3973 per
2820 3915 3066 3960 sanctum
3095 3919 3310 3958 servum
3342 3919 3501 3959 suum

1931 4002 2258 4055 Auxentium
2292 4000 2345 4053 in
2372 4000 2540 4053 lilium
2562 4014 2748 4055 eorum
2791 4000 3149 4070 unigenitum.

2002 4092 2143 4148 XXI.
2182 4093 2376 4148 Paucis
2396 4103 2573 4146 autem
2604 4101 2723 4163 post
2764 4092 2954 4145 diebus
2978 4092 3124 4144 venit
3144 4091 3337 4143 mulier
3359 4106 3508 4158 qua:-

1931 4189 2051 4242 dam
2104 4201 2171 4242 ex
2209 4186 2545 4255 Claudiopoli
2603 4186 2702 4252 (5),
2740 4185 2846 4239 ﬁlia
2894 4184 3172 4253 cujusdam
3198 4184 3352 4244 civis.
3388 4197 3507 4251 quae

1934 4280 2164 4333 habebat
2222 4280 2543 4341 daemonem,
2598 4276 2782 4330 forma:
2830 4275 3099 4341 serpentis
3140 4274 3393 4335 similem.
3450 4283 3507 4326 ut.

1934 4383 2054 4436 quae
2111 4366 2356 4421 sihilaret
2408 4368 2608 4431 solum,
2637 4376 2690 4421 et
2729 4382 2834 4419 non
2887 4374 3069 4436 posset
3117 4364 3286 4431 loqui,
3320 4365 3420 4416 nisi
3452 4374 3511 4417 ut

1936 4460 2107 4524 canis,
2180 4470 2460 4529 prepterea
2519 4460 2663 4527 quod
2723 4473 2841 4510 eam
2898 4456 3193 4510 desolasset
3254 4457 3504 4509 Satanas.

1937 4550 2109 4617 Quam
2158 4567 2279 4604 cum
2323 4551 2545 4604 vidisset
2610 4550 2701 4603 Dei
2764 4563 2953 4602 servus
3000 4548 3323 4611 Auxentius,
3368 4545 3515 4601 ﬂevit

1940 4646 2159 4708 acerbe,
2189 4646 2413 4699 dicens:
2452 4642 2551 4697 Hei
2604 4642 2759 4707 mihi,
2797 4642 3063 4710 quomodo
3122 4640 3401 4693 redactum
3430 4652 3515 4693 est

244 4740 358 4808 γὰρ
414 4740 473 4791 οὐ
510 4741 656 4792 κατα
704 4740 803 4803 τὰς
843 4741 1121 4810 ἁμαρτίας
1150 4741 1320 4811 αὐτῆς
1370 4740 1608 4794 πέπονθε
1646 4739 1819 4805 τοῦτο,

1896 4736 2109 4807 lgenus
2162 4735 2440 4790 hominum
2503 4736 2557 4790 in
2620 4736 2934 4789 servitutem
2966 4732 3314 4800 alieni?lpsa
3368 4733 3513 4806 enim

246 4829 387 4884 ἀλλὰ
426 4830 568 4883 κατά
625 4830 826 4899 πολλὴν
870 4832 1289 4901 μισανθρωπίαν
1319 4832 1415 4885 τοῦ
1451 4833 1831 4904 ἀντικειμένου

247 4916 468 4987 ἐχθροῦ.
509 4918 616 4971 Καὶ
662 4920 881 4983 κλείσας
930 4921 1258 4992 τδιθυρίδιον
1313 4923 1406 4976 τοῦ
1450 4923 1685 4989 κελλίου,
1741 4923 1833 4976 ἐπὶ

250 5009 467 5077 ἡμέρας
515 5013 665 5079 τρεῖς
716 5013 778 5064 οὺ
812 5014 1105 5081 συνέτυχὲν
1134 5032 1259 5078 τινι,
1309 5016 1422 5068 ἀλλ’
1483 5011 1551 5087 ἦν
1580 5016 1832 5085 δεόμενος

250 5101 349 5153 τοῦ
373 5101 531 5164 Θεοῦ,
563 5104 651 5155 ἵνα
675 5105 772 5174 τὴν
801 5107 1092 5176 τυραννίδα
1129 5108 1223 5160 τοῦ
1264 5109 1556 5177 δράκοντες
1586 5127 1836 5163 καταπα-

253 5193 419 5263 τήσῃ.
492 5195 944 5265 Προσευχομένου
1005 5197 1059 5251 δὲ
1127 5199 1296 5251 αὑτοῦ
1358 5199 1527 5264 ἑνδον,
1570 5201 1772 5269 ἤρξατο
1811 5203 1838 5253 ὁ

255 5285 477 5357 δράκων
504 5287 709 5350 λαλεῖν,
746 5290 961 5360 βρόχων
990 5295 1045 5344 ἐν
1069 5296 1133 5362 τῇ
1161 5294 1382 5359 γυναικὶ
1408 5298 1501 5347 καὶ
1528 5295 1701 5361 λέγων
1723 5311 1736 5325 ·
1769 5290 1839 5347 Ὠ

259 5380 373 5432 ἀπὸ
398 5380 493 5448 τῆς
535 5383 747 5452 μήτρας
771 5384 868 5453 τῆς
892 5388 1233 5456 γεννησάσης
1268 5404 1324 5439 σε
1358 5390 1477 5442 κατ’
1536 5388 1691 5457 ἐμοῦ,
1730 5388 1839 5441 Λῦ-

261 5469 456 5536 εὲντιε,
490 5473 602 5535 πῶς
631 5476 690 5526 ού
730 5477 1081 5539 κατέπαυσας
1127 5478 1225 5547 τὴν
1270 5478 1554 5537 τεκοῦσαν,
1590 5478 1706 5529 ἀλλ’
1760 5480 1839 5540 εἰς

263 5563 403 5634 ἐμὴν
456 5564 710 5631 ἐξώλειαν
751 5570 1088 5640 ἐγεννήθηςς
1145 5572 1194 5623 οἱ
1229 5571 1338 5641 γὰρ
1370 5572 1548 5642 ὀχετοὶ
1611 5571 1718 5622 τῶν
1750 5572 1837 5624 δα-

259 5654 446 5727 κρύων
477 5674 567 5715 σου
621 5660 1014 5715 κατακαίουσξν
1061 5679 1149 5734 με,
1203 5664 1360 5733 καὶὴ
1411 5664 1685 5733 προσευχὴ
1718 5680 1832 5727 σου,

278 5861 286 5867 ·
315 5837 415 5914 -ίξῆ
447 5837 813 5914 Claudi_0polis
839 5852 954 5898 erat
986 5844 1299 5911 metropolis
1329 5842 1673 5904 llonoriadis.
1712 5862 1832 5914 qua:

230 5989 237 5997 ι
262 5907 331 5965 ad
358 5907 583 5969 Pontum
612 5907 881 5972 Euxinum
914 5916 1086 5973 vicina
1110 5907 1193 5975 est
1220 5916 1486 5988 Bithyniae
1518 5907 1833 5989 provinciae,

1944 4844 2047 4883 non
2084 4838 2165 4881 est
2200 4829 2303 4883 hoc
2363 4843 2518 4896 passa
2563 4837 2779 4896 propter
2836 4840 2929 4881 sua
2970 4837 3211 4894 peccata,
3243 4829 3335 4878 sed
3392 4840 3519 4893 pio-

1946 4932 2063 4989 pter
2101 4924 2327 4973 multam
2350 4920 2614 4974 sa:vitiam
2640 4930 2691 4973 et
2720 4919 2773 4972 in
2802 4919 3046 4971 homines
3079 4917 3513 4971 malevolentiam

1943 5012 2239 5066 adversarii
2286 5030 2297 5063 :
2342 5024 2395 5065 et
2462 5010 2644 5064 clausa
2725 5009 2961 5062 fenestra
3024 5006 3209 5068 cellae,
3282 5007 3515 5075 spatium

1944 5105 2105 5158 trium
2136 5106 2368 5167 dierum,
2407 5119 2512 5157 non
2552 5102 2804 5157 convenit
2859 5101 3122 5169 aliquem,
3165 5099 3256 5153 sed
3297 5098 3519 5167 rogabat

1946 5198 2237 5266 benignum
2267 5196 2459 5259 Deum,
2508 5203 2565 5248 ut
2605 5192 2954 5247 conculcaret
3011 5190 3352 5260 tyrannidem
3397 5190 3520 5241 dra-

1945 5291 2117 5342 conis.
2158 5288 2231 5343 Eo
2265 5298 2446 5339 autem
2473 5295 2663 5339 orante
2686 5286 2737 5337 in
2767 5282 2921 5347 cella,
2948 5283 3110 5350 cmpit
3153 5284 3318 5335 draco
3352 5281 3518 5349 loqui,

1948 5382 2171 5448 rugiens
2224 5382 2276 5433 iu
2341 5380 2585 5441 muliere,
2608 5389 2657 5431 et
2702 5378 2890 5431 dicens
2923 5394 2935 5429 :
2975 5375 3017 5430 0
3042 5377 3109 5429 ah
3143 5388 3317 5437 utero,
3347 5374 3438 5441 qui
3472 5384 3523 5427 te

1946 5476 2137 5539 edidit,
2165 5475 2294 5527 mihi
2328 5474 2522 5527 infeste
2544 5471 2798 5536 Auxenti,
2840 5470 3113 5538 quomodo
3137 5486 3239 5523 non
3265 5467 3518 5522 combus-

1950 5568 2068 5623 sisti
2132 5577 2279 5621 tuam
2345 5555 2647 5634 parentem,
2685 5566 2777 5618 sed
2807 5573 2963 5615 natus
3002 5576 3063 5615 es
3096 5562 3160 5614 ad
3197 5561 3299 5613 mei
3338 5568 3522 5612 exter-

1949 5660 2350 5717 niinationem?
2385 5659 2507 5714 Rivi
2553 5659 2699 5715 enim
2746 5668 2955 5711 tuarunt
3014 5656 3375 5726 laeryniarum
3435 5666 3523 5706 me

1947 5845 2099 5913 cuius
2136 5853 2263 5901 tunc
2294 5827 2406 5899 erat
2432 5843 2727 5913 Calogerus
2766 5842 3067 5915 episcopus,
3092 5841 3183 5914 qui
3220 5836 3519 5897 Chalcedo-

1950 5919 2103 5974 nensi
2141 5919 2371 5978 concilio
2406 5916 2747 5986 subscripsit.
