4218 6482
206 462 344 530 1461

1480 466 1657 528 νιΤΑ
1706 464 1768 525 S.
1807 466 2209 529 AUXENTII.

3341 474 3482 541 1402

196 578 404 643 λέγων’
446 573 703 645 Ἐλέησόν
767 590 861 643 με,
910 572 1064 627 δοῦλε
1104 574 1197 627 τοῦ
1226 574 1483 645 ,ὑψίστου
1509 575 1668 640 Θεοῦ,
1710 576 1790 628 ὃτι

1920 576 2016 645 :jus
2048 579 2209 645 pedes
2233 582 2539 648 procidcns,
2567 593 2619 638 et
2642 584 2828 639 dicens
2859 604 2872 640 :
2901 584 3157 643 Miserere
3178 587 3303 655 mei,
3323 604 3484 646 serve

199 670 470 742 ὀχλοῦμαι
532 669 640 721 ὑπὸ
697 668 954 737 δαίμονος
1011 665 1277 737 πονηροῦ.
1328 666 1387 719 '0
1434 666 1489 719 δὲ
1522 666 1793 735 μακάριος

197 763 410 824 ἐπιθεὶς
438 762 539 830 τὴν
578 762 736 830 χεῖρα
767 760 863 812 ἐπὶ
893 758 993 828 τὴν
1028 757 1274 827 κεφαλὴν
1302 755 1468 809 αὑτοῦ
1498 756 1594 809 καὶ
1621 771 1793 825 προσ-

200 856 524 924 μιξάμενος,
549 853 627 921 τῷ
658 853 758 921 μὲν
786 850 1059 919 πνεύματι
1086 850 1425 917 φθέγξασθαι
1450 850 1511 901 οὑ
1554 846 1793 917 συνεχώ-

203 965 393 1019 ρησεν,
460 944 847 1012 ἐξεληλυθέναι
899 944 954 995 δὲ
989 944 1121 996 αὑτὸ
1162 942 1253 995 δια
1309 945 1409 1011 τῆς
1442 942 1664 1010 χάριτος
1703 938 1796 992 τοῦ

202 1042 341 1094 θεοῦ
400 1038 802 1109 ἐπρέσϐευσεν.
882 1036 941 1089 '0
971 1035 1066 1089 οῦν
1107 1035 1320 1104 δαίμων
1388 1034 1641 1101 ἐξελθὼν,
1695 1034 1799 1087 ὑπὸ

202 1136 449 1198 ἀκάνθας
489 1134 720 1203 πλησίον
746 1131 849 1200 τῆς
885 1131 1003 1184 ὁδοῦ
1026 1130 1432 1200 ὑπεκρύπτετο,
1466 1129 1606 1181 ὥστε
1632 1131 1800 1180 ἐπαν-

205 1232 379 1291 ιόντος
428 1227 522 1281 τοῦ
552 1227 865 1288 νεανίσκου,
903 1226 1067 1277 πάλιν
1121 1226 1203 1288 είς
1234 1225 1401 1277 αὑτὸν
1434 1222 1793 1291 ὑποστρέψαι.

201 1323 361 1376 Μετὰ
402 1317 498 1373 οὖν
554 1320 614 1371 τὸ
653 1317 1042 1385 ἀπαλλαγῆναι
1093 1318 1220 1379 τοὺς
1277 1316 1407 1385 βόας
1463 1317 1559 1367 καὶ
1588 1314 1801 1384 μέλλειν

203 1417 405 1473 abso-3;
441 1417 614 1466 κιχεῖν
668 1413 770 1480 τὴν
826 1410 1067 1481 ἄμαξαν,
1120 1412 1281 1477 γνοὺς
1316 1413 1373 1462 ἐν
1407 1409 1485 1479 τῷ
1524 1408 1803 1477 Πνεῦματι

203 1510 284 1579 τῷ
313 1508 456 1577 ἁγίῳ
502 1508 530 1559 6
585 1506 881 1575 μακάριος,
910 1505 1014 1574 ἔφη
1047 1503 1129 1574 τῷ
1176 1502 1447 1573 νεανίσκῳ
1468 1518 1482 1533 ο
1516 1502 1607 1557 Σοὶ
1636 1500 1803 1567 λέγω,

206 1603 468 1670 νεώτερε,
492 1602 594 1670 ὅρα
625 1602 701 1670 μὴ
730 1599 976 1669 ἀπέλθῃς
1015 1596 1157 1651 κατὰ
1197 1597 1298 1666 τὴν
1332 1593 1634 1666 ἀριστερὰν
1661 1592 1803 1658 ὁδὸν,

207 1700 274 1750 δι’
302 1694 370 1769 ἧς
399 1694 560 1766 ἦλθες
584 1700 734 1749 ’ἐκεῖ
762 1697 869 1765 γὰρ
894 1694 1200 1762 κέκρυπται
1228 1692 1333 1745 ὑπὸ
1362 1691 1620 1747 ἀκανθῶν
1652 1707 1808 1760 περιτ

212 1791 392 1861 μένων
425 1808 483 1843 σε
515 1793 543 1843 6
571 1790 809 1858 πονηρός
832 1808 844 1820 ·
878 1789 1017 1842 ἀλλὰ
1053 1790 1193 1840 κατὰ
1219 1787 1319 1856 τὴν
1366 1786 1547 1849 δεξιὰν
1579 1783 1805 1849 ἄπελθε,

216 1882 561 1952 εὐχαριστῶν
622 1882 699 1952 τῷ
748 1882 869 1952 Θεῴ
902 1882 995 1933 καὶ
1052 1880 1265 1947 λέγων’
1296 1880 1433 1945 Δόξα
1480 1876 1557 1948 τῷ
1609 1877 1806 1946 Πατρὶ,

215 1947 457 2043 δόξα-τῷ
487 1974 627 2043 Υξῷ,
672 1947 803 2037 δόξα
842 1947 930 2042 ⁷τῷ
982 1971 1124 2041 ἁγίῳ
1168 1970 1445 2042 Πνεῦματι
1473 2010 1488 2036 ,
1525 1968 1604 2039 τῷ
1642 1968 1810 2040 ὶαλή-
1848 1947 1887 2002 Β

216 2082 377 2119 σαντι
404 2064 493 2118 διὰ
530 2064 641 2119 τῶν
678 2063 981 2136 προφητῶν
1002 2063 1194 2117 αὑτοῦ.

1905 667 1997 721 Dei
2036 670 2308 734 altissimi,
2364 676 2618 739 quoniam
2667 692 2833 730 vexor
2868 694 2896 730 a
2934 678 3170 743 maligno
3214 679 3483 735 da'mone.

1906 760 2102 815 Beatus
2128 773 2309 816 autem
2338 765 2659 829 Auxentins,
2696 768 2941 833 imposita
2972 784 3131 820 manu
3151 768 3269 836 ejus
3295 771 3485 837 capiti,

1904 868 2027 908 cum
2060 866 2204 910 esset
2244 869 2520 924 preCatus,
2550 859 2799 925 spiritum
2849 860 3065 924 quidem
3105 874 3209 912 non
3242 860 3373 913 sinit
3406 862 3490 915 lo-

1908 949 2024 1017 qui,
2064 958 2119 1000 ut
2149 948 2263 1015 ipse
2293 960 2473 1002 autem
2497 950 2693 1011 exiret,
2726 966 2821 1017 per
2857 950 3059 1002 Christi
3094 951 3325 1017 gratiam
3366 966 3492 1019 pro-

1907 1041 2136 1094 Cnravit.
2185 1038 2352 1093 Malus
2415 1056 2540 1093 vero
2600 1042 2806 1096 daemon
2839 1059 3111 1111 egressus,
3164 1044 3490 1100 latcbatsub

1909 1135 2061 1203 spina
2096 1146 2315 1203 propter
2345 1136 2508 1198 viam,
2561 1145 2619 1188 ot
2665 1147 2974 1192 revertente
3023 1138 3393 1200 adolescente,
3428 1142 3494 1194 ad

1911 1241 2033 1279 eum
2064 1242 2255 1280 rursus
2297 1226 2524 1281 rediret.
2559 1229 2854 1296 P05tquani
2885 1241 3061 1283 autem
3091 1233 3333 1297 permissi
3368 1241 3497 1287 sunt

1914 1317 2098 1381 boves,
2129 1329 2184 1370 et
2233 1320 2330 1387 ipsi
2388 1336 2616 1374 currum
2679 1330 2835 1374 erant
2893 1324 3115 1385 moturi,
3156 1338 3497 1393 cognoscens

1912 1406 2105 1463 beatus
2135 1410 2187 1464 iu
2220 1420 2409 1469 Sancto
2459 1410 2690 1480 Spiritu,
2726 1410 2862 1466 dixit
2897 1416 3227 1470 adolescenti
3254 1433 3268 1469 :
3299 1415 3497 1473 Adole-

1912 1511 2093 1565 scens,
2126 1514 2258 1557 cave
2293 1517 2360 1557 ne
2389 1517 2483 1558 eas
2514 1517 2609 1571 per
2656 1505 2798 1558 viam
2846 1505 3149 1570 sinistram,
3185 1522 3282 1576 per
3331 1523 3499 1579 quam

1914 1594 2093 1660 ivisti;
2129 1594 2239 1651 illic
2272 1595 2416 1649 enim
2446 1611 2476 1650 a
2512 1598 2686 1665 spinis
2716 1609 2801 1652 est
2836 1601 3156 1665 absconsus,
3192 1602 3286 1681 qui
3320 1611 3372 1656 te
3401 1617 3499 1657 ex-

1915 1698 2146 1755 spectat,
2178 1688 2450 1758 malignus
2477 1707 2489 1742 :
2514 1690 2609 1745 sed
2630 1695 2762 1744 vade
2789 1692 2854 1745 ad
2880 1694 3179 1757 deneram,
3199 1692 3311 1749 Deo
3332 1708 3499 1764 agens

1916 1779 2142 1847 gratias,
2168 1789 2223 1834 et
2250 1781 2479 1835 dicens:
2520 1780 2707 1836 Gloria
2748 1781 2913 1848 Patri,
2963 1783 3131 1850 gloria
3181 1783 3338 1849 Filio,
3384 1786 3501 1855 glo-

1920 1872 2000 1925 ria
2063 1871 2290 1943 Spiritui
2332 1884 2544 1940 saucto,
2581 1874 2673 1945 qui
2723 1874 2936 1931 locutus
2966 1887 3049 1932 est
3078 1891 3176 1947 per
3214 1891 3343 1934 suos
3369 1892 3499 1948 pro-

1918 1967 2127 2037 phetas.

1678 2220 1909 2279 CAPUT
1958 2225 2022 2278 V.

601 2365 733 2431 Qua:
759 2364 819 2421 S.
850 2365 1144 2420 Attxentt'us
1182 2362 1358 2434 egerit
1415 2360 1699 2429 tuleritque
1744 2362 1798 2414 in
1856 2365 2188 2420 monasteriis
2238 2367 2307 2420 ad
2332 2365 2662 2437 Ruﬁnianus
2694 2376 2743 2422 et
2773 2368 2824 2421 in
2857 2366 3062 2423 Plielio.

287 2498 415 2554 ΛΜ.
456 2498 595 2570 ΙἬδη
643 2502 699 2554 δὲ
753 2503 1096 2556 ἐπιστάντων
1168 2504 1227 2556 ιν
1267 2502 1343 2571 τῷ
1402 2502 1690 2573 μαρτυρίῳ
1716 2500 1811 2555 τοῦ

220 2594 383 2660 ἁγίου
445 2592 765 2656 Θαλελαίου,
821 2595 871 2647 οἱ
924 2596 1183 2664 ἑπόμενοι
1238 2594 1384 2664 αὑτῷ
1446 2594 1655 2663 πτωχοὶ
1706 2593 1813 2646 ἀπὸ

222 2679 320 2731 τοῦ
385 2680 544 2750 ὅρους
606 2682 705 2751 τῆς
763 2683 967 2748 Ὀξίας,
1028 2684 1343 2753 ὀδυρόμενοι
1404 2682 1498 2736 καὶ
1553 2682 1814 2754 θρηνοῦν-

219 2787 316 2834 τες
352 2774 762 2835 συνετάττοντο,
796 2776 1277 2847 κατασπαζόμενοι
1314 2775 1382 2827 τὰ
1413 2776 1537 2827 ὅσια
1572 2776 1693 2843 ῐχνη
1712 2774 1814 2827 αὑ-

221 2865 345 2918 τοῦ.
383 2864 620 2934 Θεωρῶν
649 2866 706 2918 δὲ
734 2868 762 2919 6
787 2867 1033 2936 μαθητὴς
1071 2867 1167 2920 τοῦ
1201 2867 1442 2939 Χριστοῦ
1465 2867 1522 2920 τὸ
1546 2868 1819 2937 ἀφόρητον

226 2957 429 3020 πένθος
485 2958 586 3028 τῆς
649 2960 879 3028 καρδίας
933 2960 1160 3025 αὐτῶν,
1227 2960 1334 3029 ἔφη
1392 2958 1531 3025 πρὸς
1584 2957 1815 3019 αὐτούς’

238 3051 557 3113 Ἀπέλθετε,
605 3054 796 3114 τέκνα,
848 3051 1146 3115 καθέζεσθε
1180 3053 1316 3116 τέως
1347 3052 1405 3103 ὲν
1431 3051 1509 3120 τῷ
1534 3052 1680 3121 ὄρει·
1708 3051 1819 3118 ἐγὼ

227 3147 342 3216 γὰρ
369 3146 486 3215 μεθ’
511 3144 666 3214 ὑμῶν
689 3147 829 3213 εἰμι.
866 3144 927 3195 Εἰ
950 3146 1059 3211 γὰρ
1085 3146 1144 3196 τὸ
1170 3144 1329 3212 σῶμά
1361 3160 1464 3213 μου
1484 3144 1817 3209 ἀπάγουσιν,

1994 2503 2187 2559 XXXI.
2219 2505 2353 2560 Cum
2377 2519 2555 2562 autem
2578 2509 2690 2578 jam
2713 2511 3070 2564 accessissent
3099 2511 3150 2564 in
3178 2512 3498 2583 martyrium

1923 2602 2099 2653 sancti
2134 2601 2412 2663 Thaleltei,
2441 2617 2562 2656 eum
2586 2615 2878 2671 sequentes
2919 2621 3183 2673 pauperes
3215 2623 3281 2661 ex
3317 2619 3503 2664 monte

1923 2688 2102 2755 Oxete,
2141 2690 2302 2745 simul
2331 2691 2670 2746 deﬂebat-tet
2722 2696 3189 2764 lamentabantur,
3218 2709 3273 2752 et
3299 2701 3505 2768 ample-

1923 2785 2203 2838 ctebantur
2226 2794 2413 2837 sancta
2451 2785 2569 2854 ejus
2628 2790 2874 2855 vestigia.
2916 2788 3117 2845 Vidcns
3145 2808 3272 2847 vero
3294 2795 3497 2851 Christi

1922 2872 2214 2941 discipulus
2268 2874 2565 2929 Auxentius
2617 2877 3009 2933 intolerabilem
3070 2882 3272 2938 luctum
3324 2890 3505 2943 cordis

1920 2980 2136 3028 eorum,
2162 2966 2299 3020 dixit
2327 2968 2405 3021 eis
2443 2986 2455 3020 :
2491 2967 2672 3032 Abite,
2700 2970 2818 3034 lilii,
2846 2982 2899 3025 et
2933 2976 3116 3026 sedete
3150 2977 3200 3029 iu
3236 2989 3417 3033 monte
3449 2981 3502 3035 in

1925 3075 2098 3129 pace;
2144 3075 2242 3129 ego
2281 3062 2423 3115 enim
2478 3079 2595 3116 sum
2650 3066 2952 3120 vobiscum.
2987 3070 3120 3123 Nam
3159 3074 3260 3127 etsi
3310 3092 3507 3145 corpus

1927 3166 2106 3204 meum
2139 3153 2444 3218 abducunt,
2477 3166 2533 3208 at
2566 3173 2717 3212 meus
2739 3160 2965 3227 spiritus
2990 3173 3073 3216 est
3108 3164 3246 3217 inter
3277 3183 3510 3233 vos,uec

227 3237 371 3289 ἀλλὰ
410 3237 473 3287 τὸ
528 3235 748 3303 πνεῦμά
799 3251 903 3297 μου
953 3237 1010 3285 ὲν
1062 3236 1189 3303 ὑμῖν
1221 3235 1453 3298 ἔξεστιν,
1486 3233 1580 3285 καὶ
1625 3234 1687 3284 οὑ
1745 3234 1818 3301 μὴ

1925 3258 2022 3299 vos
2063 3259 2296 3313 unquam
2350 3248 2671 3317 relinquam.
2706 3254 2883 3321 Atque
2930 3257 3129 3312 milites
3152 3263 3365 3327 quidem
3392 3265 3507 3319 haec

228 3328 615 3396 ἐγκαταλείψω
647 3328 813 3391 ὑμᾶς.
873 3328 936 3378 Οἱ
968 3325 1066 3392 μὲν
1086 3325 1179 3377 οὑν
1209 3325 1541 3395 στρατιῶται
1573 3325 1663 3376 ἐπὶ
1695 3323 1817 3375 τού-

223 3438 343 3479 τοις
371 3421 736 3489 ἠγανάκτουν·
764 3420 814 3470 οί
845 3418 903 3470 δὲ
933 3419 1311 3486 ὑπέστρεψαν,
1343 3417 1418 3479 ὡς
1446 3416 1819 3485 ἀπηγγείλατο

230 3514 420 3572 αὐτοῖς
450 3513 476 3560 6
504 3510 764 3578 θεράπων
798 3509 893 3561 τοῦ
934 3507 1199 3578 Χριστοῦ.

303 3602 428 3655 ΛΒ¹.
461 3602 676 3661 Φθασας
714 3600 886 3652 οῦνὲν
917 3600 993 3669 τῷ
1026 3600 1211 3667 ζεύγει
1239 3601 1319 3661 είς
1345 3599 1405 3651 τὸ
1442 3600 1501 3651 ἓν
1549 3601 1615 3673 τῇ
1656 3598 1821 3672 Φιλίῳ

234 3694 623 3765 μοναστήριον,
672 3691 827 3757 ἄφνω
860 3691 1126 3760 νεώκρός
1161 3692 1243 3751 τις
1279 3688 1508 3758 ὀνόματι
1548 3680 1824 3759 Ἰσίδωρος

232 3789 442 3859 ἤρξατο
470 3783 882 3854 δαιμονίζεσθαι
922 3784 1017 3836 καὶ
1059 3783 1186 3854 βοᾷν
1208 3799 1221 3812 ·
1252 3778 1323 3835 Ὦ
1360 3784 1469 3835 ἀπὸ
1491 3784 1606 3845 σοῦ,
1628 3780 1827 3845 Αὑξέν-

232 3900 341 3944 τιε,
368 3880 464 3932 τοῦ
506 3881 581 3947 μὴ
608 3879 905 3939 δεδωκότος
946 3893 1036 3945 μοι
1063 3875 1313 3941 ἐξουσίαν
1356 3874 1670 3942 ἀμύνασθαι
1698 3875 1822 3936 τοὺς

235 3971 707 4043 περιφρονοῦντας
738 3987 797 4020 σε
828 3968 1134 4037 θεομάχους
1160 3970 1239 4029 είς
1279 3967 1659 4035 ὲξολόθρευσιν
1686 3966 1823 4033 ἐμοῦ

238 4065 332 4116 καὶ
363 4062 470 4113 τῶν
500 4060 649 4127 ἐμῶν
676 4075 689 4088 ν
718 4060 751 4128 ἡ
782 4059 891 4126 γὰρ
917 4058 1145 4127 πάροδός
1172 4072 1266 4109 σου
1298 4058 1366 4109 τὰ
1394 4058 1574 4109 πάντα
1602 4057 1826 4125 ἡγίασεν

236 4156 335 4207 καὶ
356 4152 694 4221 ἐφυγάδευσε
728 4151 1014 4210 πλείστους
1052 4148 1164 4200 τῶν
1191 4147 1315 4201 καθ’
1345 4150 1515 4219 ἡμᾶς.
1559 4149 1619 4200 Ὀ
1642 4148 1696 4201 δὲ
1725 4167 1829 4217 μα-

236 4248 432 4313 κάριος
462 4244 594 4311 πρὸς
632 4242 798 4294 αὑτὸν
822 4241 959 4308 ἔφη·
999 4239 1209 4303 Σιώπα,
1246 4240 1335 4293 καὶ
1372 4242 1684 4307 πεφίμωσο,
1704 4258 1828 4310 χαι-

241 4338 505 4405 ρεσίκακε
546 4334 781 4400 δαίμων.
824 4335 883 4385 ὲν
942 4331 1022 4400 τῷ
1079 4332 1305 4399 ὀνόματι
1364 4329 1539 4401 Ἰησοῦ
1570 4331 1828 4399 Χριστοῦ.

241 4431 573 4495 Κατὴγαγον
612 4424 703 4477 οὑν
737 4426 799 4476 ἐκ
833 4424 935 4492 τῆς
964 4422 1185 4491 ἁμάξης
1215 4425 1304 4475 τὸν
1348 4424 1501 4489 ἇγιον
1535 4422 1705 4492 ἄνδρα
1736 4421 1832 4474 καὶ

240 4523 537 4588 εἰσήγαγον
565 4519 622 4568 ὲν
644 4520 709 4587 τῇ
730 4515 996 4586 ἐκκλησίᾳ
1015 4514 1107 4567 τοῦ
1134 4515 1289 4582 ἁγίου
1322 4514 1595 4567 Ἰωάννου.
1630 4512 1830 4576 Ἑστὼς

1923 3350 2066 3403 mgre
2128 3335 2372 3391 ferebant
2411 3356 2423 3391 :
2462 3355 2726 3408 pauperes
2780 3357 2959 3398 autem
3012 3352 3216 3405 reversi
3270 3363 3401 3408 sunt
3450 3356 3507 3410 in

1922 3436 2185 3491 montem,
2225 3430 2365 3482 sicut
2393 3432 2472 3485 eis
2501 3431 2637 3485 dixit
2665 3434 2866 3489 Christi
2899 3452 3111 3501 servus.

1994 3582 2209 3642 XXXII.
2242 3578 2376 3689 Cum
2408 3588 2461 3689 in
2488 3594 2859 3689 currit-autem
2886 3597 3122 3655 venisset
3142 3598 3209 3655 ad
3237 3613 3514 3689 mpnastea-

1925 3679 2085 3744 rium,
2116 3683 2258 3748 quod
2283 3692 2402 3737 erat
2436 3681 2490 3737 In
2528 3683 2737 3751 Phelio,
2767 3702 2986 3759 repente
3010 3692 3229 3761 juvenis
3267 3679 3507 3768 quidam,

1926 3774 2144 3827 nomine
2172 3771 2425 3838 Isidorus,
2445 3777 2610 3843 coepit
2639 3781 2819 3833 vexari
2836 3797 2865 3833 a
2886 3784 3130 3841 daunone
3156 3797 3207 3842 et
3230 3789 3467 3849 clamare
3494 3811 3510 3851 :

1929 3864 2019 3918 Vae
2052 3865 2170 3931 tibi,
2217 3867 2473 3929 Auxenti,
2509 3868 2601 3934 qui
2647 3884 2753 3923 non
2793 3871 2987 3926 dedisti
3016 3876 3146 3931 mihi
3192 3888 3513 3943 potestatem

1929 3959 2220 4012 ulciscendi
2260 3960 2458 4027 impios
2484 3960 2714 4014 deorum
2752 3963 2956 4027 hostes,
2982 3969 3073 4034 qui
3110 3980 3158 4020 te
3182 3973 3511 4040 suscipiunt,

1928 4053 1995 4103 ad
2028 4066 2201 4103 meam
2240 4062 2293 4105 et
2329 4068 2571 4107 meorum
2603 4056 2931 4122 perniciem;
2985 4067 3107 4112 tuus
3146 4064 3290 4114 enim
3334 4076 3512 4121 trans-

1930 4141 2040 4197 itus
2065 4144 2246 4195 omnia
2295 4144 2675 4206 sanctilicavit,
2721 4154 2777 4199 et
2831 4146 3034 4215 iugavit
3078 4166 3142 4203 ex
3193 4154 3347 4207 nobis
3395 4156 3512 4223 pluo

1931 4232 2115 4285 rimos.
2143 4232 2283 4285 Dixit
2319 4243 2499 4286 autem
2528 4234 2582 4303 ei
2626 4235 2818 4289 beatus
2852 4256 2864 4289 :
2900 4235 3043 4292 Tace
3091 4250 3145 4293 et
3175 4242 3508 4311 obmutesce,

1930 4327 2020 4395 qui
2061 4328 2215 4380 malis
2243 4329 2465 4395 gaudes,
2508 4329 2739 4393 damon,
2795 4331 2848 4383 in
2882 4332 3085 4385 Christi
3137 4337 3373 4390 nomine.
3413 4336 3517 4393 De-

1932 4420 2197 4473 duxerunt
2231 4434 2360 4488 ergo
2384 4434 2414 4473 ο
2453 4435 2615 4474 curru
2645 4422 3064 4491 virumiustum,
3094 4433 3147 4478 et
3176 4441 3300 4480 eum
3337 4429 3514 4483 intro-

1932 4511 2201 4563 duxerunt
2241 4510 2293 4563 in
2342 4511 2630 4564 ecclesiam
2659 4512 2833 4565 sancti
2879 4512 3125 4568 Joannis.
3177 4514 3340 4570 Stans
3382 4534 3514 4588 ergo

238 4610 332 4665 οὖν
363 4610 711 4680 προσηύξατο
735 4610 826 4660 ἐπὶ
856 4608 1004 4670 ὥρας
1038 4607 1253 4669 ἱκανὰς,
1275 4607 1362 4658 διὰ
1386 4606 1444 4658 τὸ
1478 4607 1551 4675 μὴ
1573 4606 1818 4659 δύνασθαι

1936 4602 2108 4656 oravit
2176 4601 2338 4656 horas
2393 4603 2623 4672 aliquot,
2672 4614 2956 4673 propterea
3004 4607 3144 4674 quod
3185 4623 3292 4660 non
3331 4619 3517 4678 posset

242 4707 379 4770 γόνυ
406 4704 585 4755 κλῖναι
631 4704 697 4753 ὲκ
726 4700 835 4752 τῶν
888 4702 946 4751 ἐν
984 4703 1095 4761 τοῖς
1129 4701 1287 4751 ποσὶν
1318 4699 1484 4752 αὑτοῦ
1523 4699 1825 4769 μωλώπων.

257 4798 344 4855 Ὠς
385 4795 441 4845 δὲ
506 4792 796 4860 ἐπλήρωσε
852 4790 952 4858 τὴν
1010 4788 1197 4859 εὐχὴν,
1229 4790 1528 4859 εἰσήγαγον
1572 4790 1736 4842 αὑτὸν
1771 4791 1829 4842 ἐν

245 4885 686 4956 χαμαιτρικλίνῳ
746 4880 1085 4951 πανταχόθεν
1145 4882 1595 4943 ἀποκλείσαντες·
1647 4880 1741 4933 τοῦ
1773 4882 1829 4934 δὲ

248 4976 694 5045 προσευχομένου
747 4974 917 5036 ἔνδον,
969 4972 1074 5036 ἐξω
1110 4972 1379 5042 Ἰσίδωρος
1416 4971 1541 5042 ἰάθη
1572 4973 1600 5024 6
1639 4971 1832 5041 δαιμο-

248 5070 403 5123 νῶν.

324 5168 446 5220 ΛΡ.
495 5164 656 5219 Ἀλλὰ
681 5164 819 5231 γυνή
850 5180 932 5222 τις
957 5159 1305 5227 Μλειμιανοῦ
1335 5161 1573 5230 ἡνιόχου,
1609 5162 1831 5231 οἰομένη

248 5264 308 5311 ἐν
340 5259 418 5328 τῷ
484 5259 600 5326 ὄρει
645 5257 741 5324 τῆς
808 5256 987 5320 Ὀξξας
1024 5250 1162 5307 εἶναι
1210 5255 1302 5305 τὸν
1356 5253 1650 5323 μακάριον,
1700 5249 1831 5322 ἦλθε

250 5354 495 5418 ιεέρουσα
553 5350 645 5400 ἐπὶ
700 5348 860 5411 ζώοις
910 5348 1357 5416 πεφορτωμὲνοις
1409 5347 1610 5410 ἔλαιον,
1670 5341 1831 5408 οἶνον,

248 5443 469 5510 ἄρτους,
501 5441 685 5507 τυρὸν,
720 5438 942 5507 ὄσπρια,
982 5438 1243 5500 στούπαν,
1294 5437 1517 5506 κηρούς.
1560 5437 1671 5490 Καὶ
1716 5437 1834 5504 σφό⁸

247 5539 353 5605 δρα
385 5534 484 5600 μὲν
535 5532 777 5601 ἐλυπή’>η
816 5532 889 5599 μὴ
925 5528 1163 5599 εὑροῦσα
1208 5531 1324 5581 ἐκεῖ
1348 5531 1439 5581 τὸν
1468 5531 1612 5581 ὅσιον
1640 5531 1830 5600 ἄνδρα⁰

249 5628 509 5681 διέδωκεν
537 5627 590 5678 δὲ
625 5627 689 5677 τὰ
713 5625 889 5677 πάντα
938 5626 1051 5685 τοῖς
1078 5624 1218 5675 κατὰ
1245 5622 1335 5675 τὸν
1355 5624 1520 5675 τόπον
1556 5639 1833 5692 προσκαρ-

248 5721 471 5787 τεροῦσι
523 5721 777 5787 πτωχοῖς.
817 5718 1087 5785 Κορὰσιον
1121 5716 1227 5785 γὰρ
1289 5716 1457 5785 αὑτῆς
1508 5714 1832 5784 ὀχλούμενον

252 5812 359 5874 ὑπὸ
391 5812 644 5877 δαίμονος
701 5810 906 5879 ἠξιώθη
964 5809 1181 5870 ἰάσεως,
1217 5809 1312 5861 καὶ
1343 5807 1483 5861 πάνυ
1510 5809 1834 5877 προσέκειτο

253 5902 334 5976 τῷ
374 5904 662 5977 μακαρίῳ*
723 5904 1052 5973 θαυμάσασα
1093 5898 1205 5970 οὖν,
1232 5902 1312 5956 ὅτι
1358 5900 1444 5972 βίᾳ
1477 5900 1661 5971 σχεδὸν
1699 5918 1826 5954 κατ-

1936 4710 2073 4762 genu
2112 4693 2328 4750 ﬂectere
2358 4698 2429 4749 ob
2462 4697 2687 4761 vibices,
2713 4698 2802 4766 qui
2840 4709 2996 4752 erant
3038 4700 3091 4753 in
3122 4700 3237 4754 suis
3264 4700 3512 4769 pedibus.

1935 4786 2230 4856 Postquam
2298 4798 2479 4841 autem
2515 4788 2757 4857 implevit
2781 4805 2911 4844 suas
2941 4806 3155 4859 preces,
3186 4807 3311 4846 eum
3343 4793 3516 4845 intro—

1942 4880 2209 4933 duxerunt
2267 4880 2320 4932 in
2381 4879 2608 4934 inferius
2650 4882 2968 4946 triclinium,
3029 4883 3264 4950 undique
3314 4884 3515 4938 clausis

1934 4972 2137 5041 januis.
2193 4972 2268 5026 Eo
2304 4987 2436 5026 vero
2475 4973 2619 5026 intus
2669 4986 2947 5042 precante,
2982 4976 3112 5029 foris
3148 4974 3246 5028 fuit
3291 4987 3513 5030 curatus

1944 5063 2204 5125 Isidorus,
2236 5066 2323 5132 qui
2362 5067 2656 5117 vexabatur
2684 5081 2711 5117 a
2737 5067 3000 5119 ιΙιειιιυιιυ.

2012 5156 2255 5210 XXXIII.
2290 5158 2546 5221 Quaedam
2578 5170 2757 5212 autem
2798 5161 3012 5222 mulier,
3043 5176 3176 5213 uxor
3201 5158 3510 5213 Maximiani

1939 5253 2160 5319 aurigae,
2201 5262 2391 5318 putans
2453 5251 2666 5304 beatum
2730 5253 3054 5305 Auxentium
3089 5267 3207 5305 esse
3239 5253 3290 5304 in
3326 5261 3512 5305 monte

1937 5341 2121 5407 Oxeaz,
2151 5344 2316 5405 venit,
2354 5342 2533 5397 ferens
2563 5346 2804 5397 oneratis
2828 5346 3155 5398 animalibus
3191 5346 3395 5404 oleum,
3421 5344 3508 5395 vi-

1938 5451 2088 5502 num,
2123 5451 2338 5503 panem,
2381 5451 2620 5499 caseum,
2649 5438 2939 5503 legumina,
2976 5446 3186 5505 stupam
3222 5449 3276 5489 et
3304 5449 3507 5488 ceram.

1939 5526 2005 5580 Et
2039 5545 2228 5598 magno
2258 5530 2475 5597 quidem
2522 5532 2709 5584 dolore
2741 5542 2824 5584 est
2861 5531 3076 5596 affecta,
3108 5546 3229 5582 cum
3260 5540 3509 5583 sanciunt

1937 5623 2110 5676 virum
2168 5622 2274 5674 illic
2323 5638 2425 5675 non
2491 5621 2808 5678 invenisset.
2843 5624 3124 5677 D:stribuit
3161 5639 3288 5678 vero
3328 5624 3514 5680 omnia

1938 5715 2263 5785 pauperibus
2296 5716 2386 5785 qui
2417 5729 2483 5770 eo
2517 5715 2570 5770 in
2601 5716 2719 5771 loco
2745 5717 3187 5786 peraeverabant.
3221 5717 3349 5787 Ejus
3365 5717 3514 5770 enim

1939 5808 2137 5874 puella,
2195 5823 2314 5877 qua
2363 5808 2659 5863 vexabatur
2706 5808 2774 5863 ab
2823 5808 3104 5863 Immundo
3137 5811 3403 5867 dteuzone.
3438 5808 3510 5862 ab

1941 5902 2054 5972 ipso
2086 5912 2332 5957 assecuta
2368 5902 2545 5958 fuerat
2567 5902 2928 5968 curationem,
2949 5913 3000 5957 et
3036 5905 3195 5957 beato
3226 5905 3336 5954 viro
3355 5900 3511 5956 uide
