4218 6482
214 465 358 532 1413

1522 455 1669 514 ἸΤΑ
1705 453 1765 511 S.
1804 447 2201 511 AUXENTII.

3323 440 3457 505 14H

200 577 258 628 δὲ
304 577 563 642 ὑπαρχων
620 566 1033 637 Ῥουφινιανῶν,
1096 563 1333 633 τοῦνομα
1379 564 1601 627 Σκῶπα,
1658 562 1783 622 τοὺς

1891 559 1995 618 nis,
2030 557 2247 610 nomine
2290 554 2542 624 Scopem,
2601 554 2809 618 rogavit
2848 567 2965 615 eos,
3023 553 3117 623 qui
3172 558 3463 608 convenie-

203 667 632 736 συνερχομένους
664 662 898 731 ἠξίωσεν
948 661 1170 726 ἐνέγκαι
1216 658 1400 723 αὑτὸν,
1460 657 1552 709 καὶ
1607 655 1779 716 οὕτως

203 760 348 814 κατὰ
374 762 435 809 το
473 756 737 825 πρότερον
769 752 953 822 σχῆμα
989 752 1080 803 τὸν
1112 751 1275 803 πόθον
1306 748 1470 803 αὑτοῦ
1504 747 1777 807 ἀνύοντες,

205 851 303 903 σὺν
327 852 437 908 τοῖς
456 847 532 898 ὲκ
554 845 647 898 τοῦ
672 844 1046 914 μοναστηρίου
1073 843 1129 893 ὲν
1150 835 1193 909 ᾧ
1219 841 1493 911 διέτριψεν
1509 840 1778 907 ἀδελφοῖς,

207 942 346 1011 μετὰ
404 938 633 1009 ψαλμῶν
680 939 773 990 καὶ
825 937 1008 1006 ὕμνων
1055 936 1149 988 καὶ
1196 934 1347 1005 ᾠδῶν
1396 932 1780 1003 πνευματικῶν

203 1033 481 1099 ἀνήγαγον
515 1029 677 1082 αὑτὸν
705 1030 800 1081 καὶ
837 1028 1167 1097 ποιήσαντες
1211 1024 1439 1079 κλουόὸν
1477 1026 1541 1076 ἐκ
1585 1024 1778 1090 ξύλων.

203 1124 279 1187 ὡς
305 1124 491 1191 δρνεον
515 1121 760 1191 ὑψιτενὲς
782 1118 1114 1182 ἐνέκλεισαν,
1134 1117 1322 1186 θυρίδα
1342 1118 1500 1185 μόνον
1521 1117 1782 1175 ἐάσαντες

206 1214 341 1285 πρὸς
388 1215 486 1284 τὴν
541 1214 650 1265 τῶν
706 1212 1159 1282 παραγινομένων
1208 1211 1496 1278 συντυχίαν
1540 1206 1682 1260 κατὰ
1719 1206 1783 1258 τὸ

207 1312 474 1377 πρότερον
509 1307 696 1376 σχῆμα
719 1322 731 1334 °
760 1302 840 1368 οἷς
870 1305 1235 1373 ἐπευξάμενος
1268 1305 1362 1356 καὶ
1390 1303 1618 1355 ἕκαστον
1647 1316 1781 1353 κατ·-

207 1402 601 1469 ασπασάμενος
661 1402 867 1462 πάντας
925 1398 1229 1462 ἀπέλυσεν,
1282 1395 1651 1463 καταληφθεὶς
1707 1394 1783 1455 ὡς

206 1491 489 1562 στρουθίον
526 1491 757 1562 μονάζον
798 1492 892 1544 ἐπὶ
927 1491 1144 1561 δόματι,
1188 1490 1523 1558 εὐχαριστῶν
1556 1488 1632 1557 τῷ
1673 1488 1783 1539 Κυ-

208 1584 310 1654 ρίῳ
339 1585 425 1637 διὰ
453 1585 551 1653 τῆς
584 1583 847 1653 συνήθους
878 1584 1106 1654 ἡσυχίας
1134 1598 1193 1634 τε
1230 1582 1321 1635 καὶ
1351 1579 1675 1647 δοξολογίας.

279 1764 410 1816 MA’.
454 1762 770 1832 Ἀπέριττον
796 1761 851 1811 δὲ
870 1759 963 1811 καὶ
983 1758 1184 1829 μᾶλλον
1209 1757 1483 1826 ὠφέλιμον
1505 1756 1784 1825 ἡγούμεθα

199 1851 263 1904 τὸ
316 1851 682 1920 διηγήσασθαι
749 1849 990 1920 μερικῶς
1045 1849 1139 1901 καὶ
1196 1847 1324 1909 τοὺς
1376 1846 1613 1900 ἐνταῦθα
1667 1850 1785 1899 ἑπι-

1885 651 2035 710 bant,
2065 648 2244 717 ipsum
2275 647 2563 700 deducere.
2609 646 2807 712 Sicque
2837 643 2890 696 in
2934 645 3098 711 priori
3134 644 3319 697 habitu
3345 644 3462 714 ejus

1883 741 2211 795 desiderium
2267 736 2572 806 itnpleates,
2601 751 2722 788 cum
2768 735 3050 789 Fratribus
3093 735 3181 803 qui
3210 745 3365 789 erant
3395 750 3463 789 ex

1884 833 2215 887 monasterio
2275 831 2328 884 in
2369 844 2479 898 quo
2532 838 2615 882 est
2678 838 2952 888 versatus.
3001 843 3123 881 cum
3160 828 3378 895 psalmis
3402 836 3458 883 et

1885 924 2101 994 hymnis
2136 933 2190 976 et
2220 923 2447 976 canticis
2503 921 2843 989 spiritalibus
2897 936 3020 974 eum
3069 921 3407 975 deduxerunt
3442 939 3457 974 :

1885 1027 1937 1071 et
1972 1032 2093 1071 cum
2124 1016 2340 1086 globum
2373 1031 2437 1070 ex
2472 1016 2633 1085 lignis
2665 1016 2946 1079 fecissent,
3009 1026 3263 1081 tanquam
3305 1030 3459 1069 avem

1886 1110 2114 1165 sublime
2149 1109 2443 1171 volantem,
2491 1110 2668 1177 ipsum
2721 1109 2773 1161 itt
2828 1121 2892 1161 eo
2914 1106 3275 1168 incluserunt,
3297 1123 3459 1161 unam

1886 1203 2054 1256 solam
2112 1203 2353 1255 sinentes
2417 1201 2736 1263 fenestram,
2780 1203 2845 1253 ad
2896 1199 3324 1254 cnnveniendum
3368 1214 3463 1253 eos

1885 1296 1975 1363 qui
2033 1296 2390 1357 accedebant,
2451 1308 2517 1346 eo
2563 1294 2667 1345 ritu
2717 1307 2823 1360 quo
2856 1292 3027 1361 prius.
3087 1292 3292 1357 Quibus
3326 1290 3461 1345 bene

1887 1398 2158 1455 precatus,
2209 1396 2263 1441 et
2319 1399 2757 1453 unumquemque
2804 1385 3100 1449 osculatus,
3162 1398 3352 1439 omnes
3375 1385 3458 1436 di-

1890 1479 2035 1533 misit
2084 1478 2139 1531 in
2167 1492 2319 1545 pace,
2359 1479 2583 1532 relictus
2620 1492 2829 1542 rursus,
2861 1486 3113 1546 tanquam
3155 1491 3344 1544 passer
3374 1490 3466 1529 so-

1887 1570 2099 1623 litarius
2131 1570 2175 1599 ”
2208 1584 2372 1637 supra
2421 1580 2643 1632 teetum,
2677 1570 2784 1622 Deo
2817 1584 2981 1636 agens
3004 1569 3210 1638 gratias
3253 1576 3469 1638 propter

1888 1668 2203 1712 consuetam
2237 1659 2472 1725 quietem
2498 1667 2549 1711 et
2593 1658 3072 1727 glorificationem.

1956 1747 2074 1803 Non
2105 1750 2339 1803 alienum
2364 1759 2542 1802 autem
2567 1751 2941 1803 existimamus
2959 1760 3119 1816 atque
3147 1749 3282 1803 adeo
3311 1748 3464 1814 utile,

1890 1841 2199 1909 singulatim
2248 1856 2501 1903 narrare,
2535 1856 2654 1910 qua:
2694 1842 2783 1895 hic
2829 1846 2875 1893 ei
2921 1842 3469 1910 contigerunttenta-

204 1941 522 2009 συμϐάντας
563 1939 710 2007 αὐτῷ
755 1937 1097 2009 πειρασμοὺς
1144 1936 1249 1989 ὑπὸ
1296 1936 1404 1989 τῶν
1464 1936 1788 2003 ἀκαθάρτων

1894 1933 2068 1987 tiones
2122 1934 2190 1986 ab
2252 1909 2564 1987 immundis
2605 1942 2661 1988 et
2710 1933 2960 2003 malignis
3012 1909 3314 2003 spiritibus.
3355 1933 3467 1988 Una

204 2032 555 2099 πνευμάτων.
603 2031 717 2099 Μιᾷ
760 2029 869 2097 γὰρ
901 2028 1055 2079 νυκτὶ
1108 2027 1548 2095 προσευχομένου
1598 2025 1786 2090 αὑτοῦ,

202 2127 527 2188 ἐπιστάντες
563 2126 612 2179 οἱ
644 2125 899 2194 δαίμονες
936 2126 1014 2187 εἰς
1055 2123 1258 2192 πλῆθος
1290 2122 1537 2192 ἄπειρον,
1579 2123 1637 2173 ὲν
1668 2122 1787 2174 δια-

202 2222 391 2290 ιρὸροις
427 2219 909 2289 σχηματιζόμενα,
940 2215 1437 2281 κατακτυποῦντες,
1477 2217 1785 2286 βρῶχοντες,

205 2312 583 2374 ἀπειλοῦντες,
620 2312 717 2364 οὐκ
762 2313 988 2380 ἴσχυσαν
1023 2312 1112 2363 τὸν
1138 2310 1261 2362 νοῦν
1292 2309 1460 2363 αὑτοῦ
1506 2312 1786 2378 πειρᾶσαι.

212 2405 457 2471 11).ηγαῖς
489 2403 583 2457 οὖν
622 2404 784 2455 αὑτὸν
815 2403 1097 2470 κόψαντες,
1133 2400 1301 2469 ᾤοντο
1329 2402 1415 2453 διὰ
1458 2401 1555 2469 τῆς
1579 2400 1789 2468 θυρίδος

203 2492 446 2556 ὲξωθυῦν
499 2493 636 2562 μετᾶ
684 2493 883 2561 πολλῆς
933 2492 1027 2559 τῆς
1054 2491 1193 2561 βίας,
1237 2489 1462 2560 ορύ>λον
1513 2491 1790 2555 ποιοῦντες

204 2588 299 2637 καὶ
346 2586 801 2652 διαταράσσοντες
848 2585 1074 2644 ἑαυτοὺς
1119 2582 1322 2651 μᾶλλον
1369 2583 1513 2652 ἤπερ
1560 2584 1787 2641 ἐκεῖνον,

203 2678 409 2741 φωναῖς
441 2674 673 2740 ἀσήμοις
712 2672 942 2741 βοῶντες
969 2687 981 2700 ·
1012 2672 1076 2723 Τί
1112 2688 1192 2723 σοι
1240 2673 1335 2724 καὶ
1372 2674 1490 2733 ταῖς
1519 2672 1787 2740 ἐρήμοις;

202 2765 478 2833 ἀναχῶρει
506 2764 613 2815 τῶν
644 2764 953 2833 ἡμετέρων.
998 2762 1138 2815 Ἀλλ’
1165 2766 1192 2816 ὁ
1226 2762 1498 2831 μακάριος
1529 2763 1791 2829 γενναίως

204 2857 409 2923 φέρων,
444 2856 535 2906 τὸν
568 2855 737 2907 τύπον
768 2854 863 2908 τοῦ
897 2854 1168 2924 σωτηρίου
1204 2854 1439 2925 σταυροῦ
1468 2857 1589 2913 κατ’
1611 2854 1790 2919 αὐτῶν

202 2945 569 3014 διαχαρὰξας,
635 2946 1007 3014 ἀτονωτέρουτ
1096 2945 1469 3000 ἀπεδείκνυεν.
1547 2946 1661 3006 Καὶ
1726 2947 1791 3017 δὴ

207 3040 426 3106 πριυῖας
455 3038 752 3108 γενομένης
794 3038 915 3090 κατ’
955 3038 1202 3090 εὐδοκίαν
1249 3036 1342 3090 τοῦ
1389 3038 1547 3100 Θεοῦ,
1596 3040 1659 3092 ἐκ
1697 3038 1790 3091 τοῦ

204 3130 500 3198 εἰρημένου
540 3129 796 3191 πολλάκις
831 3129 1095 3199 ἐμπορίου
1134 3130 1520 3196 Ῥουφινιανῶν
1559 3132 1652 3182 καὶ
1698 3129 1791 3182 τοῦ

1890 2027 2032 2081 enim
2070 2036 2227 2081 nocte
2262 2041 2328 2079 eo
2373 2036 2589 2092 orante,
2645 2027 2969 2081 accedentes
3007 2028 3280 2081 daunones
3312 2030 3471 2080 innu-

1891 2118 2202 2183 merabiles,
2250 2118 2589 2172 diversarum
2620 2119 2887 2172 visionum
2922 2119 3135 2187 species
3160 2133 3271 2187 prae
3304 2134 3361 2173 se
3393 2118 3472 2173 fc-

1891 2222 2094 2274 rentes,
2122 2219 2446 2277 strepentes,
2478 2210 2775 2279 rugientes,
2817 2211 3105 2274 minantes,
3137 2226 3241 2263 non
3280 2221 3473 2280 potue-

1892 2311 2021 2355 runt
2072 2314 2306 2355 mentem
2342 2302 2460 2370 ejus
2515 2312 2743 2357 terrere.
2780 2302 2916 2356 Cum
2951 2318 3074 2357 eum
3109 2317 3239 2371 ergo
3294 2303 3470 2371 plagis

1892 2396 2222 2460 aﬂ‘ecisscnt,
2260 2398 2519 2464 putabant
2551 2396 2667 2449 fore
2696 2406 2753 2449 ut
2775 2412 2835 2450 se
2866 2396 3176 2450 deturbaret
3200 2412 3295 2465 per
3323 2396 3473 2450 fene-

1892 2499 2100 2554 stram,
2138 2504 2261 2542 cum
2313 2488 2365 2541 vi
2414 2504 2608 2557 magna
2659 2488 2948 2541 tumultum
2999 2491 3259 2555 edentes,
3308 2500 3359 2542 et
3388 2505 3476 2543 se-

1893 2581 2037 2647 ipsos
2072 2580 2241 2647 magis
2265 2595 2425 2649 quam
2453 2579 2602 2633 illurn
2632 2579 3041 2642 conturbantes,
3066 2580 3356 2634 inconditis
3380 2594 3479 2634 vo-

1893 2673 2045 2724 cibus
2068 2672 2431 2725 exclamantes
2467 2670 2637 2737 :Quid
2661 2672 2756 2726 tibi
2787 2687 2911 2725 cum
2942 2674 3144 2726 nostris
3187 2671 3416 2726 desertis
3447 2671 3471 2725 3

1896 2761 2107 2817 Recede
2161 2781 2189 2816 a
2246 2765 2411 2841 rebus
2450 2766 2673 2827 nostris,
2721 2765 2865 2819 male
2909 2766 3053 2819 enim
3081 2780 3141 2818 es
3176 2765 3473 2831 periturus.

1896 2848 2005 2913 Sed
2064 2858 2255 2911 beatus
2296 2857 2601 2912 Anxentius
2656 2855 2867 2911 fortiter
2899 2856 3099 2921 ferens,
3126 2858 3306 2910 crucis
3338 2856 3476 2925 figu-

1894 2956 2010 3006 ram
2046 2945 2097 2996 in
2127 2939 2221 3005 eos
2273 2946 2599 3011 exprimens,
2638 2946 2869 2999 reddidit
2912 2946 3317 3000 imbecilliores.
3338 2946 3473 3000 Cum

1896 3028 2090 3086 fuisset
2141 3042 2323 3084 autem
2356 3044 2537 3098 mane,
2565 3043 2621 3089 ut
2667 3032 2775 3088 Deo
2810 3036 3037 3104 placuit,
3064 3049 3129 3089 ex
3160 3049 3302 3103 saepe
3329 3034 3477 3090 dicto

1893 3123 2135 3191 emporio
2169 3121 2625 3189 Rullinianarum,
2660 3135 2713 3179 et
2746 3140 2832 3190 eo,
2878 3126 3021 3193 quod
3049 3125 3154 3177 illic
3183 3135 3319 3185 erat,
3356 3139 3475 3179 mo-

203 3222 388 3272 ὲκεῐσε
434 3220 797 3289 μοναστηρίου
841 3220 1205 3288 παρεγένοντο
1261 3220 1508 3283 πλείονες
1566 3221 1789 3290 μοναχοί

1898 3213 2158 3275 nasterio,
2210 3215 2770 3282 accesseruntplnres
2821 3217 3075 3269 monachi
3111 3226 3166 3268 et
3189 3216 3476 3280 mundani,

201 3328 263 3363 τε
291 3312 385 3364 καὶ
413 3316 667 3381 κοσμικοὶ
703 3314 796 3363 ἐπὶ
839 3313 900 3362 τὸ
943 3312 1306 3381 εὑλογηθῆναι
1352 3314 1448 3365 καὶ
1482 3313 1793 3365 ἀπολαῦσαι

202 3402 303 3471 τῆς
334 3402 630 3471 καλλίστης
659 3402 826 3454 αὑτοῦ
860 3403 1170 3471 συντυχίας.
1214 3402 1303 3465 Ὠς
1328 3402 1385 3454 δὲ
1419 3404 1483 3455 ἐκ
1519 3403 1619 3471 τῆς
1653 3403 1792 3465 ἄγαν

202 3496 315 3545 τῶν
345 3493 672 3562 ἀκαθάρτων
715 3494 1042 3562 πνευμάτων
1078 3494 1461 3564 ταλαιπωρίας
1507 3496 1659 3564 μόλις
1691 3495 1791 3545 αὑ-

203 3589 319 3649 τοῖς
363 3586 459 3653 τὴν
497 3584 687 3653 θυρίδα
726 3584 961 3654 ἀνέῳξεν
1008 3585 1103 3637 καὶ
1149 3586 1582 3655 παρακλητικοῖς
1613 3586 1791 3652 λόγοις

205 3679 478 3747 ἐκέχρητο
508 3676 712 3739 αὐτοῖς,
760 3675 836 3737 ὼς
867 3677 965 3740 τὴν
1005 3675 1186 3729 αἰτίαν
1235 3676 1333 3744 τῆς
1368 3676 1637 3747 τοσαύτης
1668 3678 1793 3729 ἀτο-

203 3770 325 3830 νίας
356 3768 619 3821 ὲπύθοντο
644 3786 658 3800 ·
689 3768 783 3820 τοῦ
819 3769 875 3820 δὲ
904 3770 1174 3837 φήσαντος
1206 3767 1280 3838 μὴ
1323 3765 1464 3821 εἶναι
1494 3771 1791 3839 κακουχίαν

206 3862 551 3930 σωματικὴν,
600 3861 713 3913 ἀλλ’
752 3862 1034 3930 ἐνέργειαν
1086 3860 1432 3931 διαϐολικὴν,
1479 3862 1699 3927 γνόντες
1739 3862 1789 3912 οἱ

206 3953 473 4020 παρόντες
508 3952 789 4021 ἡσύχασαν
816 3967 829 3980 ’
883 3952 978 4003 καὶ
1018 3952 1322 4018 παράθεσιν
1372 3952 1789 4021 ἐξαιτησάμενοι

204 4044 534 4112 κατῄεισαν.
568 4044 921 4113 Συχυοτέρως
967 4044 1022 4095 δὲ
1065 4045 1294 4113 ἤρχοντο
1324 4046 1459 4114 πρὸς
1504 4044 1791 4114 ἐπίσκεψιν

205 4135 400 4195 αὐτοῦ,
445 4133 682 4200 μάλιστα
721 4134 770 4183 οἱ
803 4136 865 4184 ἐκ
914 4133 1006 4185 τοῦ
1047 4134 1436 4202 μοναττηρίου.
1476 4134 1669 4202 Ἡμεῖς
1696 4131 1790 4187 οὖν

204 4224 346 4293 πρὲις
375 4228 434 4276 τὸ
467 4225 541 4294 μὴ
574 4223 725 4292 παρὰ
763 4224 823 4275 τὸ
865 4224 1063 4295 μέτρον
1097 4225 1186 4277 τὸν
1219 4224 1376 4291 λόγον
1420 4225 1788 4293 μηκυνθῆναι,

202 4320 334 4380 τοὺς
382 4318 601 4379 λοιποὺς
645 4318 984 4386 πειρασμοῦς
1028 4319 1085 4367 ἐν
1132 4316 1210 4385 τῷ
1254 4316 1506 4386 προτέρῳ
1549 4316 1662 4386 ὄρει
1695 4318 1790 4369 καὶ

204 4413 267 4462 ἑν
294 4408 469 4476 τούτῳ
499 4408 898 4478 γεγενημένους
924 4408 1011 4460 ἐπ’
1046 4407 1196 4476 αὐτῷ
1224 4408 1586 4478 διηγήσασθαι
1615 4424 1791 4478 παρῃι-

202 4502 497 4569 τησὰμεθα
522 4518 533 4530 ·
571 4501 796 4570 καὶγὰρ
824 4503 902 4561 εἰς
946 4500 1176 4566 ἄγγελον
1212 4501 1387 4568 φωτὸς
1432 4500 1789 4569 μεταϐληθεὶς

1896 3315 1951 3359 ut
2006 3304 2437 3360 benedictionem
2470 3306 2539 3360 ab
2566 3321 2633 3359 eo
2656 3317 3123 3376 consequerentur
3147 3317 3201 3360 et
3231 3305 3477 3362 frueren-

1896 3404 1983 3448 tur
2021 3395 2391 3462 pulcherrima
2445 3397 2563 3464 ejus
2620 3397 2993 3451 contentione.
3030 3396 3163 3451 Cum
3200 3411 3327 3451 vero
3352 3412 3477 3467 pro-

1893 3493 2014 3551 pter
2066 3485 2290 3538 nimiam
2349 3486 2754 3540 immundorum
2790 3487 3087 3554 spirituum
3122 3484 3473 3541 afﬂictionem

1895 3576 1989 3627 vix
2014 3576 2229 3627 tandem
2257 3575 2335 3629 eis
2369 3576 2671 3644 aperuisset
2707 3576 3031 3641 fenestram,
3053 3588 3106 3630 et
3145 3576 3323 3631 verbis
3347 3592 3474 3632 usus

1892 3678 2035 3720 esset
2071 3670 2210 3732 apud
2232 3682 2323 3721 eos
2350 3668 2751 3733 consolatoriis,
2776 3678 3037 3736 rogarunt
3069 3684 3290 3724 causam
3313 3678 3475 3724 tantae

1894 3754 2311 3808 imbecillitatis.
2347 3754 2483 3809 Cum
2520 3757 2566 3809 is
2618 3768 2797 3809 autem
2836 3759 3082 3823 dixisset,
3116 3774 3221 3813 non
3252 3776 3371 3814 esse
3394 3758 3475 3813 af-

1892 3843 2187 3897 flictionem
2211 3844 2474 3912 corporis,
2501 3846 2595 3911 sed
2622 3845 2948 3899 diabolicam
2988 3849 3382 3915 operationem,
3417 3849 3472 3904 id

1890 3945 2304 4004 cognoscentes,
2348 3936 2438 4003 qui
2486 3939 2731 4000 aderant,
2776 3938 3044 3992 siluerunt
3074 3948 3128 3993 et
3161 3940 3471 3993 contentio-

1892 4046 2017 4084 nem
2048 4032 2250 4085 auferri
2280 4034 2638 4101 deprecantes
2669 4035 3089 4089 descendebant.
3110 4034 3472 4103 Frequentius

1893 4134 2074 4180 autem
2135 4127 2467 4181 accedebant
2495 4128 2560 4181 ad
2596 4142 2717 4182 eum
2753 4130 3082 4184 visitandum
3117 4132 3349 4186 maxime
3378 4131 3471 4201 qui

1892 4228 2142 4271 erantex
2194 4217 2563 4282 monasterio;
2595 4234 2694 4273 nos
2745 4234 2898 4280 vero.
2934 4236 3001 4274 ne
3056 4221 3108 4274 in
3140 4222 3469 4275 immensum

1892 4317 2164 4364 cresceret
2196 4310 2396 4373 oratio,
2428 4311 2663 4379 reliquas
2690 4313 3038 4377 tentationes,
3069 4328 3189 4383 qua:
3222 4315 3274 4366 in
3301 4314 3469 4382 priori

1894 4409 2078 4452 monte
2128 4408 2181 4453 et
2210 4400 2261 4452 in
2300 4400 2405 4453 hoc
2440 4398 2600 4454 facta:
2628 4410 2755 4455 sunt
2792 4404 2843 4455 in
2873 4417 3017 4466 eum,
3051 4418 3279 4457 narrare
3310 4419 3470 4458 recu-

1894 4490 2150 4545 savimus.
2188 4489 2243 4544 In
2274 4493 2520 4562 angelum
2548 4495 2693 4547 enim
2724 4494 2864 4550 lucis
2899 4504 3138 4548 mutatus
3173 4494 3471 4563 malignus,

202 4599 237 4649 ὁ
282 4595 543 4664 πονηρὸς,
585 4593 661 4656 ῶς
697 4611 861 4663 φησιν
910 4596 939 4647 ὁ
984 4592 1326 4657 Ἀπόστολος,
1361 4595 1576 4663 ἁπατᾷν
1627 4593 1788 4645 αὑτὸν

1898 4594 1955 4637 ut
1981 4584 2110 4638 dicit
2138 4582 2434 4650 Apostolus
2470 4586 2540 4649 “,
2575 4586 2799 4653 putabat
2831 4601 2891 4641 se
2927 4601 3051 4640 eum
3084 4586 3470 4654 deceptorum.

203 4687 368 4759 ᾤετο,
402 4686 516 4739 ἀλλ’
546 4686 646 4738 οὐκ
689 4680 757 4755 ἦν
796 4686 1065 4748 εὐάλωτος
1099 4686 1130 4737 ὁ
1162 4685 1456 4754 μακάριος,
1495 4684 1699 4753 σφόδρα
1731 4682 1788 4737 δὲ

209 4776 411 4845 μᾶλλον
445 4775 704 4843 ἔμπειρος
753 4777 826 4827 ἐκ·
854 4776 954 4843 τῆς
997 4776 1105 4828 τῶν
1148 4775 1309 4827 θείων
1352 4762 1582 4844 Γραφῶν
1642 4772 1788 4827 διδα·

207 4865 458 4925 σκαλίας.

281 4956 415 5009 ME'.
446 4954 609 5006 Ὅθεν
652 4954 745 5007 καὶ
790 4956 902 5018 τοῖς
949 4956 1341 5026 συντρέχουσιν
1381 4959 1444 5010 ἐκ
1492 4957 1590 5025 τῆς
1621 4974 1789 5026 μεγαν-

204 5048 460 5115 λωνύμου
501 5049 1122 5111 Κωνσταντινουπόλεως
1170 5050 1403 5112 καὶτοῖς
1446 5050 1651 5113 λοιποῖς
1683 5050 1790 5101 τῶν

207 5140 521 5208 ὶπιχωρῖων
573 5140 851 5209 προσηνὴς
891 5135 960 5211 ἦν
1010 5143 1105 5211 καὶ
1151 5142 1586 5211 παρακλητικὺς,
1620 5146 1667 5193 εί
1700 5143 1791 5194 καί

205 5248 290 5291 τις
317 5230 500 5293 ἄλλος,
550 5231 649 5299 τῆς
702 5231 901 5301 ἀρετῆς
955 5203 1062 5283 τῶν
1117 5231 1291 5300 λόγων
1329 5232 1495 5287 αὑτοῦ
1544 5232 1791 5296 ἅπαντας

209 5320 705 5390 προσκαλουμένης
729 5321 943 5391 καὶτῆς
976 5322 1096 5391 περὶ
1126 5323 1291 5376 αὐτοῦ
1326 5324 1513 5393 φήμης
1543 5323 1637 5375 καὶ
1664 5322 1789 5384 τοὺς

209 5415 401 5484 παρέω
429 5413 803 5481 ἐφελκομένης
828 5428 843 5443 ’
874 5415 1015 5466 κατὰ
1044 5413 1135 5467 οὖν
1168 5415 1229 5468 τὸ
1259 5416 1447 5478 εἰωθὸς
1486 5415 1635 5485 αὑτῷ
1666 5416 1788 5475 τοὺς

206 5505 453 5575 πρωῖθεν
487 5507 815 5575 ἐρχομένους
855 5508 995 5576 μετὰ
1024 5508 1214 5579 τρίτην
1247 5508 1394 5578 ὥραν
1431 5511 1665 5562 ἀπέλυεν
1696 5509 1788 5562 καὶ

204 5600 335 5661 τοῦς
371 5598 558 5650 ἔπειτα
596 5600 736 5668 μετᾶ
764 5600 859 5668 τὴν
887 5600 1071 5669 ἓκτην·
1107 5602 1205 5654 οὐκ
1238 5605 1296 5654 ἐν
1336 5603 1501 5671 ἀργία
1536 5602 1591 5654 δὲ
1617 5619 1787 5670 προσ-

207 5690 451 5758 εδρεύειν
490 5691 614 5752 τοὺς
658 5693 1127 5761 ἐπισυνηγμένους
1175 5695 1343 5761 ἠφίει,
1379 5696 1494 5748 ἀλλ’
1547 5695 1576 5765 ἧ
1620 5699 1676 5749 ἐν
1714 5694 1787 5761 τῷ

278 5870 321 5901 ’³
352 5869 499 5949 Psal.
521 5889 595 5932 τι.
671 5876 717 5908 ⁸⁸
756 5876 797 5931 ll
823 5877 949 5933 Cor.
983 5893 1020 5932 ι.

1895 4674 1998 4729 Sed
2051 4690 2156 4728 non
2214 4674 2370 4729 facile
2404 4676 2523 4745 capi
2582 4688 2796 4746 poterat
2862 4679 3050 4732 beatus
3101 4684 3209 4731 :et
3246 4677 3471 4744 pulchre

1894 4769 2201 4831 resistebat,
2226 4784 2348 4821 cum
2374 4781 2520 4823 esset
2550 4770 2702 4824 valde
2724 4773 2933 4841 peritus
2959 4772 3225 4828 doctrina:
3253 4774 3468 4828 divina-

1896 4878 2014 4915 rutn
2055 4860 2482 4930 Scripturarum.

1968 4952 2128 5006 XLV.
2161 4952 2313 5007 Unde
2342 4955 2507 5008 etiam
2549 4956 2615 5009 iis
2648 4958 2739 5025 qui
2774 4958 2837 5010 ad
2867 4957 3044 5025 ipsum
3072 4958 3473 5014 conveniebant

1894 5060 1957 5099 ex
1994 5047 2293 5102 clarissima
2328 5046 2802 5115 Constantinopoli
2834 5062 2885 5103 et
2947 5050 3171 5119 reliquis
3215 5051 3334 5120 ejus
3368 5052 3469 5106 loci

1898 5140 2230 5204 hominibus,
2263 5149 2382 5193 erat
2435 5138 2589 5192 valde
2639 5139 2784 5193 mitis
2819 5150 2874 5193 et
2902 5140 3167 5209 placidus,
3201 5152 3255 5195 et
3279 5144 3344 5195 ad
3376 5157 3470 5197 eos

1896 5231 2259 5289 consolandos
2316 5230 2799 5291 accommodatus,
2859 5241 2918 5283 ut
2982 5232 3025 5283 si
3093 5232 3217 5299 quis
3277 5233 3414 5286 alius
3451 5272 3467 5298 ,

1895 5342 2088 5381 omnes
2142 5328 2439 5379 advocante
2491 5322 2611 5393 ejus
2664 5325 2948 5377 verborum
2999 5325 3222 5389 virtute,
3264 5338 3317 5379 et
3350 5325 3469 5395 ejus

1897 5420 2042 5474 fama
2103 5419 2352 5473 trahente
2381 5432 2472 5470 eos
2504 5417 2665 5469 etiam
2703 5418 2791 5485 qui
2834 5415 3023 5482 procul
3058 5427 3213 5469 erant
3244 5416 3459 5469 remuti.

1901 5509 1967 5564 Ut
1997 5524 2125 5579 ergo
2155 5514 2536 5567 consueverat,
2572 5520 2663 5560 eos
2691 5506 2781 5573 qui
2851 5521 3009 5559 mane
3043 5508 3352 5567 veniebant,
3391 5506 3470 5558 di-

1899 5601 2149 5653 mittebat
2197 5608 2316 5666 post
2370 5602 2557 5651 horam
2588 5598 2803 5651 tertiam
2842 5610 2937 5650 :et
2980 5597 3070 5664 qui
3110 5606 3318 5662 po~tea,
3351 5606 3471 5665 post

1898 5704 2128 5746 sextam.
2169 5690 2280 5745 Non
2316 5691 2530 5745 sinebat
2564 5702 2746 5743 autem
2778 5689 2830 5743 in
2883 5688 2994 5742 otio
3050 5687 3332 5741 considere
3380 5702 3473 5741 eos
