4218 6482
267 483 406 548 1417

1530 466 1708 531 νιΤΑ
1748 466 1807 527 S.
1846 464 2244 527 AUXENTII.

3395 465 3540 534 1418

256 599 391 669 οὔσῃ
444 598 540 650 καὶ
599 587 1003 662 πεηρωμὲκιῃ.
1039 585 1114 649 ὡς
1168 584 1305 656 μήτε
1357 581 1458 654 τὴν
1489 578 1834 635 διδασκαλίαι

1951 576 2181 647 Oportet
2214 592 2346 647 ergo
2394 578 2560 634 menti
2611 589 2830 646 nostrae,
2868 595 2989 650 qua:
3022 582 3094 635 ita
3125 592 3208 637 est
3237 596 3530 651 occaecata,

259 692 371 747 τῶν
395 690 556 743 θείων
592 685 825 757 Γραφῶν
858 678 1221 749 είσδέχεσθαι,
1252 678 1285 748 ἢ
1315 677 1620 738 κατανοεῖν,
1650 670 1845 742 ὁδηγὸν

263 786 584 838 ἐπισπεῖσαι
618 780 711 832 τὸν
751 774 952 843 εὐσεϐῆ
986 771 1249 840 λογισμὸν
1286 769 1379 821 καὶ
1406 765 1842 837 προηγουμένως

261 876 353 928 τὸν
388 875 553 944 φὸὁον
581 871 674 924 τοῦ
729 866 889 932 Θεοῦ,
945 866 1091 927 ὅστις
1128 859 1490 933 κατορθοῦται
1528 857 1617 913 διὰ
1652 873 1846 925 συχνο-

259 969 426 1038 τέρας
447 963 684 1035 δεήσεως
725 978 784 1014 τε
810 961 903 1012 καὶ
936 956 1245 1027 προσευχῆς
1277 953 1413 1023 πρὸς
1441 952 1504 1005 τὺ
1542 947 1842 1005 ἀπολιποῦ-

262 1077 364 1113 σαν
422 1061 492 1109 τὰ
549 1054 725 1124 γεωδη
784 1052 880 1105 καὶ
935 1050 1174 1119 φθαρτὰ,
1235 1048 1326 1100 ἐπὶ
1382 1045 1449 1099 τὰ
1488 1046 1717 1113 οὐράνια
1748 1044 1843 1095 καὶ

257 1154 513 1221 ἆσθαρτα
545 1147 878 1201 ἀποόλέπειν
930 1145 1258 1213 πράγματα.
1297 1138 1356 1193 Ὀ
1384 1142 1493 1209 γαρ
1532 1134 1842 1207 διορατικὸς

258 1249 324 1315 τῇ
377 1244 520 1313 φυγῇ
555 1242 651 1294 καὶ
705 1236 1139 1306 πεπαιδευμένος
1190 1236 1256 1305 τῇ
1292 1233 1526 1300 διανοίᾳ,
1564 1231 1623 1282 ος,
1680 1230 1840 1298 μόνον

255 1339 371 1397 τοῖς
403 1333 739 1401 σωματικοῖς
765 1328 1065 1396 ὀφθαλμοῖς
1095 1324 1383 1394 ἐπιτρέπει
1428 1321 1527 1393 τὴν
1556 1319 1665 1372 τῶν
1703 1321 1843 1388 ὁρωο

262 1431 439 1497 μένων
462 1423 919 1493 ὲπίσκεῲινρλλὰ
940 1419 1035 1475 καὶ
1055 1422 1162 1481 τοῖς
1184 1417 1469 1488 τῆςψυχῆς
1492 1414 1619 1483 μᾶλλ
1633 1431 1689 1466 ον
1708 1416 1837 1466 ἐνα-

254 1518 431 1581 τενίζε
445 1536 491 1571 ιν
531 1518 609 1580 είς
662 1516 761 1587 τὴν
791 1514 900 1566 τῶν
940 1515 1185 1584 ἀοράτων
1216 1509 1543 1577 κατανόησιν
1568 1522 1581 1536 ·
1612 1504 1839 1575 θεωρῶν

260 1612 360 1679 μὲν
385 1611 489 1662 τῶν
521 1610 826 1677 νοουμένων
861 1625 918 1659 τε
951 1609 1042 1658 καὶ
1089 1606 1197 1656 τῶν
1224 1600 1632 1669 πιστευομένων
1659 1597 1836 1653 ἀπλα-

256 1701 363 1761 νῶς
405 1702 500 1768 τὴν
552 1700 884 1759 ὑπόστασιν,
923 1695 1139 1763 φεύγων
1176 1693 1229 1743 δὲ
1272 1691 1370 1761 τὴν
1406 1686 1837 1753 πεπλανημένην

257 1797 351 1845 καί
396 1792 676 1860 μοχθηρὰν
718 1792 810 1841 τοῦ
842 1788 957 1857 βίου
997 1784 1373 1856 προσπάθειαν
1416 1780 1511 1833 καὶ
1541 1776 1836 1847 γυμνάζων

254 1885 421 1955 ἀκριό
446 1901 499 1945 ης
528 1884 595 1935 τὰ
620 1881 951 1951 αἰσθητήρια
979 1879 1116 1947 πρὸς
1150 1880 1248 1946 τὴν
1277 1872 1370 1927 τοῦ
1406 1870 1576 1926 καλοῦ
1611 1868 1707 1922 καὶ
1737 1883 1838 1920 κα-

1954 680 2011 722 ut
2037 684 2211 739 neque
2231 668 2538 724 divinarum
2566 670 2976 741 Scripturarum
3004 673 3311 729 doctrinam
3333 678 3532 732 admit-

1952 770 2028 814 tat
2091 773 2185 815 aut
2218 762 2504 829 intelligat,
2531 766 2792 821 adbibere
2835 764 3029 819 ducem
3060 768 3200 835 piam
3234 770 3527 834 rationem,

1945 864 2000 908 et
2025 855 2300 922 prmcipue
2334 854 2585 911 timorem
2629 856 2747 924 Dei,
2775 859 2868 928 qui
2898 872 3043 914 recte
3060 875 3156 915 suo
3179 862 3424 933 fungitur
3449 865 3531 920 of-

1949 947 2073 1002 ficio
2112 963 2208 1017 per
2235 948 2577 1018 frequentem
2611 954 2937 1017 orationem,
2979 954 3046 1009 ad
3083 954 3183 1011 hoc
3216 966 3293 1023 ut,
3325 959 3531 1016 relictis

1947 1040 2112 1095 rebus
2146 1043 2495 1097 terrestribus
2522 1055 2576 1098 et
2599 1043 2654 1097 in
2687 1046 2980 1114 quascadit
3003 1048 3286 1117 interitus,
3319 1054 3385 1106 ad
3416 1068 3531 1109 cm-

1946 1133 2105 1187 lestia
2170 1136 2455 1205 suspiciat.
2510 1139 2613 1205 Qui
2649 1140 2793 1193 enim
2833 1149 2917 1195 est
2950 1140 3132 1197 animo
3158 1147 3442 1214 perspicax
3475 1158 3533 1203 et

1948 1237 2129 1281 mente
2154 1231 2422 1295 eruditus,
2449 1247 2551 1285 non
2581 1233 2859 1303 corporeis
2888 1235 3064 1290 solum
3097 1240 3320 1294 mandat
3350 1242 3530 1297 oculis

1948 1317 2336 1386 inspectionem
2373 1337 2558 1377 eorum
2606 1340 2727 1394 qua:
2774 1337 3114 1391 cernuntur,
3188 1332 3281 1385 sed
3334 1334 3528 1386 anima:

1947 1425 2184 1482 quoque,
2222 1424 2385 1485 atque
2424 1417 2562 1471 adeo
2606 1418 2777 1471 multo
2811 1420 3003 1489 magis,
3043 1421 3218 1476 oculis
3247 1422 3530 1479 intendere

1947 1507 2442 1561 considerationem
2498 1524 2687 1561 eorum
2723 1526 2841 1577 qua:
2869 1528 2972 1565 non
3009 1513 3209 1567 cadunt
3244 1514 3347 1568 sub
3368 1531 3526 1584 aspe-

1944 1605 2115 1662 ctum,
2151 1612 2338 1653 eorum
2399 1614 2518 1667 qua:
2565 1600 2930 1669 intelligentia
2963 1604 3358 1671 percipiuntur,
3394 1623 3528 1660 eon-

1944 1690 2212 1757 templans
2270 1691 2388 1744 sine
2427 1706 2613 1746 errore
2664 1694 3052 1758 substantiam,
3107 1695 3318 1765 fugiens
3347 1710 3527 1751 autem

1945 1791 2219 1835 errantem
2255 1790 2309 1836 et
2351 1783 2653 1853 improbam
2681 1787 2801 1839 vita:
2829 1785 3199 1852 allec-tionem,
3249 1797 3303 1843 et
3335 1804 3529 1845 sensus

1944 1872 2233 1942 diligenter
2268 1890 2528 1929 exercens
2578 1877 2642 1927 ad
2683 1876 2807 1929 boni
2853 1887 2908 1931 et
2954 1879 3078 1932 ntali
3112 1880 3523 1936 discretionem.

254 1977 355 2029 κιῦ
413 1976 705 2045 διάκρισιν.
775 1972 1138 2033 Ἀποστάντες
1197 1972 1307 2038 γὰρ
1352 1969 1402 2019 oi
1436 1961 1834 2031 ἀνθρωποιτῆς

1944 1958 2205 2017 Homines
2236 1967 2405 2028 enim,
2440 1964 2584 2032 quia
2619 1980 2749 2019 cura
2780 1974 2834 2020 et.
2866 1967 3043 2021 studio
3086 1968 3227 2037 ejus,
3265 1971 3408 2037 quod
3444 1982 3528 2024 est.

254 2066 385 2136 περὶ
431 2066 524 2118 τοῦ
559 2067 729 2126 ὅντως
766 2061 974 2132 ἀγαθοῦ
1007 2061 1241 2127 σπουδῆς
1275 2074 1335 2109 τε
1386 2056 1483 2108 καί
1512 2052 1835 2122 ἐπιμελείας

253 2158 349 2211 ἐπὶ
381 2158 590 2226 ἔρωτας
623 2156 891 2225 σωμάτων
921 2154 1017 2222 καὶ
1052 2155 1149 2221 τὴν
1179 2150 1385 2219 ἄψυχον
1409 2148 1539 2218 ὓλην
1564 2146 1674 2199 τῶν
1698 2162 1837 2214 χρη-

256 2252 445 2321 μάτων
474 2248 561 2301 διὰ
594 2248 693 2316 τῆς
726 2247 1043 2310 πλεονεξίας
1076 2242 1516 2308 κατωλίσθησαν,
1564 2237 1661 2290 καὶ
1702 2236 1835 2305 περὶ

251 2346 349 2395 τὸν
406 2341 598 2409 λαιμὸν
640 2340 733 2392 καὶ
791 2338 890 2408 τὴν
926 2336 1169 2405 γαστέρα
1222 2333 1319 2405 τὴν
1376 2334 1557 2385 πᾶσαν
1594 2330 1834 2399 σπουδὴν

250 2435 460 2494 ἔθεντο,
491 2432 611 2483 οθεν
650 2434 781 2501 ἡμῖν
813 2431 906 2484 καὶ
942 2432 973 2497 ἡ
1029 2428 1232 2498 ἀρχαία
1279 2426 1554 2485 ἔκπτωσις
1608 2420 1831 2487 συνέϐη.

252 2527 316 2577 Ei
351 2524 441 2577 οὖν
472 2524 678 2576 τούτων
712 2522 1073 2582 ἀποστάντες,
1122 2520 1220 2586 τὴν
1249 2517 1429 2586 ψυχὴν
1460 2515 1553 2566 ἐπὶ
1600 2514 1669 2566 τε
1698 2510 1836 2563 θειό-

248 2632 390 2686 τερα
447 2616 840 2683 πτερώσωμεν,
902 2610 1305 2678 ἀπολαύσωμεν
1338 2610 1435 2677 τῆς
1485 2604 1833 2675 μεγαλοπρε-

251 2709 415 2770 πείας
454 2708 692 2773 ἐκείνης,
735 2704 832 2771 τῆς
887 2704 1208 2773 ἐπηρμένης
1257 2701 1357 2771 μὲν
1412 2698 1551 2768 ὑπὲρ
1584 2698 1694 2749 ἀνω
1726 2696 1833 2748 τῶν

248 2801 523 2872 οὐρανῶν,
556 2800 977 2867 ἐηγγε).μένης
1018 2797 1073 2849 δὲ
1108 2797 1239 2848 πᾶσι
1262 2797 1375 2857 τοῖς
1406 2793 1707 2853 ἐκλεκτοῖς,
1738 2791 1835 2841 καὶ

248 2895 405 2946 οὐδὲν
428 2892 535 2944 ἀπὸ
564 2890 663 2959 τῆς
692 2890 785 2943 τοῦ
819 2888 1069 2958 σώματος
1117 2885 1495 2956 προσπαθείας
1530 2880 1833 2951 πεισόμεθα

247 2983 449 3043 κακὸν,
481 2983 595 3035 ἀλλ’
622 2982 763 3045 ἄξιοι
786 2979 1060 3049 γενόμεθα
1092 2978 1200 3030 τῶν
1236 2975 1472 3029 αἰωνίων
1505 2972 1744 3040 ἀγαθῶν.
1776 2971 1833 3024 ’0

246 3080 361 3146 γαρ
389 3076 521 3137 Θεὸς
557 3074 941 3135 αὐτεξουσίους
982 3072 1129 3141 ἡμᾶς
1159 3072 1416 3139 ἐποίησεν
1440 3067 1558 3121 οὐδὲ
1596 3068 1694 3139 μιᾷ
1726 3065 1833 3118 τῶν

247 3172 453 3233 ἔξωθεν
479 3169 692 3238 ἀνάγκη
712 3164 1165 3232 δεδουλωμένους.
1196 3163 1332 3216 ἀλλὰ.
1348 3165 1412 3231 τῇ
1436 3161 1615 3229 οἰκεία
1636 3157 1830 3229 γνώμῃ

247 3246 309 3316 το
339 3264 576 3332 ἀρέσκον
616 3263 744 3330 ἡμῖν
777 3260 898 3313 κατ’
928 3259 1179 3323 ἐξουσίαν
1217 3257 1601 3326 αἱρουμένουσ.

320 3354 457 3407 δίεν.
490 3354 601 3421 Τὴν
631 3354 739 3421 γαρ
772 3352 1057 3420 συμφορὰν
1088 3350 1294 3418 ταύτην
1336 3350 1434 3419 τὴν
1468 3347 1562 3401 νῦν
1595 3345 1833 3419 κρατοῦ-

252 3464 357 3499 σαν
383 3448 443 3496 τὸ
499 3444 843 3511 ἀνθρώπινον
889 3443 1046 3510 γένος
1078 3445 1143 3511 τῇ
1184 3442 1370 3512 ἀπάτῃ
1408 3440 1835 3509 παρενεχθέντες

246 3536 709 3603 ἐπεσπασαμεθα,
754 3536 813 3587 οὐ
847 3535 996 3603 παρὰ
1026 3531 1162 3584 Θεοῦ
1202 3530 1519 3600 γενομένην,
1580 3531 1661 3583 ὃτι
1700 3530 1832 3594 Θεὸς

247 3630 481 3682 Θάνατον
531 3629 630 3680 οὑκ
690 3627 969 3694 ἐποίησεν,
1024 3623 1143 3677 οὐδὲ
1181 3623 1445 3691 τέρπεται
1472 3622 1556 3674 ἐπ’
1586 3622 1833 3690 ἀπωλείᾳ

247 3722 492 3786 ζώντων,
523 3720 660 3773 ἀλλα
682 3719 887 3787 τρόπον
925 3719 1045 3771 τινὰ
1069 3720 1232 3788 ἡμεῖς
1265 3718 1480 3771 κτίσται
1513 3715 1606 3768 τοῦ
1655 3712 1829 3768 κακοῦ

247 3810 517 3881 γινόμεθα
550 3813 597 3863 οἱ
643 3810 944 3879 ἄνθρωποι.
978 3810 1189 3880 Ὥσπερ
1218 3809 1325 3877 γὰρ
1365 3808 1424 3860 τὸ
1448 3806 1676 3877 ἡλιακὸν
1714 3807 1832 3875 φῶς

248 3906 406 3971 κοινῇ
468 3904 790 3973 πρόσκειται
852 3903 1015 3954 πᾶσιν
1072 3896 1152 3964 οἷς
1204 3903 1238 3971 ἡ
1292 3899 1521 3969 δύναμις
1571 3899 1667 3951 τοῦ
1696 3901 1830 3969 ὀρᾷν

250 3998 536 4065 πρόσεστι,
563 3995 787 4047 δύναταί
816 4011 921 4056 τις,
955 3994 1049 4045 ἐὰν
1102 3992 1360 4063 βουληθῇ,
1417 3991 1711 4062 καμμύσας
1740 3990 1829 4044 τὸν

247 4086 550 4154 ὀφθαλμὸν,
578 4087 913 4156 χωρισθῆναι
943 4086 1039 4154 τῆς
1061 4086 1152 4137 τοῦ
1180 4086 1355 4154 φωτὸς
1380 4086 1611 4155 δωρεᾶς,
1642 4085 1700 4136 οὗ
1731 4082 1826 4135 τοῦ

247 4177 405 4244 ἡλίου
440 4177 499 4227 τὸ
562 4179 752 4236 σκότος
806 4176 863 4227 ὲν
904 4174 1097 4244 ἐκείνῳ
1153 4179 1502 4246 ποιήσαντος,
1545 4177 1683 4229 ἀλλὰ
1733 4176 1824 4228 τοῦ

246 4268 700 4336 ἀποστραφέντος
750 4268 849 4337 τὴν
907 4267 1083 4336 αὐγὴν
1135 4270 1233 4337 τῆς
1290 4270 1507 4331 ἀκτῖνος
1562 4268 1828 4331 ἑκουσίως

245 4358 689 4427 ἐφελκυσαμένου
714 4358 772 4410 τὸ
806 4360 1013 4422 σκότος,
1038 4360 1225 4427 ὥσπερ
1254 4360 1411 4424 εἴτις
1440 4362 1618 4415 οἰκίαν
1651 4361 1828 4431 ἑαυτῷ

246 4452 703 4514 κατασκευάζων,
742 4453 1014 4522 μηδεμίαν
1055 4454 1273 4521 ἐντέμοι
1316 4453 1393 4523 τῷ
1435 4455 1574 4522 φωτὶ
1603 4455 1701 4523 τὴν
1733 4454 1825 4506 ἐπὶ

242 4547 315 4597 τὸ.
349 4546 455 4596 ἔσω
504 4544 757 4614 πάροδον,
812 4544 1028 4613 ἀναυγῆ
1076 4546 1448 4613 ἀπεργάζεται
1494 4547 1593 4614 τὴν
1622 4547 1821 4611 οἰκίαν,

1945 2069 2076 2109 vere
2098 2055 2323 2120 bonum,
2350 2055 2690 2119 defecerunt,
2715 2058 2782 2111 ad
2821 2073 3063 2113 amorem
3098 2077 3409 2130 corporum,
3444 2072 3529 2116 at-

1945 2161 2051 2215 que
2110 2148 2404 2201 inauimam
2453 2150 2695 2218 pecunia:
2744 2150 3052 2215 materiam,
3086 2167 3185 2221 per
3236 2155 3525 2208 avaritiam

1944 2239 2179 2309 prolapsi
2225 2250 2352 2294 sunt
2377 2251 2431 2295 et
2457 2241 2599 2294 circa
2624 2242 2798 2309 gulam
2822 2257 2885 2296 ac
2916 2254 3163 2297 ventrem
3188 2260 3349 2299 omne
3366 2260 3524 2300 suum

1944 2330 2184 2384 studium
2210 2340 2527 2399 posuerunt.
2556 2329 2710 2385 Unde
2737 2332 2892 2385 nobis
2917 2348 3134 2403 quoque
3159 2336 3418 2407 antiquus
3448 2338 3526 2391 la-

1946 2436 2073 2489 psus
2110 2422 2359 2491 contigit.
2384 2422 2485 2486 Qui
2521 2437 2651 2491 ergo
2678 2423 2746 2477 ab
2780 2424 2861 2480 his
2887 2425 3212 2490 defecimus,
3247 2432 3525 2498 erigamus

1947 2510 2185 2563 animum
2239 2513 2304 2563 ad
2352 2528 2413 2565 ea
2464 2526 2584 2581 qua:
2613 2523 2738 2566 sunt
2783 2515 3071 2572 diviniora.
3136 2515 3403 2571 Fruamur
3434 2520 3523 2574 illa

1946 2603 2371 2668 magnificentia,
2431 2618 2550 2672 quae
2581 2617 2665 2659 est
2705 2620 2871 2674 supra
2905 2607 3073 2661 coelos
3108 2608 3327 2677 quidem
3360 2610 3524 2675 elata,

1944 2695 2212 2763 promissa
2246 2704 2328 2749 est
2384 2706 2565 2750 autem
2604 2698 2858 2752 omnibus
2883 2698 3072 2753 electis
3107 2717 3121 2754 :
3152 2712 3206 2754 et
3238 2702 3370 2755 nihil
3401 2703 3527 2758 mali

1944 2788 2216 2856 patiamur
2248 2803 2276 2841 a
2325 2790 2478 2858 lapsu
2535 2789 2863 2855 affectionis,
2897 2797 2996 2846 scd
3046 2794 3344 2848 elliciamur
3379 2797 3525 2865 digni

1946 2877 2101 2933 bouis
2152 2882 2394 2936 arternis.
2433 2881 2577 2937 Deus
2612 2884 2755 2937 enim
2805 2900 2908 2939 nos
2945 2884 3074 2939 fecit
3100 2886 3268 2941 libero
3295 2887 3527 2943 arbitrio

1945 2973 2225 3042 praeditos.
2245 2988 2417 3042 neque
2448 2977 2749 3030 servientes
2783 2975 2877 3030 ulli
2905 2986 3145 3031 externae
3188 2981 3525 3043 necessitati.

1944 3066 2037 3119 sed
2096 3066 2268 3121 libere
2317 3078 2503 3122 nostro
2555 3070 2819 3123 arbitratu
2872 3071 3134 3139 eligentes
3175 3074 3318 3143 quod
3365 3073 3525 3129 nobis

1944 3160 2138 3227 placcl.

2020 3338 2215 3395 XLIX.
2236 3338 2387 3396 lianc
2414 3342 2559 3396 enim
2588 3342 2977 3411 calamitatem,
3000 3360 3105 3415 qua
3139 3361 3282 3401 nunc
3310 3356 3527 3404 tenetur

1949 3435 2243 3488 humanum
2276 3449 2468 3504 genus,
2513 3432 2704 3489 fraude
2738 3436 2939 3489 inducti
2972 3440 3311 3502 attraximus,
3354 3457 3460 3495 non
3492 3458 3524 3497 ει

1947 3523 2055 3578 Deo
2080 3524 2297 3579 factam.
2338 3525 2478 3579 Deus
2508 3527 2650 3579 enim
2679 3538 2906 3581 mortem
2932 3544 3040 3583 non
3066 3529 3213 3595 fecit,
3235 3547 3407 3601 neque
3430 3533 3525 3588 de-

1941 3620 2173 3671 lectatur
2211 3619 2431 3673 interitu
2464 3620 2707 3675 vivorum
2756 3640 2770 3677 :
2827 3624 2921 3677 sed
2965 3625 3361 3693 quodammodo
3399 3642 3520 3695 ,nos

1940 3711 2193 3765 hoinines
2228 3729 2416 3767 sumus
2450 3714 2894 3769 malicreatores.
2923 3714 3209 3781 Quomodo
3244 3718 3389 3771 enim
3426 3719 3521 3775 lux

1940 3805 2072 3858 solis
2126 3813 2213 3858 est
2264 3810 2630 3862 communiter
2675 3810 2952 3878 proposita
3022 3811 3276 3866 omnibus
3323 3813 3523 3882 quibus

1938 3897 2091 3951 adest
2121 3901 2201 3952 vis
2233 3898 2445 3952 videndi
2469 3916 2484 3966 ;
2511 3911 2686 3969 potest
2710 3912 2913 3966 autem,
2948 3902 2991 3956 si
3040 3904 3170 3956 velit
3212 3906 3519 3974 quispiam,

1937 3986 2191 4042 claudens
2220 3992 2457 4054 oculum,
2488 3992 2770 4059 separaria
2804 3991 3098 4047 donolucis
3119 4004 3247 4063 (non
3278 3998 3420 4063 quod
3439 3998 3520 4050 sol

1940 4083 1991 4136 iu
2022 4082 2110 4137 illo
2149 4082 2388 4136 effecerit
2417 4083 2689 4145 tenebras,
2721 4083 2817 4137 sed
2845 4086 2988 4152 quod
3012 4087 3145 4139 radii
3172 4088 3515 4157 splendorem

1937 4186 2237 4241 aversatus,
2264 4176 2517 4231 tenebras
2545 4192 2641 4229 sua
2661 4188 2854 4246 sponte
2873 4182 3181 4251 attraxerit)
3208 4198 3221 4234 :
3247 4185 3517 4251 quomodo

1938 4270 1983 4323 si
2015 4270 2137 4338 quis
2168 4272 2384 4325 domum
2422 4272 2522 4325 sibi
2552 4282 2897 4338 construens,
2934 4273 3137 4326 nullum
3168 4274 3271 4328 luci
3311 4276 3515 4329 aditum

1939 4364 2174 4431 przebeat
2207 4363 2553 4427 intrinsecus,
2604 4365 2901 4417 obscuram
2943 4365 3160 4419 domum
3196 4342 3399 4421 efﬁcit:
3439 4367 3516 4422 ita

1936 4466 2263 4520 nosquoque
2294 4453 2346 4505 in
2374 4463 2563 4506 natura
2593 4454 2858 4508 habentes
2890 4455 3088 4508 bonum
3118 4466 3171 4509 et
3204 4457 3512 4521 honestum,

1935 4556 2126 4599 nostro
2170 4545 2437 4599 arbitratu
2501 4545 2848 4610 innovamus,
2881 4561 3000 4615 qua:
3042 4559 3163 4601 sunt
3191 4558 3387 4616 ιιι-αξιοι·
3423 4566 3515 4602 na-

245 4636 424 4698 οὕτως
462 4637 555 4687 καὶ
613 4637 774 4705 ἡμεῖς
839 4638 894 4688 ἐν
930 4640 994 4707 τῇ
1058 4638 1218 4705 φύσει
1286 4639 1347 4690 τὸ
1406 4638 1569 4692 καλόν
1625 4656 1685 4692 τε
1738 4641 1833 4695 καὶ

1944 4650 2141 4701 turam,
2213 4645 2396 4691 nostra
2455 4646 2647 4707 sponte
2701 4636 2968 4691 malorum
3029 4640 3423 4708 experientiam
3459 4640 3510 4693 in

243 4727 457 4795 ἁγαθὶν
486 4729 701 4795 ἔχοντες
741 4730 860 4779 κατ’
885 4728 1135 4791 ἐξουσίαν
1163 4729 1231 4780 τὰ
1263 4730 1411 4800 παρὰ
1456 4730 1617 4798 φύσιν
1649 4750 1829 4786 καινο-

242 4818 551 4888 τομοῦμεν,
589 4819 855 4882 ἑκουσίως
893 4820 993 4891 τὴν
1034 4822 1207 4873 κακοῦ
1250 4823 1444 4891 πεῖραν
1476 4825 1536 4875 ὲν
1582 4827 1648 4894 τῇ
1695 4826 1831 4878 ἀπο-

252 4912 466 4977 στροςῇ
502 4910 596 4960 τοῦ
636 4909 802 4962 καλοῦ
832 4912 897 4979 τῇ
944 4911 1047 4982 ἰδίᾳ
1082 4914 1398 4983 προαιρέσει
1429 4914 1829 4985 δημιουργοῦν-

248 5014 373 5062 τεςο
417 5002 583 5053 κακὸν
614 5003 723 5072 γὰρ
762 5002 867 5067 ἔξω
903 5005 1247 5071 προσθέσεως
1282 5007 1403 5059 κατ’
1430 5008 1563 5062 ἰδίαν
1596 5010 1831 5063 ὑπόστα-

251 5110 340 5146 σιι
366 5094 743 5164 θεωρούμενον
774 5097 830 5147 ἐν
853 5100 918 5166 τῇ
950 5100 1110 5164 φύσει
1137 5097 1245 5151 τῶν
1265 5100 1456 5165 ὄντων,
1484 5102 1628 5156 ἔστιν
1652 5103 1827 5158 οὐδέν.

249 5185 371 5236 Πᾶν
408 5188 512 5254 γὰρ
542 5186 749 5255 κτίσμα
782 5187 919 5239 Θεοῦ
950 5187 1136 5252 καλὸν,
1183 5190 1277 5243 καὶ
1311 5193 1491 5244 πάντα
1516 5192 1614 5244 ὃσα
1642 5192 1829 5261 εποίη-

247 5296 343 5331 σεν
365 5280 391 5330 ὁ
413 5278 565 5340 Θεὸς,
593 5280 733 5332 καλὰ
757 5281 895 5336 λίαν.
939 5282 1075 5333 Ἀλλ’
1097 5284 1283 5354 ἐπειδὴ
1310 5284 1448 5337 κατά
1474 5285 1569 5337 τὸν
1595 5285 1828 5357 ρηθέντα

246 5373 453 5442 τρόπον
492 5375 763 5444 ἐπενοήθη
822 5376 933 5445 ζωῇ
958 5377 1116 5446 ἡμῶν
1155 5379 1213 5430 τὸ
1246 5377 1584 5447 ἁμαρτάνειν
1618 5382 1712 5431 καὶ
1760 5381 1825 5449 τῇ

245 5463 549 5536 ἀκολουθίᾳ
602 5468 666 5518 ἐκ
702 5469 904 5537 μικρᾶς
952 5469 1207 5539 ἀφορμῆς
1251 5471 1513 5540 μεγίστης
1540 5472 1733 5535 κακίας
1771 5474 1828 5527 ὲν

247 5562 384 5630 ἡμῖν
413 5562 835 5634 καταχυθείσης,
867 5564 941 5627 ὡς
976 5570 1032 5617 τι
1061 5568 1289 5630 θεοειδὲς
1312 5570 1490 5621 ἐκεῖνο
1520 5569 1618 5638 τῆς
1649 5568 1827 5640 ψυχῆς

245 5653 446 5714 καλλος
482 5655 620 5707 κατὰ
672 5656 902 5727 μίμησιν
957 5658 1049 5710 τοῦ
1108 5660 1468 5727 πρωτοτύπου
1510 5662 1824 5731 γενόμενον,

246 5746 505 5816 καθάπερ
530 5750 750 5819 σίδηρον
776 5752 1251 5821 καταμελανθῆναι
1287 5752 1362 5821 τῷ
1388 5753 1480 5824 τῆς
1511 5754 1706 5819 κακίας
1738 5753 1824 5825 ἰῷ,

326 5931 367 5963 ³⁸
392 5933 525 5989 Gen.
563 5951 597 5990 Ι.

571 6010 844 6093 Pnuoe.
880 6028 995 6091 Gn.
1032 6027 1248 6095 CXIV.

1935 4727 2061 4780 boni
2098 4736 2153 4781 ct
2180 4726 2392 4780 honesti
2449 4727 2754 4790 aversione,
2812 4728 3082 4784 electione
3126 4738 3311 4782 nostra
3341 4740 3395 4784 et
3435 4731 3515 4784 in-

1935 4820 2128 4874 stituto
2165 4819 2519 4874 fabricantes.
2551 4820 2750 4874 Malunt
2788 4822 2933 4875 enim
2961 4831 3115 4875 extra
3149 4823 3509 4890 propositum,

1936 4914 2153 4982 propria
2185 4912 2495 4967 substantia
2529 4913 2960 4978 consideratum,
2994 4912 3197 4966 nullutn
3230 4922 3316 4967 est
3340 4914 3390 4967 in
3422 4929 3509 4968 re-

1936 5021 2055 5059 rum
2093 5017 2311 5060 natura.
2366 5004 2640 5074 Quidquid
2687 5006 2833 5059 enim
2875 5021 2905 5060 a
2959 5006 3070 5060 Deo
3122 5016 3369 5060 creatum
3403 5016 3508 5071 est,

1934 5096 2135 5151 bonum
2185 5108 2287 5159 est,
2323 5107 2377 5150 et
2420 5096 2600 5149 omnia
2642 5111 2983 5165 quaecunque
3025 5097 3154 5151 fecit
3186 5098 3347 5163 Deus,
3382 5109 3509 5153 sunt

1935 5188 2090 5243 valde
2121 5190 2260 5244 bona
2294 5188 2357 5245 ".
2390 5188 2494 5242 Sed
2523 5190 2779 5257 quoniam
2818 5203 2883 5243 eo
2906 5190 3063 5243 modo
3081 5189 3173 5258 qui
3198 5191 3374 5244 dictus
3403 5201 3507 5256 est,

1934 5296 2162 5351 peccare
2222 5282 2344 5333 vitae
2385 5290 2582 5335 nostra:
2630 5278 2730 5333 fuit
2777 5280 3169 5349 excogitatum,
3220 5291 3274 5334 et
3312 5295 3507 5337 conse-

1933 5383 2163 5443 quenter
2204 5389 2264 5426 ex
2308 5388 2470 5442 parva
2526 5372 2813 5427 occasioae
2867 5372 2920 5426 in
2958 5388 3055 5427 nos
3097 5374 3390 5426 maximum
3426 5383 3509 5425 est

1933 5470 2163 5525 effusum
2197 5470 2410 5533 vitium,
2443 5466 2575 5522 adeo
2608 5477 2665 5519 ut
2705 5468 2885 5519 divina
2912 5466 3000 5519 illa
3035 5466 3229 5519 auimze
3262 5466 3509 5533 pulchri-

1933 5567 2085 5631 tudo,
2113 5578 2231 5632 quaa
2257 5563 2398 5617 facta
2433 5570 2549 5616 erat
2592 5561 2655 5613 ad
2678 5561 3032 5617 imitationem
3066 5561 3357 5629 primaria,
3385 5571 3507 5613 tan.

1932 5675 2092 5729 quam
2120 5657 2322 5713 ferrum
2359 5665 2442 5709 cst
2479 5653 2777 5725 nigrefacta
2813 5653 3059 5723 rubigine
3088 5654 3220 5719 vitii,
3253 5668 3362 5708 non
3391 5669 3506 5707 ams

1932 5753 2072 5824 plius
2102 5752 2259 5808 nobis
2291 5750 2532 5819 pmpria,
2567 5762 2593 5801 a
2632 5758 2822 5801 natura
2854 5746 2921 5799 ad
2960 5744 3247 5813 imaginem
3281 5759 3505 5803 conscr.

3142 6021 3213 6089 45
