4218 6482
250 462 388 536 1121

1522 456 1696 517 VITA
1735 455 1795 515 S.
1839 454 2235 517 AUXENTII.

3382 460 3522 530 1422

1704 583 1935 640 CAPUT
1965 584 2077 638 VII.

431 710 788 769 llabt'mtio.S.
833 709 1082 764 Auxctttii
1106 708 1162 761 in
1188 716 1363 761 monte
1385 708 1591 774 Siopia.
1644 708 1885 761 [multus
1915 710 2211 760 dwmonum
2248 708 2503 769 ειηρναιί.
2546 707 2737 760 Modus
2785 710 3000 761 oranai.
3033 711 3370 768 Adlwrtatt'a.

312 831 441 885 NA'.
474 829 661 883 Ταῦτα
715 829 809 880 καὶ
865 828 932 880 τά
961 827 1168 880 τούτων
1212 826 1435 880 πλείονα
1460 827 1709 894 λέγοντος
1736 826 1829 880 τοῦ

2009 827 2090 881 Ll.
2116 827 2252 881 Cum
2306 827 2418 880 haec
2444 838 2498 880 et
2559 828 2642 881 his
2674 830 2824 896 plura
2858 832 3045 886 beatus
3076 833 3281 888 diceret
3305 836 3525 893 Auxen-

242 928 519 996 μακιρίου
557 922 850 987 Αῦξεντίου
883 921 961 991 τῷ
996 922 1193 991 πλήθει
1219 922 1326 975 τῶν
1354 919 1742 985 συνελθόντων,
1768 922 1827 973 οὑ

242 1021 406 1089 μόνον
433 1019 668 1087 ἀνδρῶν,
698 1016 837 1070 ἀλλὰ
867 1015 965 1070 καὶ
987 1016 1287 1083 γυναικῶν,
1311 1018 1359 1069 οί
1394 1015 1642 1072 πλείονες
1667 1014 1831 1084 ἔρωτι

239 1113 371 1182 θείῳ
406 1111 711 1182 τρωθέντες
742 1110 932 1178 ἠξίουν
958 1110 1371 1163 άποτάσσεσθαι
1412 1109 1523 1162 τῶν
1561 1107 1831 1178 βιωτικῶν

413 1204 708 1275 μοχθηρῶν
768 1202 1115 1273 πραγμάτων
1174 1205 1242 1273 τῇ
1314 1202 1683 1271 ματαιότητι,
1741 1202 1835 1254 καὶ

240 1300 529 1370 προσιέναι
559 1299 627 1351 δι’
662 1296 829 1350 αὑτοῦ
859 1296 937 1365 τῷ
967 1298 1213 1367 Δεσπὸτῃ
1244 1297 1483 1367 Χριστῷ.
1536 1298 1593 1350 '0
1619 1297 1675 1349 δὲ
1698 1298 1833 1365 μᾶλ-

237 1392 331 1444 λον
388 1392 678 1444 ὑπετίθετο
738 1393 920 1451 αὑτοῖς
972 1394 1038 1459 τῇ
1098 1390 1349 1457 πολιτείᾳ
1407 1389 1833 1461 διορθουμένους

236 1487 549 1554 οἰκονομεῖν
593 1485 662 1536 τά
694 1482 973 1552 προσόντα
1014 1484 1106 1535 καί
1142 1484 1216 1552 μὴ
1251 1482 1385 1549 πρὸς
1440 1484 1540 1551 μὲν
1568 1485 1627 1535 τ’)
1656 1483 1832 1551 παρῖν

236 1577 607 1646 ὀρεγομένους
640 1577 700 1627 τὸ
753 1576 942 1637 καλὸν,
988 1577 1067 1637 είς
1117 1575 1344 1644 ὕστερον
1386 1574 1441 1627 δὲ
1470 1574 1832 1636 ὀκλάσαντας,

238 1669 595 1737 ἐπιστρέφειν
628 1668 701 1729 ὠς
729 1666 895 1729 κύνας
930 1668 1022 1718 ἐπὶ
1055 1668 1146 1718 τὸν
1192 1667 1323 1719 ἱδιον
1374 1666 1590 1737 ὲμετὸν,
1637 1667 1728 1718 ἐπὶ
1766 1666 1835 1717 τά

238 1761 448 1829 άσθενῆ
480 1762 649 1813 πάλιν
671 1761 766 1813 καὶ
803 1760 997 1829 πτωχὰ
1037 1759 1130 1813 τοῦ
1174 1759 1384 1826 κόσμου
1428 1761 1666 1827 στοιχεῖα
1697 1759 1836 1827 μετὰ

237 1853 445 1920 πολλῆς
472 1850 760 1920 ἀκριϐείας
790 1853 882 1903 καὶ
910 1851 971 1903 οὑ
1000 1850 1099 1917 τῆς
1125 1851 1397 1918 τυχούσης
1429 1848 1833 1919 περισκέψεως.

250 1944 311 1997 Ἐ
324 1944 379 1995 :‘t
405 1942 566 1994 τοῦτο
589 1944 647 1994 τὸ
682 1941 1020 2012 κατόρθωμα
1055 1941 1149 1992 τὸν
1178 1940 1503 2010 βουλόμενον
1530 1940 1836 2009 προσέρχε-

245 2036 373 2088 σθαι
423 2038 551 2104 χρὴ,
614 2034 756 2086 ὥστε
789 2034 1122 2103 θνηξὰμενον
1154 2033 1253 2102 ἤδη
1304 2033 1400 2085 καὶ
1430 2034 1609 2084 πᾶσαν
1644 2033 1837 2102 ἡδονὴν

238 1208 335 1258 καὶ

239 2131 565 2200 σωματικὴν
587 2130 950 2201 συνκροῦντιο.
974 2130 1094 2182 Τῶν
1131 2130 1313 2198 ἄρτων
1337 2124 1429 2181 οὖν
1454 2126 1836 2194 διαδιδομένων

238 2224 384 2274 κατὰ
416 2222 476 2274 τὸ
508 2220 626 2284 ἔθος
658 2223 731 2285 ὡς
764 2224 821 2273 ὲν
844 2223 921 2291 τῷ
952 2222 1202 2291 προτέρῳ
1225 2222 1361 2290 ὄρει,
1398 2221 1603 2282 πάντας
1634 2219 1837 2271 ἀπέλυ-
1869 2201 1910 2256 Β

239 2332 336 2367 σεν
355 2331 370 2345 ο
394 2314 539 2375 τινὲς
565 2314 619 2366 δὲ
650 2314 705 2379 ἐξ
730 2314 909 2365 αὑτῶν
932 2313 1266 2383 ὲδραιοτέρῳ
1291 2312 1541 2381 λογισμῷ
1574 2310 1836 2363 καθοπλι-

254 2407 475 2475 ζόμενοι
512 2409 996 2477 προσεκαρτέρουν
1020 2407 1197 2458 ἐκεῖσε
1228 2408 1295 2474 τῇ
1344 2406 1466 2458 καθ’
1497 2406 1711 2473 ἡμέραν
1740 2420 1834 2472 χο-

242 2501 565 2569 ρηγουμένῃ
623 2499 845 2567 εὐλογίᾳ
888 2498 1322 2568 ἐπαρκοὺμενοι.
1357 2497 1417 2549 Εἰ
1453 2497 1560 2565 γάρ
1586 2512 1668 2557 τις
1705 2512 1836 2563 προ-

240 2591 574 2659 αιρούμενος
597 2609 648 2642 τι
690 2592 1058 2660 προσέφερεν,
1092 2591 1120 2642 ὁ
1164 2590 1436 2659 μακάριος
1459 2589 1561 2641 οὑκ
1597 2588 1832 2656 ἐδέχετο,

240 2682 384 2751 πλην
415 2680 597 2733 ἐλαίου
633 2682 726 2732 καὶ
752 2680 961 2749 γηρῶν,
996 2679 1073 2748 τῷ
1103 2679 1159 2731 δὲ
1204 2680 1459 2749 μάγκηπι
1490 2680 1568 2749 τῷ
1613 2683 1705 2731 καὶ
1736 2682 1835 2749 τὴν

238 2774 511 2847 χορηγίαν
584 2774 895 2843 ποιουμένῳ
963 2772 1205 2825 δίδοσθαι
1278 2771 1435 2835 αὖθις
1496 2772 1832 2844 ἐπέτρεψενο

242 2867 490 2919 πλεῖστοι
550 2866 659 2934 γάρ
723 2865 833 2918 τῶν
880 2863 1147 2934 ὲμπαθῶν
1197 2865 1291 2917 καὶ
1320 2864 1634 2933 πενομένων
1664 2880 1834 2933 προσ-

240 2957 474 3028 ήδρευον
497 2956 749 3009 ἐντεῦθεν
776 2957 877 3026 τὴν
906 2957 1176 3026 διοίκησιν
1208 2956 1429 3025 ἔχοντες
1476 2955 1565 3008 διά
1596 2956 1695 3025 τῆς
1727 2957 1837 3009 τῶν

242 3048 710 3116 παραγενομένων
736 3046 986 3108 εὑποιῖας
1006 3062 1019 3074 ”
1050 3047 1275 3115 ὄχλησιν
1298 3046 1354 3098 δὲ
1390 3046 1584 3118 ἱκανὴν
1622 3046 1716 3098 καὶ
1742 3047 1807 3099 κό

242 3156 347 3193 πον
371 3141 539 3193 πολὺν
569 3140 805 3209 μάλιστα
832 3141 939 3191 ὑπὸ
965 3140 1075 3192 τῶν
1096 3139 1519 3209 δαιμωνιώντων
1551 3140 1837 3206 ὑφίστατο,

241 3232 320 3295 ὡς
348 3234 443 3285 καί
499 3250 653 3295 τινας
704 3232 915 3284 αὑτῶν·
965 3232 1025 3283 οὑ
1082 3232 1191 3301 γάρ
1225 3231 1455 3294 πάντας,
1516 3231 1653 3283 ἀλλὰ
1710 3233 1837 3293 τοὺς

242 3323 429 3389 ἀξίους
456 3340 469 3352 °
488 3323 579 3375 διὰ
605 3323 714 3374 τῶν
749 3320 913 3374 αὑτοῦ
948 3320 1265 3391 προσευχῶν
1291 3321 1475 3373 ἰᾶσθαι
1499 3321 1590 3373 τὸν
1611 3322 1833 3391 Κύριον.

273 3420 371 3471 Οτι
402 3418 457 3470 δὲ
485 3418 587 3469 οὑκ
619 3413 687 3486 ἦν
711 3418 861 3485 αὐτῷ
884 3416 1040 3481 λόγος
1074 3418 1200 3483 περὶ
1231 3416 1289 3465 τὸ
1313 3415 1684 3483 χρηματικὸν,
1719 3414 1836 3483 μετ’

240 3510 505 3580 ἀληθείας
533 3510 874 3576 γινωσκέτω,
902 3509 989 3561 ὅτε
1012 3506 1405 3573 ἀναγινώσκων
1433 3506 1524 3559 καὶ
1548 3506 1837 3575 ἀκροώμε-

242 3574 494 3671 νος-μετά
517 3574 616 3671 την
648 3602 906 3671 κοίμησιν
932 3599 1097 3655 αὑτοῦ
1133 3598 1272 3665 ὑπὲρ
1301 3599 1495 3650 ἑκατὸν
1522 3574 1835 3667 νομίσματα
1866 3574 1907 3632 C

241 3692 672 3761 ὲποςρειλομένου
736 3693 830 3745 τοῦ
864 3689 1181 3761 ἀρτοποιοῦ,
1242 3690 1309 3742 δι’
1342 3690 1703 3757 ὑπομνήσεως
1736 3690 1831 3742 τοῦ

242 3783 489 3853 διαδόχου
540 3784 636 3836 καὶ
698 3783 943 3853 μαθητοῦ
986 3782 1175 3844 αὑτοῦ,
1228 3782 1359 3851 περὶ
1392 3773 1453 3832 οὗ
1484 3782 1626 3833 κατὰ
1650 3780 1832 3851 χώραν

244 3875 503 3942 ἐροῦμεν,
569 3879 722 3945 παρά
757 3892 900 3935 τινος
946 3874 1298 3942 φιλοχρίστου
1323 3872 1417 3924 καὶ¹
1442 3872 1699 3934 εὑσεῦοῦς
1735 3874 1831 3925 άν-

245 3969 373 4038 δρδς
396 3968 572 4022 ταῦτα
602 3970 977 4023 ἀποδίδοσθαι.

1940 920 2067 983 tius,
2099 933 2161 972 ex
2200 919 2264 971 iis
2292 919 2383 986 qui
2440 932 2833 983 convenerant,
2878 938 2982 977 non
3038 924 3213 979 solum
3240 928 3390 986 viris.
3424 932 3518 985 sed

1936 1012 2100 1065 etiam
2136 1010 2376 1077 fctninis,
2417 1013 2601 1082 plures
2656 1012 2843 1068 divino
2870 1029 3059 1071 amore
3099 1020 3353 1085 sauciati,
3386 1024 3524 1077 vole-

1938 1106 2068 1159 bant
2112 1107 2427 1160 renuntiare
2474 1107 2636 1163 rebus
2698 1110 2985 1165 mundanis
3016 1121 3070 1164 et
3116 1114 3290 1179 malis,
3342 1126 3397 1171 et
3423 1133 3521 1187 per

1938 1198 2112 1268 ipsum
2166 1198 2382 1253 Christo
2429 1200 2656 1253 Domino
2706 1203 3006 1258 adhaerere.
3072 1205 3161 1259 Ille
3220 1220 3396 1263 autem
3424 1226 3520 1265 eos

1938 1292 2108 1359 magis
2153 1292 2499 1357 admonebat,
2554 1303 2610 1347 ut
2638 1297 2799 1347 vitam
2834 1312 2986 1349 suam
3015 1299 3375 1368 currigentes,
3407 1305 3517 1357 dis-

1940 1394 2227 1453 pensarent
2288 1400 2383 1440 eas
2413 1400 2551 1455 quas
2590 1388 2861 1441 habebant
2887 1388 3174 1446 facultates
3209 1409 3225 1447 :
3256 1405 3436 1448 etnon
3468 1398 3521 1449 in

1940 1478 2222 1546 prmscntia
2286 1479 2501 1546 quidem
2537 1478 2733 1532 bonum
2767 1492 2815 1532 ct
2865 1483 3150 1538 honestum
3184 1498 3523 1554 expetentes,

1942 1579 2129 1640 postea
2162 1584 2291 1625 vero
2321 1571 2585 1636 labentes,
2635 1584 3039 1629 reverterentur
3086 1586 3344 1646 tanquam
3372 1582 3527 1633 cauis

1940 1664 2005 1714 ad
2038 1662 2321 1724 vomitum,
2355 1678 2549 1731 nempe
2603 1678 2790 1718 rursus
2821 1666 2887 1719 ad
2931 1666 3199 1720 imbecilla
3258 1677 3311 1721 ct
3358 1685 3525 1738 egena

1942 1755 2103 1822 hujus
2132 1756 2314 1807 mundi
2342 1755 2636 1809 elementa.
2669 1756 2802 1810 Cum
2839 1758 3071 1811 maxima
3100 1760 3246 1812 enim
3267 1762 3525 1817 cautione

1938 1854 1987 1894 et
2026 1858 2129 1896 non
2196 1843 2296 1895 levi
2331 1842 2773 1900 consideratione
2807 1859 3077 1915 oportere,
3133 1864 3256 1903 eum
3284 1852 3373 1918 qui
3410 1852 3527 1908 vult

1940 1934 2004 1987 ad
2038 1936 2358 2005 przeclaruin
2413 1938 2513 1990 hoc
2560 1952 2697 2006 opus
2756 1942 3041 2007 accedere,
3100 1953 3358 2011 tauquam
3406 1945 3522 2013 jam

1943 2030 2287 2091 moriturum,
2313 2029 2539 2082 etsimul
2562 2030 2922 2099 expellentem
2943 2047 3158 2087 omnem
3190 2034 3522 2103 voluptatem

1940 2123 2206 2192 corporis.
2243 2123 2444 2178 Deinde
2476 2124 2710 2193 panibus
2738 2126 2804 2180 de
2839 2141 2987 2179 more
3020 2126 3348 2190 distributis,
3382 2128 3527 2181 sicut

1940 2215 1992 2269 in
2029 2216 2192 2284 priori
2228 2226 2432 2281 monte,
2469 2231 2661 2272 omnes
2711 2218 2938 2272 dimisit.
2973 2219 3203 2283 Quidam
3236 2230 3418 2274 autem
3455 2234 3525 2275 ex

1940 2307 2019 2360 eis
2047 2307 2311 2360 stabiliori
2344 2308 2539 2359 armati
2560 2309 2911 2373 cogitatione,
2948 2309 3055 2362 illic
3076 2311 3523 2377 perseverabant,

1941 2414 2057 2466 qme
2088 2399 2333 2468 quotidie
2364 2399 2470 2453 illic
2519 2400 2993 2468 suppeditabatur,
3028 2402 3271 2455 contenti
3301 2403 3524 2455 benedi-

1940 2490 2140 2544 ctione.
2204 2489 2261 2543 Si
2322 2491 2445 2558 quis
2492 2492 2637 2545 enim
2691 2491 2879 2546 volens
2914 2493 3115 2561 aliquid
3162 2494 3227 2546 ad
3262 2493 3521 2549 Sanctqu

1942 2580 2182 2646 aﬂerret,
2216 2580 2353 2635 nihil
2382 2582 2686 2652 accipiebat
2730 2594 2925 2652 przeter
2973 2585 3151 2639 oleum
3186 2593 3240 2639 et
3285 2600 3465 2640 ceram
3506 2606 3519 2640 :

1936 2672 2157 2742 jubebat
2182 2682 2360 2727 autem
2383 2675 2433 2727 id
2468 2690 2654 2728 rursus
2680 2677 2794 2728 dari
2820 2677 3052 2745 mancipi
3076 2677 3211 2747 (l0),
3242 2680 3336 2750 qni
3371 2680 3516 2734 illam

1944 2766 2181 2818 faciebat
2236 2766 2750 2835 suppeditationem.
2790 2766 3011 2823 Plurimi
3045 2771 3189 2824 enim
3222 2786 3285 2825 ex
3331 2772 3396 2827 iis
3427 2773 3522 2842 qui

1944 2857 2147 2911 morbis
2192 2858 2463 2927 aliquibus
2496 2858 2817 2913 laborabant
2856 2870 2911 2915 et
2965 2864 3053 2930 qui
3114 2864 3363 2931 egebant,
3410 2864 3521 2918 illic

1942 2952 2354 3019 permanebant,
2382 2959 2439 3003 ut
2482 2950 2676 3016 quibus
2725 2952 3109 3008 subveniretur
3164 2969 3261 3023 per
3317 2956 3523 3010 beneii-

1941 3044 2173 3097 centiam
2208 3058 2395 3097 eorum
2427 3044 2519 3112 qui
2543 3045 2891 3100 accedebant.
2925 3046 3208 3100 Maximam
3241 3063 3371 3102 vero
3400 3064 3521 3103 mo-

1942 3135 2156 3191 lestiam
2186 3144 2240 3189 et
2292 3134 2581 3206 plurimum
2615 3136 2854 3191 laborem
2895 3141 3196 3193 sustinebat
3245 3142 3404 3195 abiis
3426 3144 3521 3211 qui

1940 3236 2097 3283 erant
2126 3229 2444 3283 daemoniaci
2476 3229 2612 3284 adeo
2641 3239 2695 3283 ut
2725 3232 2989 3299 quosdam
3011 3249 3073 3286 ex
3105 3234 3184 3288 eis
3217 3235 3345 3304 (non
3374 3238 3521 3291 enim

1943 3333 2153 3383 omnes,
2202 3323 2297 3375 scd
2341 3334 2455 3387 eos,
2494 3322 2583 3390 qni
2624 3331 2780 3377 erant
2805 3325 2972 3393 digni)
3008 3341 3105 3395 per
3154 3342 3280 3381 suas
3332 3344 3524 3398 preces

1943 3411 2221 3463 curaverit
2246 3409 2531 3466 Dominus.
2558 3411 2709 3477 Quod
2733 3426 2911 3467 autem
2946 3418 3021 3469 rei
3055 3416 3314 3471 facienda
3340 3429 3393 3472 et
3425 3435 3524 3489 pe-

1944 3505 2120 3558 cunia:
2154 3505 2544 3574 ampliﬁcandae
2580 3510 2777 3561 nullam
2825 3508 3051 3563 haberet
3084 3512 3369 3578 rationem,
3395 3527 3525 3572 ver.)

1942 3595 2098 3660 sciet,
2125 3605 2233 3648 tam
2271 3601 2363 3665 qui
2394 3598 2541 3667 legit,
2584 3615 2745 3667 quam
2774 3602 2866 3669 qui
2890 3603 3060 3664 audit,
3094 3603 3235 3673 quod
3264 3618 3383 3660 cum
3404 3615 3528 3676 post

1940 3687 2057 3754 ejus
2094 3689 2375 3742 decessum
2426 3688 2650 3743 deberet
2701 3691 2887 3760 pistori
2946 3693 3065 3762 plus
3110 3710 3270 3765 quam
3302 3703 3521 3750 centum

1942 3781 2291 3845 numismata,
2323 3783 2631 3838 admonitus
2659 3784 2727 3839 ab
2757 3786 2874 3854 ejus
2915 3802 3229 3844 successore
3263 3798 3318 3843 et
3358 3788 3525 3843 disci-

1942 3872 2085 3940 pulo,
2111 3873 2176 3926 de
2194 3887 2299 3941 quo
2321 3889 2419 3927 suo
2451 3876 2569 3929 loco
2593 3876 2823 3941 dicetur,
2857 3879 3072 3948 quidam
3104 3880 3304 3935 Christi
3334 3898 3522 3936 amans

1938 3978 1991 4022 ct
2030 3973 2148 4036 pius
2171 3980 2232 4020 ea
2263 3967 2503 4021 solverit.

1786 4128 2015 4185 CAPUT
2040 4131 2179 4185 Vill.

330 4255 499 4309 t'cstis
526 4256 892 4308 auachoritica
926 4255 1089 4309 variis
1113 4265 1142 4308 α
1176 4254 1235 4310 S.
1259 4254 1527 4310 Auzentio
1559 4256 1688 4309 data
1713 4268 1729 4307 :
1755 4255 1977 4324 itemque
2004 4260 2227 4309 monita.
2256 4253 2821 4310 Dmmonuminsultus
2843 4256 2997 4319 uarii,
3028 4268 3074 4310 et
3107 4260 3363 4315 remedia.

322 4374 450 4427 INB'.
479 4371 778 4441 Ζηλοῦντες
798 4372 855 4424 δέ
883 4389 1027 4434 τινες
1056 4373 1147 4424 τὸν
1177 4372 1422 4426 τοιοῦτον
1453 4372 1636 4425 ἔνθεον
1669 4372 1837 4425 αὑτοῦ

249 4465 365 4536 βίον
400 4466 465 4517 δι’
495 4464 654 4534 ὄχλου
681 4465 921 4532 ἐγίνοντο
946 4465 1038 4517 τοῦ
1075 4465 1496 4535 στοιχειωθῆναι
1522 4466 1650 4535 παρ’
1669 4464 1836 4519 αὑτοῦ

248 4558 346 4609 καὶ
370 4556 776 4626 καθιερωθῆναι
798 4556 875 4627 τῷ
899 4556 1161 4627 σχήματι.
1195 4558 1513 4629 Στοιχάριον
1536 4556 1629 4611 οὑν
1658 4558 1838 4620 διδοὺς

246 4647 489 4718 τρέχινον
542 4648 573 4715 ἢ
626 4648 951 4718 δερμάτινον
1012 4651 1071 4714 ἐξ
1130 4644 1205 4703 ὧν
1252 4652 1509 4719 ἠμφίετο,
1562 4650 1834 4720 ἔπηὺχετο

248 4740 461 4808 Αέγωνο
494 4741 760 4808 Πορεύου,
801 4740 1017 4808 άδελλςὲ,
1051 4740 1181 4794 ἔνθα
1212 4746 1237 4796 ὁ
1274 4744 1475 4814 Κύριός
1519 4761 1577 4797 σε
1630 4745 1831 4816 ἐδηγή-
1867 4786 1911 4841 D

250 4849 334 4885 σει
354 4850 367 4863 ·
401 4836 458 4885 ἰν
488 4828 567 4895 οἷς
598 4833 662 4884 ὲκ
696 4832 804 4883 τῶν
836 4833 1397 4903 προσκαρτερούντων
1438 4852 1519 4897 τις
1553 4835 1833 4897 Βασίλειος

248 4925 351 4994 τὴν
400 4926 774 4996 προσηγορίαν
831 4925 1135 4995 ἐξῃτήσατο
1188 4925 1348 4978 τοῦτο
1433 4926 1697 4992 Ἀφθονος
1744 4924 1837 4980 οῦν

250 5018 517 5088 ὑπάρχων
543 5018 569 5068 ὀ
610 5018 881 5087 μακάριος
913 5020 1006 5070 καὶ
1031 5019 1237 5088 σφόδρα
1287 5020 1633 5087 φιλάδελφος,
1670 5023 1833 5073 ἐπευ-

250 5111 484 5178 ξάμενος
534 5108 684 5179 αὑτῷ
739 5112 831 5163 καὶ
860 5110 986 5172 δοὺς
1043 5112 1107 5180 ἦν
1137 5110 1530 5178 περιεϐέϐλητο
1556 5111 1832 5181 μηλωτην,

249 5203 548 5256 ἀπέλυσεν.
591 5201 651 5255 '0
683 5202 740 5255 δὲ
771 5203 1024 5255 ἀπελθὼν
1065 5202 1139 5265 ὡς
1193 5202 1301 5254 άπὸ
1349 5204 1524 5255 εἰκοσι
1592 5204 1836 5274 σημείων

252 5295 615 5366 πορρωτέρω,
675 5294 731 5346 ἓν
780 5310 885 5347 τινι
938 5293 1112 5363 βουνῷ
1148 5294 1343 5346 κέλλαν
1403 5295 1838 5366 παρασκευάσας

251 5387 679 5457 οἰκοδομηθῆναι
709 5387 1033 5458 κατῴκησεν
1057 5402 1069 5415 ο
1114 5388 1208 5441 καὶ
1234 5387 1299 5455 δὴ
1326 5389 1462 5458 μετά
1487 5405 1609 5441 τινα
1649 5390 1839 5461 χρόνον

254 5478 442 5529 ἱκανὸν
473 5478 794 5541 ἐπιστάντες
822 5480 869 5529 οί
893 5478 1147 5541 δαίμονες
1172 5479 1262 5531 ἐπὶ
1286 5480 1540 5532 τοσοῦτον
1577 5482 1840 5551 ἐπετέθη·

258 5587 382 5638 σαν,
425 5570 500 5633 ὼς
551 5569 754 5642 μικροῦ
808 5572 920 5623 δεῖν
950 5572 1375 5641 παρασκευάσαι
1434 5572 1596 5626 αὑτὸν
1624 5575 1717 5628 καὶ
1748 5576 1840 5628 ἐκ·

331 5753 447 5823 (ιο)
472 5750 690 5805 Pistori.
718 5753 869 5822 Apud
912 5752 1193 5807 Socratem
1212 5752 1312 5823 lib.
1349 5768 1381 5805 ιι
1413 5768 1531 5819 cap.
1555 5752 1655 5805 18:
1689 5752 1837 5807 Prte-

259 5822 433 5881 erant'
468 5823 699 5893 panibus
754 5824 1132 5893 (Oltﬁtielldis,
1168 5822 1220 5875 οἵ
1266 5826 1545 5892 μάγκιπες
1580 5826 1646 5893 τῇ
1704 5824 1833 5877 Ῥω-

263 5894 444 5962 μαίων
467 5892 687 5965 γλώσσῃ
720 5892 1035 5949 καλοῦνται.
1074 5912 1092 5943 ι
1134 5895 1232 5959 Qui
1273 5897 1548 5964 mancipes
1575 5911 1601 5946 ιι
1624 5892 1835 5949 Roma-

2011 4368 2121 4424 LII.
2153 4369 2491 4425 [Emulantes
2541 4380 2721 4425 autem
2762 4382 2817 4426 et
2846 4373 3057 4427 beatam
3108 4375 3373 4433 ducentes
3399 4380 3523 4447 qui-

1938 4464 2060 4515 dam
2098 4460 2238 4516 hanc
2270 4461 2508 4515 divinam
2559 4463 2676 4531 ejus
2711 4465 2900 4527 vitam,
2951 4467 3225 4533 negotium
3276 4471 3323 4523 ei
3369 4474 3523 4524 exhi-

1938 4553 2159 4616 hebant,
2194 4562 2247 4605 ut
2271 4553 2339 4607 ab
2372 4567 2438 4607 eo
2463 4554 2810 4609 initiarentur
2836 4567 2891 4610 et
2917 4571 3369 4615 consecrarentur
3401 4564 3522 4633 ejus

1941 4646 2147 4700 habitu.
2180 4644 2312 4699 Cum
2350 4646 2529 4713 itaque
2577 4646 2816 4702 dedisset
2866 4650 3102 4705 tunicam
3128 4667 3193 4706 ex
3234 4652 3355 4721 pilis
3385 4669 3520 4708 con-

1944 4749 2141 4793 textam
2195 4749 2288 4792 aut
2343 4738 2629 4806 pelliceum
2663 4755 2728 4794 ex
2777 4741 2842 4795 iis
2873 4743 3073 4812 quibus
3103 4756 3221 4799 erat
3276 4747 3520 4811 indutus,

1938 4829 2261 4899 precabatur
2298 4829 2483 4885 dicens
2514 4847 2527 4883 :
2556 4831 2723 4894 Vade,
2780 4831 2971 4898 frater,
3006 4850 3113 4903 quo
3155 4844 3206 4890 te
3236 4837 3395 4891 ducet
3418 4838 3525 4892 Do-

1942 4922 2140 4978 minus.
2169 4921 2311 4975 Iuter
2337 4937 2472 4990 quos
2494 4936 2556 4977 ex
2588 4938 2815 4979 numero
2843 4939 3031 4980 eorum
3067 4928 3157 4997 qtti
3194 4928 3302 4983 illic
3336 4944 3528 4998 perse-

1939 5017 2219 5077 verabant,
2256 5014 2484 5067 Basilius
2514 5016 2735 5083 quidam
2774 5019 2995 5072 nomine
3052 5020 3154 5073 hoc
3184 5023 3351 5089 petiit.
3386 5023 3519 5078 Cum

1939 5108 2121 5178 largus
2149 5124 2277 5175 ergo
2308 5115 2454 5160 esset
2488 5107 2687 5165 Beatus
2709 5121 2763 5164 et
2790 5109 3018 5166 fratrum
3049 5114 3201 5169 valde
3226 5131 3435 5180 amans,
3469 5119 3520 5171 ei

1938 5203 2079 5257 bene
2106 5210 2377 5270 precatus,
2401 5209 2455 5255 et
2509 5203 2629 5257 data
2679 5218 2840 5273 quam
2891 5203 3140 5260 induerat
3168 5208 3304 5277 pelle
3335 5209 3519 5271 ovilla,

1938 5309 2060 5349 eum
2121 5292 2346 5349 dimisit.
2375 5292 2466 5347 Ille
2493 5303 2671 5348 autem
2729 5294 2945 5365 longius
2993 5298 3184 5354 abiens
3230 5302 3296 5355 ad
3331 5302 3521 5372 viginti

1940 5386 2215 5451 milliaria,
2247 5399 2369 5438 cum
2400 5384 2453 5437 in
2489 5388 2720 5455 quodam
2748 5388 2887 5445 colle
2912 5403 3161 5447 curasset
3189 5394 3383 5448 cellam
3415 5395 3522 5450 sibi

1939 5479 2218 5543 aedificari,
2246 5478 2355 5533 illic
2390 5477 2670 5535 habitavit.
2708 5482 2837 5539 Post
2889 5486 3107 5554 aliquod
3154 5501 3279 5541 vero
3308 5502 3523 5557 tempus

1940 5574 2263 5628 accedentes
2294 5572 2588 5639 daztnones,
2617 5588 2741 5631 eum
2767 5578 2901 5640 adeo
2937 5578 3278 5652 invaserunt,
3307 5591 3370 5644 ιι
3392 5595 3520 5645 antu

1948 5756 2031 5810 nis
2064 5756 2422 5830 appellantur.
2474 5779 2492 5812 ι
2526 5760 2591 5815 Ει
2640 5759 2859 5823 Suidas.
2902 5759 3277 5830 ἀρτοπολεῖον,
3313 5759 3376 5813 τὸ
3408 5771 3515 5828 μα-

1946 5829 2219 5903 γκιπεῖον,
2256 5830 2311 5880 ιν
2335 5824 2379 5896 ᾧ
2403 5831 2450 5883 οἱ
2474 5830 2628 5903 ἄρτοι
2657 5834 2921 5902 γίνονται,
2942 5824 2973 5882 ἰ
3020 5833 3306 5901 pistrinum
3336 5824 3518 5902 inquo

1946 5912 2113 5967 panes
2143 5897 2297 5953 ﬁunt.
2341 5919 2358 5951 ι
