4218 6482
733 412 877 477 14ἓὲ

1941 408 2224 469 MENSIS
2275 404 2791 467 FEBRUARIUS.

3852 410 3997 475 ιιει

731 526 1115 595 propemodum
1167 520 1394 577 fecerint
1431 520 1729 591 exspirare.
1758 519 1839 573 Ad
1868 534 2030 589 quem
2063 534 2186 573 cum
2216 520 2307 589 qui

2416 516 2648 570 πνεῦσαι
2674 534 2687 547 ο
2723 515 2861 587 πρὸς
2889 514 2948 568 δν
2978 515 3027 569 οἱ
3060 516 3166 568 τῶν
3222 518 3383 589 πέριξ
3413 521 3616 590 κωμῶν
3644 522 3908 591 νέμοντες
3937 526 4004 576 τὰ

728 634 797 672 ex
828 617 981 680 locis,
1013 630 1133 685 quas
1168 623 1328 668 erant
1378 612 1753 677 circumcirca,
1808 619 2071 665 venerant
2126 611 2160 664 ii
2214 612 2304 680 qui

728 709 1026 780 pascebant
1085 721 1302 775 pecora,
1331 706 1618 767 abiissent,
1650 714 1702 756 et
1736 712 2021 757 consuetas
2051 702 2165 768 ejus
2188 717 2311 771 pre-

732 816 844 863 ces,
904 800 1029 852 dum
1080 812 1222 864 saepe
1277 796 1627 860 clamassent,
1665 810 1769 847 non
1826 802 2010 847 essent
2049 793 2306 854 assecuti,

732 893 879 947 cella:
910 892 1146 945 fenestra
1177 890 1227 943 vi
1258 897 1467 958 aperta,
1501 888 1683 941 vident
1710 902 1832 940 eum
1862 898 2069 940 mutum
2106 897 2158 939 et
2185 900 2310 953 pro-

734 1001 857 1036 nqu
886 982 1155 1051 jacentem
1187 998 1201 1035 :
1226 989 1283 1035 et
1317 981 1695 1034 existimantes
1719 990 1842 1030 eum
1862 991 1983 1030 esse
2013 986 2306 1037 mortuum,

736 1090 924 1129 rursus
958 1084 1330 1135 accurrentes,
1361 1073 1474 1126 suis
1509 1072 1909 1124 renuntiarunt.
1939 1068 2039 1134 Qui
2072 1083 2192 1121 cum
2224 1081 2309 1119 as-

731 1167 1061 1227 cendissent,
1098 1167 1419 1219 invenerunt
1471 1179 1594 1217 eum
1642 1162 1757 1215 fere
1787 1163 2223 1222 semimortuuu:,
2256 1169 2310 1210 et

734 1275 835 1315 nec
866 1259 1130 1313 valentem
1154 1258 1375 1311 omnino
1409 1257 1579 1324 loqui,
1600 1259 1692 1309 sed
1718 1255 1889 1307 solum
1916 1267 2104 1322 parum
2134 1251 2307 1317 respi-

734 1361 965 1406 ranlem.
986 1350 1120 1405 Cum
1152 1360 1330 1402 autem
1351 1364 1547 1416 corpus
1566 1348 1681 1413 ejus
1701 1346 1963 1399 vidissent
1986 1344 2305 1407 sauciatum,

732 1460 894 1499 curru
932 1444 1042 1497 cito
1073 1444 1256 1506 allato,
1294 1458 1414 1496 eum
1450 1443 1500 1494 in
1543 1441 1660 1509 ipso
1688 1440 1994 1507 imponunt,
2020 1447 2072 1489 et
2106 1435 2311 1489 ducunt

734 1538 799 1591 ad
820 1537 1037 1591 beatum
1072 1536 1422 1587 Auxentium.
1450 1532 1551 1598 Qui
1578 1546 1698 1585 cum
1734 1540 1856 1600 post
1887 1531 2075 1582 horam
2110 1542 2305 1580 nonam

733 1630 1069 1698 despexisse't
1096 1642 1124 1680 e
1150 1626 1410 1691 fenestra,
1448 1631 1503 1679 et
1543 1639 1663 1678 eum
1702 1624 1949 1685 vidisset,
1994 1633 2127 1673 voce
2175 1616 2310 1671 dixit

734 1722 1003 1790 apertiore
1032 1717 1256 1773 :Frater
1276 1718 1461 1771 Basili.
1490 1716 1624 1770 Cum
1650 1716 1697 1770 is
1721 1728 1849 1782 ergo
1882 1728 2003 1766 eum
2035 1717 2305 1772 vocasset,

729 1823 788 1865 et
811 1812 899 1866 ille
926 1827 1031 1864 non
1065 1810 1418 1875 exaudiissel,
1458 1809 1617 1862 tertio
1647 1822 1841 1875 magna
1864 1805 1913 1857 vi
1942 1801 2197 1858 clamavit
2224 1820 2235 1853 :
2262 1800 2306 1855 Ο

737 1901 831 1956 tibi
866 1903 1011 1965 dico,
1038 1901 1207 1955 frater
1229 1901 1413 1953 Basili.
1438 1898 1572 1953 Cum
1596 1899 1641 1951 is
1663 1910 1840 1949 autem
1866 1896 1974 1949 cito
1996 1893 2305 1953 assedisset,

735 1992 867 2045 dicit
896 1992 944 2045 ei
979 2009 992 2045 :
1031 1990 1223 2060 Surge,
1264 1989 1448 2057 accipe
1480 1996 1802 2057 potestatem
1851 1985 2139 2037 adversum
2196 1990 2311 2034 ten-

736 2095 991 2148 talorem,
1020 2099 1126 2136 non
1146 2082 1372 2151 amplius
1406 2082 1601 2133 timens
1630 2077 1904 2147 improbos
1922 2084 1975 2129 et
2004 2073 2311 2127 immundos

737 2176 1031 2227 daemones.
1082 2172 1255 2226 Jussit
1313 2172 1493 2239 itaque
1542 2185 1665 2221 eum
1716 2181 1958 2237 surgere,
1995 2174 2048 2218 et
2094 2177 2311 2219 sumere

738 2265 1101 2321 venerandum
1138 2277 1335 2329 corpus
1367 2271 1421 2315 et
1453 2261 1725 2314 vivificqu
1762 2259 2080 2325 sanguinem
2103 2256 2309 2310 Domini

739 2358 910 2415 nostri
948 2353 1317 2416 Jesquristi,
1349 2360 1400 2407 et
1418 2352 1599 2407 statim
1626 2365 1813 2405 rursus
1850 2352 2044 2404 reverti
2071 2351 2123 2402 iu
2154 2364 2310 2403 suum

742 2452 940 2505 locum.
978 2446 1079 2511 Qui
1115 2461 1237 2500 cum
1264 2445 1503 2505 abiisset.
1540 2445 1720 2498 ethoc
1756 2446 1915 2497 modo
1946 2459 2050 2496 non
2080 2441 2313 2509 amplius

739 2542 931 2597 fuisset
965 2548 1223 2602 tentatus,
1254 2548 1303 2591 st
1330 2552 1390 2591 se
1425 2538 1597 2591 tribus
1621 2535 1776 2589 anuis
1798 2533 2014 2589 fortiter
2034 2534 2313 2588 exercuis-

741 2643 844 2699 set,
870 2634 923 2687 iu
950 2646 1083 2701 pace
1110 2629 1361 2701 migravit
1394 2643 1459 2682 ex
1498 2628 1599 2682 hac
1636 2628 1766 2682 vita.

816 2900 947 2954 ιλιι.
978 2899 1082 2953 Sed
1119 2907 1237 2967 post
1262 2896 1381 2966 ejus
1437 2896 1728 2949 adventum
1771 2893 2047 2948 monachis
2071 2907 2124 2947 et
2156 2908 2312 2946 mun-

741 2996 900 3049 danis
930 2991 1020 3061 qui
1052 2990 1298 3055 aderant,
1333 3000 1386 3042 et
1406 2990 1655 3041 omnibus
1682 2986 1903 3054 reliquis
1925 2986 2063 3039 dixit
2090 2988 2310 3039 beatus:

745 3086 1029 3139 Daemones
1084 3080 1397 3135 hominibus
1448 3079 1775 3142 invidentes,
1805 3093 1838 3131 ο
1878 3077 2075 3132 fratres
2106 3077 2312 3140 dilecti,

746 3183 1010 3245 perpetuo
1042 3173 1417 3225 machinattlur
1445 3170 1598 3223 nobis
1641 3185 1763 3225 esse
1814 3170 2201 3238 impedimento
2260 3169 2312 3222 in

746 3268 907 3323 Louis
957 3266 1230 3334 operibus,
1264 3272 1320 3317 et
1369 3261 1602 3315 maxime
1632 3262 1681 3314 iu
1715 3264 2069 3330 temperantia
2101 3270 2155 3314 et
2189 3276 2319 3315 con-

749 3358 997 3421 liuentia,
1032 3356 1440 3423 humilitateque
1472 3363 1524 3409 et
1556 3355 1937 3419 beneficentia,
1966 3354 2319 3422 orationeque

745 3459 801 3504 et
835 3449 1074 3513 silentio,
1108 3448 1429 3516 lenitateque
1452 3457 1505 3501 et
1533 3449 1809 3516 patientia,
1846 3463 2083 3516 paceque
2104 3457 2158 3500 et
2187 3449 2322 3501 tole-

748 3538 948 3602 rantia,
1003 3547 1057 3590 et
1114 3539 1381 3589 «haritate
1436 3536 1491 3589 in
1544 3538 1868 3602 proximum,
1908 3552 2009 3604 qua
2057 3537 2189 3589 nihil
2238 3546 2322 3591 est

752 3632 949 3700 majus.
980 3628 1254 3698 szjieiunt
1280 3628 1422 3682 enim
1451 3628 1517 3683 iis
1549 3630 1786 3697 quidem,
1845 3630 1935 3697 qui
1982 3630 2321 3699 voluntlesse

754 3737 1137 3794 temperantes,
1177 3724 1423 3777 diversas
1454 3724 1715 3793 quasdam
1743 3733 1797 3776 et
1849 3724 1989 3776 inter
2022 3740 2080 3776 se
2112 3723 2318 3777 discre-

750 3829 939 3887 pantes
992 3818 1223 3885 species,
1254 3826 1308 3869 et
1354 3817 1599 3885 corporis
1647 3816 1979 3870 titillationes
2009 3834 2022 3870 :
2050 3816 2320 3885 quomodo

749 3914 913 3966 etiam
956 3909 1380 3973 abstinentibus,
1428 3910 1633 3962 ventris
1693 3909 2052 3977 appetitiOnes
2082 3927 2095 3962 :
2127 3918 2181 3961 et
2231 3908 2318 3973 iis,

750 4004 842 4071 qui
878 4003 1065 4056 volunt
1097 4000 1373 4053 humiliter
1412 4000 1478 4053 de
1507 4016 1566 4053 se
1594 4002 1815 4064 sentire,
1843 4016 2030 4052 vanam
2058 4000 2316 4067 gloriam:

753 4096 821 4148 iis
858 4106 1034 4148 autem
1066 4094 1156 4163 qui
1189 4094 1242 4145 in
1275 4093 1454 4145 animo
1501 4091 1702 4144 habent
1738 4091 2076 4153 benefacere,
2102 4106 2320 4143 SUUI'UIII

754 4189 932 4255 potius
959 4199 1141 4238 curam
1181 4202 1193 4236 ;
1229 4183 1403 4251 iisque
1432 4182 1519 4248 qui
1549 4190 1709 4235 orant
1749 4191 1802 4234 et
1830 4191 1993 4250 agunt
2024 4181 2320 4243 silentium,

753 4278 995 4331 diversas
1061 4274 1226 4327 animi
1294 4274 1731 4342 perturbationes
1793 4283 1848 4326 et
1921 4273 2320 4325 multitudinem

752 4379 996 4422 veterqu
1060 4367 1394 4435 negotiorum
1429 4380 1442 4417 :
1472 4366 1541 4419 iis
1590 4381 1713 4420 vero
1773 4364 1865 4433 qui
1920 4381 1977 4419 se
2022 4367 2073 4418 iu
2106 4366 2323 4419 lenitate

755 4467 1016 4514 exercent
1080 4470 1131 4512 et
1165 4458 1476 4522 tolerantia,
1529 4471 1809 4527 opponunt
1857 4458 2023 4511 animi
2070 4474 2320 4527 angorem

2348 1858 2387 1913 B

2408 609 2715 679 τετράποδα
2758 606 3084 671 ἀπελθόντες
3109 608 3204 661 καὶ
3229 612 3326 679 τῆς
3352 613 3614 682 συνήθους
3634 613 3800 666 αὑτοῦ
3832 615 4005 684 εὐχῆς

2410 707 2468 757 ἐν
2490 704 2565 773 τῷ
2595 704 2789 773 κράξαι
2818 703 3139 763 πλειστάκις
3166 705 3240 775 μὴ
3264 707 3539 775 τυχόντες,
3567 707 3659 777 βίᾳ
3682 708 3779 778 τὴν
3803 708 4002 777 θυρίδα

2409 798 2511 866 τῆς
2540 799 2738 863 κέλλης
2786 796 3171 859 διανοίξαντες,
3214 797 3416 866 ὁρῶσιν
3463 799 3625 851 αὑτὸν
3660 800 3878 867 ἄφωνον
3907 802 4005 853 καὶ

2411 891 2596 961 πρηνῆ
2644 890 3044 959 κατακείμενον
3065 905 3079 918 ⁶
3113 890 3207 941 καὶ
3259 889 3512 954 δόξαντες
3539 892 3705 951 αὑτὸν
3733 892 4004 961 τεθνηκέ-

2411 1002 2523 1046 ναι,
2560 982 2713 1045 αὖθις
2747 982 3187 1052 καταδραμόντες
3226 985 3339 1044 τοῖς
3370 983 3593 1045 οἰκείοις
3627 984 4002 1053 ἀπήγγειλαν,

2411 1074 2461 1126 οἳ
2493 1075 2585 1126 καὶ
2615 1072 2934 1136 ἀνελθόντες
2969 1070 3128 1143 εὗρον
3168 1074 3330 1125 αὑτὸν
3364 1074 3605 1144 ἡμιθανῆ
3634 1076 3848 1145 σχεδὸν,
3872 1078 4002 1146 μηδ’

2411 1164 2547 1227 ὅλως
2583 1164 2688 1217 κᾶν
2722 1162 2957 1231 λαλῆσαι
3001 1164 3275 1231 ἰσχύοντα,
3306 1164 3443 1218 ἀλλὰ
3487 1168 3647 1233 μένον
3692 1167 3870 1236 αὔρας
3906 1188 4001 1237 μι-

2413 1258 2553 1326 κρᾶς
2576 1255 2743 1325 οὔσης
2778 1255 2942 1307 αὑτοῦ
2976 1256 3108 1325 περὶ
3141 1258 3239 1326 τὴν
3274 1258 3447 1327 πνοήν
3473 1273 3487 1287 ’
3524 1259 3583 1310 τὸ
3612 1259 3668 1311 δὲ
3704 1262 3867 1328 σῶμα
3906 1262 4005 1313 αὑ-

2411 1348 2506 1401 τοῦ
2556 1346 3046 1417 κατατετρωμένον
3100 1346 3471 1417 θεασάμενοι,
3531 1349 3725 1402 θᾶττον
3782 1351 4006 1421 ἄμαξαν

2414 1441 2868 1511 παραστήσαντες
2898 1440 3238 1493 ἐπιτιθέασιν
3270 1442 3455 1505 αὑτὸν,
3483 1445 3576 1495 καὶ
3605 1444 3835 1510 ἄγουσιν
3864 1446 4006 1511 πρὸς

2412 1532 2505 1585 τὸν
2582 1533 2871 1603 μακάριονι
2901 1532 3209 1597 Αὑξέντιον.
3248 1534 3343 1596 Ὃς
3397 1535 3665 1602 διακύψας
3708 1538 3850 1589 κατὰ
3903 1538 4007 1606 τὴν

2414 1623 2642 1693 ὲννάτην
2666 1622 2817 1693 ὤραν
2838 1625 2902 1677 ἑκ
2922 1624 3015 1675 τοῦ
3048 1625 3286 1694 θυριδίου
3320 1628 3415 1679 κα)⁸
3442 1625 3777 1693 θεασάμενος
3812 1628 4001 1692 αὑτὸνΖ

2411 1712 2711 1782 τρανοτέρα
2729 1715 2793 1780 τῇ
2824 1716 2975 1783 φωνῇ
3001 1714 3187 1780 ἔλεγεν
3207 1731 3220 1745 ’
3260 1714 3481 1782 ’Δδελφὲ
3505 1717 3779 1772 Βασίλειε,
3808 1718 4007 1770 Δεύτε-

2418 1818 2509 1870 ρον
2540 1803 2721 1853 τοίνυν
2762 1801 2928 1854 αὑτοῦ
2983 1803 3312 1865 καλέσαντος
3351 1805 3609 1857 κάκείνου
3640 1808 3714 1874 μὴ
3749 1807 4007 1859 ὑπακού-

2420 1910 2634 1956 σαντος,
2662 1894 2742 1954 εἰς
2770 1894 2831 1945 τὸ
2852 1893 3037 1963 τρίτον
3078 1894 3138 1957 ἐξ
3162 1894 3348 1962 ἰσχύος
3380 1895 3644 1965 ἔκραξεν*
3690 1899 3781 1949 Σοὶ
3833 1899 4006 1965 λέγω,

2417 1986 2613 2053 ἀδελφὲ
2640 1985 2883 2037 Βασίλειε
2905 2000 2919 2014 ·
2962 1984 3056 2037 τοῦ
3090 1986 3145 2038 δὲ
3172 1988 3335 2055 τάχος
3382 1988 3833 2059 ἀνακαοήσαντός
3869 2007 4005 2061 φησι

2418 2077 2554 2146 πρὸς
2585 2076 2768 2141 αὑτὸν,
2805 2076 3059 2141 Ἀνάστα,
3085 2077 3216 2129 λάϐε
3240 2079 3493 2143 ἐξουσίαν
3520 2082 3661 2133 κατά
3684 2082 3780 2134 τοῦ
3807 2084 4009 2153 πειρά-

2418 2169 2621 2232 ζοντος,
2652 2171 2851 2238 μηκέτι
2882 2168 3071 2231 δεδιὼς
3099 2171 3224 2233 τοὺς
3250 2172 3520 2241 πονηροὺς
3543 2175 3637 2224 καὶ
3655 2175 4005 2245 ἀκαθάρτους

2418 2261 2695 2331 δαίμονας.
2732 2262 3065 2313 Ἀναστάντα
3106 2257 3201 2315 οὖν
3231 2263 3395 2315 αὑτὸν
3438 2264 3729 2318 ἐκέλευσεν
3760 2268 4006 2334 μεταλα-

2420 2351 2533 2404 ϐεῖν
2571 2352 2666 2404 τοῦ
2698 2351 2883 2419 τιμίου
2920 2351 3173 2418 σώματος
3202 2353 3419 2406 καὶτοῦ
3456 2354 3725 2418 ζωοποιοῦ
3769 2358 4007 2425 αἵματος

2418 2440 2515 2493 τοῦ
2550 2442 2754 2510 Κυρίου
2790 2440 2951 2508 ἡμῶν
2993 2441 3169 2509 Ἰησοῦ
3204 2441 3466 2511 Χριστοῦ,
3515 2444 3609 2496 καὶ
3659 2446 4007 2514 παραχρῆμα

2421 2530 2780 2598 ὑποστρέφειν
2806 2530 2967 2584 πάλιν
2992 2533 3072 2594 εἰς
3094 2530 3187 2582 τὸν
3215 2532 3379 2585 αὑτὸν
3402 2535 3586 2587 τόπον.
3625 2536 3720 2597 Ὃς
3746 2536 4007 2591 ἀπελθὼν

2421 2624 2516 2673 καὶ⁵
2555 2623 2780 2692 τοιούτῳ
2831 2624 3019 2694 τρόπῳ
3078 2623 3277 2693 μηκέτι
3317 2626 3661 2693 πειρασθείς,
3718 2631 3775 2679 ὲν
3823 2634 4008 2698 τρισὶν

2422 2712 2599 2764 ἔτεσιν
2628 2715 2891 2781 γενναίως
2937 2716 3213 2784 ἀσκήσας,
3246 2718 3305 2769 ὲν
3344 2718 3537 2787 εἰρήνῃ
3598 2718 3868 2788 μετῆλθεν
3913 2722 4006 2771 τὸν

2423 2804 2545 2873 τῇδε
2581 2804 2715 2873 βίον.

2494 2894 2616 2948 Nl".
2660 2896 2821 2949 Ἀλλὰ
2854 2898 2994 2964 μετά
3021 2898 3121 2967 τὴν
3156 2898 3339 2966 ἄφιξιν
3367 2899 3559 2954 τούτου
3599 2906 3713 2965 τοῖς
3765 2904 4007 2973 παροῦσι

2425 2988 2678 3055 μοναχνιῖς
2708 2989 2799 3038 καὶ
2832 2992 3116 3056 κοσμικοῖς
3145 2992 3239 3041 καὶ
3262 2992 3397 3041 πᾶσι
3439 2993 3549 3052 τοῖς
3578 2992 3788 3055 λοιποῖς
3818 2993 4007 3059 ἔλεγεν

2421 3077 2450 3127 ὁ
2476 3077 2767 3145 μακάριος,
2806 3080 2867 3130 Ol
2901 3079 3152 3148 δαίμονες
3183 3081 3567 3149 βασκαίνοντες
3594 3083 3671 3152 τῷ
3702 3086 4005 3155 ἀνθρώπῳ,

2347 3216 2389 3273 C
2424 3168 2643 3236 ἀδελφοὶ
2671 3171 2967 3240 ἀγαπητοὶ,
3022 3172 3109 3224 διὰ
3141 3174 3358 3226 πάντων
3391 3176 3741 3243 μηχανῶνται
3787 3193 4007 3245 παρεμ-

2424 3260 2599 3312 ποδὼν
2629 3262 2757 3329 ημῖν
2788 3262 2846 3312 ὲν
2868 3266 2979 3323 τοῖς
3004 3262 3230 3330 ἀγαθοῖς
3258 3266 3508 3332 γενέσθαι
3535 3266 3739 3333 ἔργοις,
3770 3269 3866 3319 καὶ
3898 3270 4007 3337 μά-

2423 3353 2581 3404 λιστα
2615 3353 2670 3403 ἒν
2692 3370 2748 3405 τε
2777 3357 2841 3423 τῇ
2888 3356 3214 3425 σωιρροσὺνῃ
3253 3360 3345 3409 καὶ
3393 3361 3711 3429 ἐγκρατείᾳ,
3745 3376 4009 3413 ταπεινο-

2426 3446 2666 3515 φροσᾷνῃ
2720 3462 2779 3497 τε
2812 3447 2907 3499 καὶ
2947 3449 3192 3518 εὑποιῖα,
3223 3451 3313 3501 καὶ
3342 3454 3615 3521 προσευχῇ
3652 3453 3745 3504 καὶ
3776 3453 4003 3524 ἡσυχία,

2426 3539 2670 3609 ὑπομονῇ
2724 3556 2781 3591 τε
2816 3540 2908 3591 καὶ
2951 3541 3323 3612 μακροθυμίᾳ,
3356 3546 3548 3615 εἰρήνῃ
3606 3562 3667 3598 τε
3698 3546 3794 3599 καὶ
3824 3548 4007 3611 ἀνεξι-

2422 3631 2613 3701 κακίᾳ,
2650 3632 2743 3683 καὶ
2788 3634 2853 3701 τῇ
2908 3634 3042 3701 πρὸς
3073 3632 3165 3685 τὸν
3199 3635 3428 3703 πλησίον
3454 3638 3669 3708 ἀγάπῃ,
3706 3633 3775 3709 ἦς
3820 3640 4009 3708 μεῖξον

2422 3724 2574 3776 οὐδέν
2592 3740 2605 3755 ο
2643 3726 3085 3797 ἀνθυποφέρουσι
3111 3728 3219 3797 γὰρ
3244 3730 3356 3790 τοῖς
3390 3730 3491 3797 μὲν
3519 3730 3872 3800 βουλομένοις
3904 3750 4009 3785 σω-

2426 3817 2643 3885 φρονεῖν
2694 3816 2869 3879 εἰὸέας
2929 3818 3079 3879 τινάς
3132 3819 3422 3889 διαψόρους
3473 3825 3563 3873 καὶ
3593 3823 4009 3889 ἀκαταλλῴους

2424 3907 2517 3958 καὶ
2553 3908 2963 3975 γαργαλισμοὺς
2997 3912 3362 3977 σωματικοὺς,
3386 3911 3647 3974 ὡσαύτως
3665 3915 3775 3977 τοῖς
3801 3916 4011 3984 ἐγκρα-

2423 4000 2538 4049 τέσι
2598 3999 2695 4061 τὰς
2724 4001 2820 4068 τῆς
2863 3999 3067 4061 κοιλίας
3101 4001 3314 4069 ὀρέξεις
3349 4004 3442 4053 καὶ
3481 4003 3592 4065 τοῖς
3640 4019 4009 4074 ταπεινοφρο-

2426 4090 2536 4141 νεῖν
2569 4089 2780 4140 θέλουσι
2839 4090 2937 4156 τὴν
2967 4091 3271 4154 κενοδοξίαν
3295 4106 3307 4119 ·
3341 4093 3452 4153 τοῖς
3485 4091 3541 4142 δὲ
3576 4093 3872 4162 εὑποιῆσαι
3916 4095 4009 4145 οε-

2424 4180 2608 4231 λουσιν
2655 4180 3138 4249 διασκεπτομένοις
3184 4182 3281 4250 τὴν
3341 4184 3447 4235 τῶν
3507 4185 3726 4235 οἰκείων
3800 4186 4009 4253 μᾶλλον

2426 4273 2787 4343 πιιηδεμονίαΝ⁸
2827 4277 2940 4336 τοῖς
2965 4274 3020 4326 δὲ
3057 4277 3516 4345 προσευχομένοις
3569 4277 3665 4329 καὶ
3695 4279 4008 4346 ἡσυχάζου-

2428 4383 2512 4418 σιν
2554 4368 2912 4436 ῤεῦασμους
2959 4367 3251 4438 διαφόρους
3280 4370 3373 4421 καὶ
3408 4370 3611 4439 πλῆθος
3657 4378 4007 4440 πραγματων

2424 4459 2706 4527 ἀρχαίων⁶
2770 4460 2865 4511 καὶ
2920 4461 3031 4522 τοῖς
3082 4461 3139 4511 ἐν
3194 4461 3439 4531 ὑπομονῇ
3500 4465 3592 4514 καὶ
3650 4465 4008 4534 μακροθυμέα⁵

754 4561 918 4619 atque
948 4548 1314 4613 timiditatem,
1343 4560 1399 4602 et
1448 4563 1662 4602 onmem
1692 4564 1844 4602 suam
1879 4549 2277 4617 improbitatem
2306 4568 2311 4603 :

2424 4553 2785 4622 ἀσκουμένοις
2804 4552 3109 4622 ἀντιτίθησι
3137 4554 3235 4622 τὴν
3288 4556 3517 4623 ἀκηδὶαν
3550 4558 3643 4607 καί
3676 4556 3883 4608 δεύίαν
3912 4576 4007 4609 και

754 4641 873 4709 paci
905 4648 1083 4695 autem
1114 4650 1167 4693 et
1217 4641 1513 4706 patientiae,
1547 4639 1729 4693 odium
1782 4649 1836 4695 et
1868 4640 2320 4705 maleVolentiam,

753 4745 852 4801 per
872 4744 1033 4799 quam
1068 4732 1243 4799 perdit
1272 4746 1414 4794 eam,
1442 4745 1563 4800 quae
1590 4742 1673 4787 est
1713 4732 1767 4787 in
1817 4733 2057 4797 Christo,
2084 4734 2326 4790 charita-

754 4831 888 4884 tem,
941 4830 995 4873 et
1052 4833 1260 4884 omnes,
1318 4828 1376 4873 ut
1436 4821 1603 4875 semel
1664 4821 1865 4887 dicam,
1903 4822 2114 4877 fructus
2148 4825 2324 4879 sancti

754 4912 1013 4982 Spiritus,
1032 4926 1166 4980 quos
1193 4914 1528 4967 enumeravit
1544 4914 1831 4982 Apostolus
1853 4915 1919 4978 “,
1938 4930 2031 4983 per
2050 4917 2324 4970 contraria

751 5014 1020 5058 conantur
1053 5010 1316 5058 evertere.
1375 5002 1477 5057 Sed
1507 5006 1596 5074 qui
1637 5016 1761 5059 sunt
1792 5008 1984 5061 muniti
2016 5010 2188 5076 gratia
2220 5007 2323 5061 Do-

755 5096 888 5149 mini
946 5096 1112 5149 nostri
1166 5093 1291 5150 Jesu
1336 5096 1559 5161 (Σιιι-ἱοιί,
1624 5109 1941 5167 permanent
1992 5100 2314 5154 immobiles.

755 5186 1118 5252 Quamobrem
1151 5201 1257 5239 nou
1298 5199 1382 5242 est
1409 5188 1739 5255 mirandum,
1780 5190 1997 5261 quando
2029 5204 2125 5245 nos
2149 5192 2317 5259 plagis

754 5278 1135 5333 consciudunt.
1173 5277 1399 5344 Quando
1445 5280 1591 5334 enim
1646 5296 1739 5349 per
1768 5283 2126 5351 eOgitatioues
2156 5294 2208 5336 et
2240 5298 2323 5337 re-

756 5368 930 5436 liquas
956 5370 1199 5439 corporis
1235 5371 1668 5438 perturbationes
1709 5388 1815 5427 non
1848 5385 2072 5441 possunt
2102 5391 2198 5430 nos
2229 5376 2323 5429 de-

760 5461 1000 5525 turbare,
1031 5471 1162 5517 tunc
1198 5476 1297 5531 per
1321 5475 1378 5518 se
1407 5465 1831 5522 exet-citatorum
1867 5477 2069 5524 terrent
2100 5470 2323 5539 petitio-

759 5566 904 5606 llClll.

802 5818 847 5847 "
912 5813 1087 5875 Galat.
1118 5836 1164 5875 ν.

2425 4646 2607 4697 πᾶσαν
2630 4644 2725 4713 τὴν
2753 4645 2960 4697 οἰκείαν
2990 4647 3252 4717 πονηρίαν
3277 4663 3289 4675 ·
3316 4649 3382 4717 τῇ
3408 4648 3598 4716 εἰρήνῃ
3624 4647 3679 4697 δὲ
3708 4650 3799 4698 καὶ
3823 4647 4006 4709 ἁνεξι·

2428 4734 2596 4805 κακίᾳ
2652 4735 2750 4803 τὴν
2808 4737 3200 4804 μνησικακίαν,
3256 4736 3323 4788 δι’
3373 4733 3440 4809 ἦς
3475 4740 3611 4807 μετὰ
3648 4738 3708 4789 τὸ
3740 4740 3876 4803 πρὸς
3913 4738 4005 4789 τὸν

2430 4827 2656 4897 πλησίον
2688 4830 2843 4896 μῖσος
2888 4828 3356 4897 καταλυμαίνεται
3390 4830 3488 4898 τὴν
3521 4833 3578 4882 ἐν
3613 4830 3834 4900 Χριστῷ
3867 4832 4005 4897 αγα-

2428 4937 2538 4990 πην
2584 4922 2677 4971 καὶ
2727 4922 2904 4973 πάντα
2935 4919 2989 4971 δὲ
3014 4920 3092 4982 ὡς
3136 4921 3201 4974 ἀν
3253 4938 3335 4983 τις
3370 4922 3671 4991 συλλήϐδην
3702 4924 3848 4975 εἴποι
3880 4925 4004 4983 τοὺς

2428 5010 2521 5063 τοῦ
2579 5010 2736 5077 ἁγίου
2793 5010 3107 5079 Πνεύματος
3168 5013 3433 5080 καρποὺς,
3475 5011 3569 5074 οὓς
3613 5016 3641 5065 ὁ
3678 5013 4004 5075 ’Λποστοὶος

2429 5103 2855 5172 ἀπηριθμήσατο
2892 5104 3223 5173 ἀνατρέπειν
3251 5106 3339 5158 διὰ
3368 5107 3474 5159 τῶν
3508 5106 3845 5160 ὑπεναντίων
3881 5125 4003 5159 πει-

2429 5195 2651 5263 ρῶνται.
2695 5194 2830 5247 Ἀλλ’
2855 5196 2904 5247 οἱ
2937 5198 3000 5265 τῇ
3033 5196 3216 5265 χάριτι
3239 5196 3331 5248 τοῦ
3357 5196 3607 5265 Σωτῆρος
3643 5197 3797 5261 ἡμῶν
3823 5194 4001 5265 Ἰησοῦ

2420 5283 2657 5354 Χριστοῦ
2717 5288 3117 5355 τετειχισμένοι
3173 5286 3411 5347 ἀκλινεῖς
3460 5286 3843 5353 διαμένουςιν·
3879 5286 4002 5337 ὃθεν

2421 5380 2481 5431 οὑ
2514 5378 2619 5448 χρὴ
2642 5377 2941 5447 θαυμάζειν
2962 5418 2976 5440 ,
3008 5378 3157 5430 ὁπότ’
3180 5380 3246 5432 ἂν
3279 5381 3371 5432 καὶ
3394 5380 3627 5448 πληγαῖς
3660 5380 3804 5447 ἡμᾶς
3830 5396 3993 5432 κατα-

2421 5474 2734 5527 κόπτουσιν.
2774 5473 2942 5525 Ὃταν
2975 5474 3083 5542 γὰρ
3112 5473 3199 5526 διά
3234 5472 3343 5525 τῶν
3380 5472 3600 5526 ἐννοιῶν
3630 5473 3725 5523 καὶ
3757 5470 3867 5522 τῶν
3890 5471 4001 5521 λοιο

2424 5566 2539 5617 πῶν
2574 5564 2902 5633 σωματικῶν
2938 5564 3125 5617 παθῶν
3163 5566 3236 5635 μὴ
3268 5566 3557 5634 δυνὰμενοι
3592 5558 3715 5626 ὦσι,
3770 5563 3894 5617 τότε
3930 5563 3997 5615 δι’

2426 5656 2634 5711 ἑαυτῶν
2664 5658 2945 5728 πρόσεισιν
2971 5657 3333 5727 ὲκςροϐοὖντες
3362 5658 3487 5719 τοὺς
3517 5656 3783 5726 ἀσκητάς.
