4218 6482
258 425 395 491 1425

1528 450 1709 508 VITA
1748 448 1810 510 S.
1843 450 2241 518 AUXENTU.

3388 478 3524 538 1426

322 541 444 595 NA'.
472 543 536 596 Οἳ
555 544 877 611 πλειστάκις
911 550 987 620 τῷ
1013 555 1225 625 σημείῳ
1250 555 1342 609 τοῦ
1368 558 1606 629 σταυροῦ
1638 576 1821 631 καταρ·

2020 564 2147 622 LIV.
2188 572 2288 635 Qui
2314 576 2608 641 sa-pissime
2646 578 2801 646 signo
2828 578 3005 632 crucis
3043 584 3296 648 repressi,
3334 584 3527 639 dt-tlenl-

246 630 510 701 γούμενοι
560 635 658 707 τὴν
708 632 881 709 ἦτταν
907 642 1301 727 ’ἀποδύρονται
1358 649 1455 701 καὶ
1488 648 1835 714 ὀλολύζοντες

246 722 598 793 ἀπέρχονται.
670 725 867 798 Ἠμετς
894 722 991 788 οὖν
1044 737 1121 807 μὴ
1162 739 1426 810 ὲνόὦμεν,
1465 742 1709 796 κάκεῖνοι
1746 746 1834 797 ἐν·

246 814 578 885 τρέπονταιο
634 822 798 892 ἡμεῖς
854 826 1215 900 ἀντιστῶμεν,
1276 833 1521 888 κάκεῖνοι
1554 835 1834 889 καταϐάλ-

245 906 430 960 λονται
452 922 467 937 ⁸
497 913 660 982 ἡμεῖς
689 913 781 967 τὸν
814 915 1018 986 Κύριον
1044 921 1513 994 ἐπικαλεσάμεθα,
1556 927 1651 979 καὶ
1684 928 1835 981 πᾶσα

246 999 411 1071 βουλὴ
434 1004 617 1059 αὐτῶν
662 1006 1097 1077 διασκεδάζεται.
1132 1016 1355 1070 Στάδιον
1388 1019 1498 1089 γάρ
1533 1020 1682 1073 ἐστιν
1736 1020 1833 1074 καὶ

242 1093 475 1165 ἄθλησις
501 1099 596 1151 καὶ
623 1102 927 1173 μαρτύριον
948 1106 975 1158 ὁ
1004 1105 1119 1176 βίος
1149 1111 1352 1173 παντὸς
1377 1112 1706 1182 Χριστιανοῦ
1738 1114 1830 1167 τοῦ

244 1187 390 1240 κατά
408 1189 506 1251 τὰς
535 1192 763 1256 ἐντολὰς
787 1195 885 1249 τοῦ
914 1198 1169 1269 Σωτῆρος
1198 1204 1358 1272 ἡμῶν
1387 1208 1830 1275 προαιρουμένου

242 1280 599 1371 πορεύεσθαι,
649 1286 888 1355 μάλιστα
921 1290 978 1344 δέ
1013 1292 1103 1345 τὸν
1139 1295 1198 1346 ἐν
1226 1294 1306 1365 τῷ
1351 1298 1584 1367 μονήρει
1617 1301 1831 1371 σκοπῷ,

240 1369 444 1464 ὡςῗκαὶ
503 1376 532 1428 ὁ
578 1374 903 1464 ’Δᾼπόστολός
947 1399 1135 1452 φησιν,
1187 1385 1270 1440 ὅτι
1319 1389 1434 1443 Οὐκ
1461 1389 1611 1446 ἐστιν
1634 1369 1831 1464 ἡμῖν-ἠ

240 1463 391 1557 πάλη
426 1467 563 1535 προς
591 1462 733 1537 αἷμα
768 1474 863 1527 καὶ
917 1476 1120 1546 σάρκα,
1147 1480 1286 1534 ἀλλά
1318 1484 1460 1551 πρὸς
1488 1486 1588 1549 τὰς
1631 1462 1829 1557 ἀρχάς,

239 1555 382 1624 πρὸς
412 1558 511 1621 τὰς
570 1560 842 1630 ἐξουσίας,
886 1568 1026 1636 πρὸς
1070 1572 1200 1635 τοὺς
1256 1555 1712 1648 κοσμοκράτορας
1728 1555 1828 1633 τοῦ

241 1648 497 1713 σκότους,
534 1653 673 1721 πρὸς
706 1655 775 1709 τά
808 1663 1163 1729 πνευματικά
1192 1664 1289 1735 τῆς
1320 1668 1589 1739 πονηρίας
1616 1687 1630 1701 ο
1680 1688 1826 1744 παρη

240 1741 429 1830 εγγυῶ
454 1742 511 1795 δὲ
551 1745 682 1815 ὑμῖν
718 1748 927 1817 λέγων’
1004 1753 1332 1811 Ἐνδύσασθε
1390 1760 1489 1830 τὴν
1518 1741 1827 1820 πανοπλίαν

238 1828 337 1881 τοῦ
371 1832 509 1885 θεοῦ
542 1835 680 1903 πρὸς
710 1838 770 1891 τὸ
797 1839 1061 1897 δύνασθαι
1111 1828 1454 1918 ἀντιστῆναι.
1487 1854 1603 1916 ταῖς
1661 1856 1825 1923 μεθο-

1944 673 2001 714 se
2024 675 2142 714 esse
2167 664 2359 717 victos.
2400 665 2509 719 Nos
2536 682 2665 735 ergo
2689 682 2754 721 ne
2789 671 3067 733 cedamus,
3088 680 3141 724 et
3162 672 3231 723 illi
3259 672 3524 741 dejiciun-

1943 759 2031 803 ltll‘
2055 767 2067 802 :
2094 767 2191 807 nos
2210 753 2549 821 resistamus,
2582 766 2636 810 et
2662 757 2734 810 illi
2754 768 3103 823 evertuntur;
3127 775 3220 813 nos
3241 762 3523 814 Dominum

1939 844 2273 910 invocemus,
2328 856 2382 901 et
2414 848 2713 918 dissipatur
2768 852 3082 906 universum
3115 867 3305 907 eorum
3340 856 3521 909 cousi-

1936 936 2090 990 lium.
2153 937 2247 992 Est
2297 940 2443 994 enim
2476 942 2733 1007 stadium,
2768 953 3045 996 certamen
3090 955 3143 997 ct
3176 946 3521 1015 martyrium,

1935 1031 2044 1083 vita
2081 1031 2374 1099 cujuslibet
2400 1034 2718 1101 Christiani,
2782 1038 2872 1106 qui
2927 1038 3042 1091 vult
3083 1039 3289 1109 ingredi
3324 1054 3523 1095 conve«

1938 1124 2152 1180 nienter
2186 1129 2471 1197 prmeeptis
2494 1130 2663 1184 nostri
2687 1130 3031 1186 Servatoris:
3065 1141 3118 1187 et
3146 1134 3382 1188 maxime
3405 1132 3522 1201 ejus

1935 1216 2027 1281 qui
2082 1228 2166 1270 cst
2220 1218 2449 1288 insignis
2492 1220 2544 1273 iu
2597 1221 2707 1275 vita
2765 1225 3089 1289 monastica,
3123 1233 3182 1278 ιιι
3212 1225 3342 1278 dicit
3375 1225 3521 1293 Apo-

1935 1310 2107 1364 stolus
2136 1310 2183 1342 ³⁶
2218 1329 2232 1365 :
2264 1330 2282 1362 ι
2317 1310 2436 1365 Νοη
2508 1322 2593 1368 est
2652 1313 2808 1370 nobis
2868 1317 3182 1373 colluctatio
3259 1319 3522 1373 adversus

1935 1405 2254 1474 sanguinem
2310 1415 2367 1462 et
2410 1422 2657 1471 carnem,
2700 1410 2795 1464 sed
2847 1412 3108 1464 adversus
3151 1412 3520 1480 principatus,

1934 1495 2195 1549 adversus
2228 1506 2545 1565 potestates.
2577 1499 2837 1554 adversus
2862 1498 3137 1569 principes
3169 1501 3518 1555 tenebrarum

1931 1586 2119 1640 mundi
2155 1588 2335 1657 hujus.
2374 1607 2392 1640 ι
2433 1588 2698 1657 Prmcipio
2743 1598 2923 1643 autem
2952 1592 3129 1657 vobis,
3164 1591 3392 1646 dicens:
3431 1593 3515 1646 lu—

1932 1679 2080 1733 duite
2107 1690 2442 1734 armaturam
2474 1682 2566 1736 Dei
2600 1694 2658 1735 ut
2716 1683 2936 1751 possitis
3000 1686 3253 1739 resistere
3304 1685 3516 1739 insidiis

1932 1771 2155 1835 diaboli,
2190 1782 2243 1825 et
2275 1772 2503 1827 loricam
2571 1774 2715 1837 tidei,
2746 1785 2801 1828 et
2828 1775 3035 1844 galeam
3070 1776 3285 1841 salutis,
3313 1787 3367 1830 et
3402 1777 3517 1845 gla-

1933 1862 2078 1916 dium
2118 1865 2341 1931 spiritue
2394 1866 2551 1921 docet
2597 1867 2711 1934 ipse
2737 1867 2780 1898 ³¹
2810 1881 2908 1921 nos
2958 1869 3238 1936 possidere
3272 1886 3285 1921 ;
3322 1882 3379 1921 ut
3424 1886 3517 1936 per

236 1922 411 1987 δείαις
439 1925 533 1980 τοῦ
564 1929 837 1999 διαϐόλου,
862 1936 958 1988 καὶ
990 1938 1081 1991 τὸν
1105 1940 1333 2006 θώρακα
1355 1942 1412 1996 δὲ
1433 1946 1531 2013 τῆς
1564 1922 1821 2014 πίστεως,

1934 1961 2048 2012 tunc
2077 1959 2272 2013 invicta
2322 1973 2495 2023 arma,
2526 1974 2645 2027 qua:
2673 1975 2782 2015 non
2828 1960 3030 2015 cadunt
3063 1964 3165 2015 sub
3210 1972 3513 2030 aspectum,

238 2015 335 2067 καὶ
364 2015 462 2086 τὴν
498 2023 939 2091 περικεφαλαίαν
965 2028 1059 2081 τοῦ
1103 2033 1398 2104 σωτηρίου,
1439 2040 1534 2091 καὶ
1586 2039 1686 2112 τὴν
1723 2043 1830 2110 μά·

236 2123 437 2178 χαιραν
496 2112 593 2165 τοῦ
663 2116 978 2186 πνεύματος
1043 2123 1207 2188 αὐτὸς
1264 2127 1504 2184 διδάσκει
1562 2134 1827 2205 ἐκτῆσθαι

233 2200 410 2268 ἡμᾶς,
459 2202 602 2258 ὥστε
637 2207 728 2261 διά
773 2210 884 2264 τῶν
910 2215 1170 2269 τοιούτων
1212 2220 1465 2292 ἀοράτων
1494 2226 1588 2279 καὶ
1617 2200 1823 2299 ἀηττή-

232 2308 346 2391 των
377 2295 562 2351 ὃπλων
598 2301 1171 2375 ἀντιπαρατάττεσθαι
1207 2315 1359 2383 ἡμᾶς
1412 2320 1525 2382 τοῖς
1572 2295 1826 2391 ἀοράτοις

232 2384 538 2485 λογισμοῖς,
566 2392 661 2445 καλ⁸
686 2395 774 2447 διὰ
797 2397 1005 2454 τούτων
1034 2404 1147 2467 τοῖς
1183 2405 1422 2476 ἐχθροῖς,
1460 2410 1607 2465 καθά
1634 2384 1823 2485 ιρησιν,

232 2478 531 2552 λογισμοὺς
565 2484 964 2560 καθαιροῦντες
994 2495 1090 2548 καὶ
1121 2500 1231 2550 πᾶν
1287 2498 1490 2571 ὖψωμα
1524 2478 1827 2576 ἐπαιρομεξ-

230 2588 326 2624 νον
374 2576 520 2629 κατά
573 2580 677 2648 τῆς
733 2581 993 2649 γνώσεως
1045 2588 1142 2641 τοῦ
1174 2590 1312 2645 Θεοῦ
1358 2595 1452 2646 καὶ
1503 2598 1613 2649 πᾶν
1645 2598 1823 2669 νόημα

230 2664 739 2736 αἰχμαλωτίζοντες
793 2676 875 2738 εἰς
898 2680 999 2746 τὴν
1031 2680 1283 2754 ὑπακοὴν
1326 2686 1423 2738 τοῦ
1453 2688 1692 2758 Χριστοῦ
1726 2664 1821 2748 τοῦ

230 2758 497 2850 νικῷντος
537 2764 626 2818 ἀεὶ
657 2767 715 2820 ἐν
749 2770 816 2840 τῇ
850 2772 1100 2845 ἡμετέρᾳ
1146 2774 1405 2850 ἀσθενείᾳ
1432 2783 1492 2835 τὸ
1512 2784 1823 2841 διαϐολικὺν

230 2847 435 2945 θράσος
464 2854 576 2945 Δκαὶ.
636 2855 712 2925 μὴ
780 2863 1195 2931 συγχωροῦντος
1255 2847 1618 2939 πειράζεσθαι
1671 2876 1821 2945 ἡμᾶς

230 2937 378 3033 ύπὲρ
398 2940 427 2992 δ
458 2942 761 3013 δυνάμεθα,
807 2950 945 3003 ἀλλὰ
999 2956 1336 3027 παρέχοντος
1357 2937 1467 3033 τὴν
1490 2937 1725 3020 ἔκϐασιν.
1749 2937 1818 3024 διλ

230 3029 537 3126 ὑπομονῆς,
563 3037 697 3105 προς
728 3041 788 3093 τὸ
818 3041 1077 3099 δύνασθαι
1102 3051 1248 3118 ἡμᾶς
1281 3029 1627 3126 ὑπενεγκεῖν.
1653 3062 1817 3117 Ἀνευ

229 3124 343 3193 γὰρ
369 3126 469 3227 τῆς
503 3128 669 3227 αύτοῦ
703 3132 958 3203 βοηθείας
987 3139 1236 3206 ἀσθενεῖς
1271 3147 1433 3216 ἡμεῖς
1462 3124 1559 3204 καὶ
1588 3140 1814 3227 ἀνίσχυιπ

1932 2054 2251 2105 resistamus
2277 2051 2703 2122 cogitationibus
2755 2067 2874 2121 qum
2907 2053 3076 2106 videri
3125 2065 3420 2121 nequeunt,
3462 2064 3517 2107 ct

1930 2158 2025 2210 per
2056 2158 2149 2198 eas
2201 2141 2476 2207 inimicis,
2536 2143 2811 2210 quomodo
2865 2142 2998 2196 dicit
3028 2141 3072 2172 ³³
3103 2161 3115 2196 :
3143 2143 3513 2213 Cogitationes

1929 2236 2270 2288 destruentes
2302 2242 2355 2288 ct
2419 2248 2634 2288 onmem
2688 2234 3052 2300 altitudinem,
3123 2250 3239 2307 qua:
3288 2236 3513 2306 erigitur

1928 2326 2193 2380 adversus
2254 2324 2347 2378 Dei
2397 2325 2782 2391 scientiam,et
2834 2341 3049 2380 omnem
3082 2326 3379 2396 cogitatum
3412 2342 3508 2380 ca-

1928 2418 2196 2489 ptivantes
2222 2420 2287 2473 ad
2315 2418 2516 2473 Christi
2550 2419 2941 2485 obedientiam,
2973 2420 3066 2489 qui
3095 2435 3311 2489 semper
3342 2420 3513 2475 vincit

1927 2514 1981 2567 in
2015 2523 2199 2567 nostra
2223 2512 2598 2567 imbecillitate
2629 2513 2949 2566 diabolicam
2981 2512 3290 2576 audaciam,
3325 2524 3378 2567 et
3402 2530 3505 2569 non

1925 2604 2194 2676 permittit
2226 2618 2324 2658 nos
2375 2605 2573 2658 tentari
2611 2619 2772 2672 supra
2809 2604 2862 2659 id
2900 2604 3042 2673 quod
3076 2620 3383 2672 possumus.
3415 2607 3508 2661 sed

1924 2697 2129 2769 prtebet
2176 2707 2429 2753 eventum
2478 2711 2574 2763 per
2621 2697 2989 2762 tolerantiam,
3022 2710 3081 2752 ut
3113 2713 3209 2753 nos
3238 2699 3510 2766 possimus

1924 2791 2213 2844 sustinere.
2269 2788 2406 2843 Nam
2444 2789 2651 2857 absque
2704 2788 2822 2859 ejus
2850 2790 3053 2845 auxilio
3094 2806 3193 2844 nos
3225 2791 3423 2845 intirmi
3453 2801 3510 2845 et

1924 2882 2201 2947 imbecilli,
2236 2891 2290 2935 et
2314 2880 2594 2949 quibusvis
2616 2880 2925 2935 volucribus
2954 2891 3008 2936 ct
3032 2882 3326 2951 pecudibus
3344 2892 3503 2950 captu

1922 2975 2217 3029 faciliores.
2244 2973 2457 3042 Dignati
2485 2985 2667 3027 autem
2698 2974 2819 3042 ejus
2846 2975 3071 3039 auxilio,
3103 2975 3193 3043 qui
3224 2974 3499 3035 imbecilli.

1924 3067 2130 3123 Iertes:
2172 3066 2264 3137 qui
2296 3066 2515 3135 ahjeCti,
2553 3065 2772 3134 gloriosi
2801 3083 2815 3119 :
2848 3066 2937 3135 qui
2978 3067 3200 3128 terreni,
3227 3067 3507 3132 cmlestes,

1921 3161 2011 3232 qui
2045 3159 2325 3222 mortales,
2373 3158 2708 3212 immortales
2758 3159 3039 3212 reddimur
3070 3174 3165 3227 por
3202 3159 3504 3213 multitudi-

234 3231 341 3283 ροι,
383 3219 479 3270 καὶ
501 3220 721 3277 πάντων
759 3227 947 3295 σχεδὸν
982 3232 1201 3303 πτηνῶν
1224 3240 1319 3290 καὶ
1364 3242 1579 3311 κτηνῶν
1602 3219 1816 3301 aeui-(9-

234 3326 250 3332 _
266 3308 349 3332 1..-
369 3328 386 3332 _
399 3327 440 3332 -_
466 3329 478 3332 _
553 3315 568 3332 ρ
587 3314 608 3332 Ρ
682 3316 693 3330 ο
934 3321 973 3332 -.
1053 3325 1075 3332 -
1219 3329 1230 3332 _
1313 3330 1326 3332 _

1929 3269 2041 3306 nem
2072 3253 2191 3322 ejus
2225 3250 2656 3315 miserationum,
2693 3263 2750 3305 et
2790 3251 2981 3304 αξιοῐηὶ
3042 3252 3189 3320 regni
3261 3252 3505 3305 btet-edes

225 3308 479 3377 τότεροι·
543 3314 859 3386 ἀξιούμενοι
929 3321 984 3375 δὲ
1018 3325 1118 3393 τῆς
1171 3329 1339 3382 αὑτοῦ
1384 3335 1737 3410 ἐπικουρείας
1769 3346 1819 3397 oi

1928 3344 2213 3399 ellicimur.

226 3401 481 3508 ἀσθενεῖς
513 3407 743 3479 ἰσχυροὶ,
776 3414 826 3464 οἱ
862 3415 1050 3486 ἄτιμοι
1076 3419 1300 3491 ἔνδοξοι,
1336 3428 1388 3479 ot
1426 3401 1607 3500 γήϊνοι
1650 3401 1987 3508 ἐπουράνιοι,
2055 3437 2104 3488 οἱ
2164 3435 2351 3505 θνητοὶ
2380 3434 2642 3488 ἀθάνατοι
2660 3436 2799 3488 κατὰ
2832 3435 2891 3486 τδ
2917 3435 3119 3504 πλῆθος
3185 3434 3293 3488 τῶν
3333 3431 3500 3488 αὐτοῦ

225 3498 538 3571 οἰκτιρμῶν
595 3506 1033 3582 ἀναδεικνύμεθα
1087 3518 1181 3572 καὶ
1216 3498 1547 3597 κληρονόμοι
1596 3498 1819 3587 αἰωνίου
1862 3498 2143 3605 βασιλείας
2165 3498 2457 3604 τιν-ἀμεθαο

1697 3690 1928 3749 CAPUT
1963 3692 2056 3747 IX.

224 3779 418 3834 Cultus
442 3782 700 3843 divinusa
731 3788 792 3844 S.
819 3792 1082 3848 Auxentio
1131 3798 1250 3853 aliis
1280 3805 1645 3871 pra’scrt'plus.
1669 3811 1813 3865 Mors
1851 3810 1909 3866 S.
1962 3809 2220 3865 Simeonis
2248 3807 2481 3878 Stylitw,
2518 3810 2737 3881 aliaque
2791 3811 3045 3866 revelata.
3114 3808 3501 3863 Monasterium

1484 3880 1948 3935 sanctimonalium
1984 3883 2268 3947 inceptum.

299 3967 426 4062 ΝΕῘ.
500 3970 725 4038 ’ἱκανῶς
775 3976 953 4030 τοίνυν
1028 3981 1407 4055 ὠφελούμενοι
1471 3992 1519 4042 ot
1581 3992 1821 4062 γνησίως

224 4058 595 4130 ἀκροώμενοι,
621 4066 905 4135 χαίροντες
933 4071 1232 4143 κατῄεισαν
1258 4058 1712 4149 εὐχαριστοῦντες
1742 4081 1821 4152 τῷ

223 4153 477 4226 Δεσπὸτῃ
506 4154 615 4208 τῶν
642 4157 782 4211 ὅλων
810 4162 905 4212 καὶ
927 4162 1116 4233 Κυρίῳ
1140 4166 1299 4234 ἡμῶν
1343 4170 1518 4239 Ἰησοῦ
1561 4173 1781 4245 Χριστῷ
1801 4192 1817 4209 ·

228 4243 325 4295 καὶ
361 4244 522 4298 τοῦτο
550 4246 609 4299 δὲ
647 4249 999 4320 ἀπήγγελλεν
1034 4257 1062 4307 ὁ
1112 4259 1406 4331 μακάριος,
1435 4261 1511 4325 ὥς
1547 4265 1622 4335 μὴ
1657 4243 1818 4334 μόνον

225 4335 328 4404 τὴν
360 4338 669 4411 Κυριακὴν,
702 4343 836 4397 ἀλλά
873 4346 969 4399 καὶ
1003 4351 1104 4418 τὴν
1132 4355 1496 4425 παρασκευὴν
1528 4358 1649 4411 καθ’
1682 4360 1812 4414 ἐκά-

227 4444 365 4499 στην
392 4429 665 4501 ἑϐδομάδα
692 4436 1001 4505 σχολάζειν,
1033 4441 1082 4493 εί
1134 4442 1381 4510 δυνατὸν,
1416 4447 1654 4516 μάλιστα
1684 4452 1812 4516 τοὺς

222 4520 597 4615 εὐποροῦντας
628 4525 727 4595 τῆς
766 4531 1050 4600 ἐφημέρου
1084 4536 1314 4605 τροφῆς,
1368 4539 1468 4608 τὴν
1499 4542 1599 4609 μὲν
1628 4544 1685 4595 ἐν
1718 4562 1810 4615 νη-

1999 3990 2112 4046 LV.
2145 3990 2281 4046 Cum
2337 3993 2472 4047 satis
2510 4007 2642 4062 ergo
2670 3992 2922 4048 utilitatis
2979 3993 3375 4063 percepissent,
3405 3998 3497 4065 qui

1920 4084 2154 4150 ingenue
2211 4084 2550 4149 audiebant,
2623 4083 2729 4138 lacti
2806 4084 3238 4149 descenderunt,
3295 4089 3500 4154 gratias

1917 4184 2139 4242 agentes
2177 4174 2554 4228 universorum
2585 4173 2817 4227 Domino
2868 4185 3055 4228 nostro
3092 4174 3218 4231 Jesu
3247 4177 3487 4231 Christo.

1915 4264 2086 4318 Porro
2112 4275 2288 4317 autem
2325 4265 2428 4317 hoc
2444 4279 2660 4333 quoque
2689 4266 3036 4335 praecipiebat
3060 4267 3281 4333 Beatus,
3308 4278 3493 4323 utnon

1915 4355 2088 4409 solum
2119 4356 2204 4410 die
2226 4355 2530 4419 Dominico,
2564 4356 2657 4411 sed
2692 4358 2854 4411 etiam
2892 4358 2981 4415 die
3028 4359 3355 4415 Parasccvcs
3378 4361 3497 4415 sin-

1916 4446 2056 4518 gulis
2088 4446 2440 4503 hebdomadis
2467 4447 2820 4519 feriarentur,
2859 4449 2909 4505 si
2956 4460 3142 4520 posset
3173 4452 3290 4507 ﬁeri
3320 4468 3340 4507 :
3374 4467 3495 4506 ma-

1916 4538 2063 4593 xime
2123 4540 2323 4607 quibus
2374 4541 2721 4609 quotidianus
2760 4541 2939 4597 victus
2969 4544 3181 4599 abunde
3206 4545 3447 4613 suppetit
3475 4564 3490 4599 :

222 4612 381 4679 στεία
421 4615 515 4666 καὶ
546 4623 825 4690 προσευχῇ
857 4621 945 4675 διὰ
975 4622 1035 4675 τὸ
1068 4625 1237 4689 πάθος
1264 4628 1359 4681 τοῦ
1402 4630 1681 4703 Σωτῆρος,
1712 4611 1812 4704 τὴν

1934 4649 2058 4686 tttttc
2090 4635 2307 4701 quidem
2348 4632 2402 4686 in
2431 4632 2644 4702 jejunio
2673 4643 2726 4689 et
2756 4636 3090 4704 precatione,
3114 4611 3337 4705 propter
3369 4653 3492 4708 pas-

218 4703 277 4755 δὲ
303 4706 363 4757 ἐν
402 4708 609 4779 εὐωχία
641 4712 735 4763 καὶ
756 4716 821 4783 τῇ
869 4714 979 4767 τῶν
1011 4720 1326 4789 μυστηρίων
1355 4726 1673 4794 μεταλεὶψει
1722 4703 1812 4782 διὰ

219 4797 325 4865 τὴν
358 4798 527 4851 αὑτοῦ
572 4803 910 4858 ἀνάστασιν
950 4808 1142 4880 διόπερ
1188 4812 1243 4864 εί
1273 4827 1403 4867 ποτε
1429 4819 1631 4888 συνέϐη
1669 4822 1813 4873 οἰκο-

218 4887 397 4958 δομῆς
428 4890 593 4945 ἕνεκα
630 4894 869 4963 ἐργάτας
904 4897 1051 4967 ἔχειν
1078 4902 1243 4956 αὐτὸν
1273 4904 1303 4976 ἢ
1332 4905 1426 4959 καὶ
1452 4907 1543 4959 τὸν
1565 4887 1812 4980 διάδοχον

222 4982 409 5047 αὑτοῦ,
436 4987 566 5054 περὶ
587 4980 647 5040 οὗ
673 4990 814 5041 κατὰ
841 4989 1026 5061 χώραν
1050 4995 1331 5065 εἰροῦμεν,
1355 5000 1455 5063 τὰς
1481 5000 1575 5054 δύο
1605 5003 1811 5067 ταύτας

224 5074 445 5143 ἡμέρας
476 5077 757 5147 σχολάζειν
782 5083 1099 5150 ἐπέταττεν,
1122 5091 1189 5159 τῇ
1228 5089 1325 5156 μέν
1359 5097 1683 5167 παρασκευῇ
1715 5096 1813 5149 σὺν

221 5164 302 5233 τῷ
345 5167 665 5237 ἀναλώματι
722 5173 938 5227 καὶτὸν
990 5178 1183 5247 μισθὸν
1234 5181 1589 5252 παρέχοντες,
1755 5188 1811 5242 δὲ

218 5259 480 5331 κυριακῇ
526 5263 587 5316 τὸ
631 5264 895 5337 ἀνάλωμα
927 5270 1090 5338 μόνον
1111 5287 1124 5300 ·
1155 5275 1582 5349 ἐπιφωσκούσης
1623 5280 1680 5333 δὲ
1711 5282 1807 5353 τῆς

219 5350 439 5421 ἡμέρας
461 5354 570 5406 τῶν
600 5356 895 5413 Σαϐϐάτων
918 5380 1044 5427 τους
1068 5366 1322 5436 συνήθεις
1349 5371 1485 5437 μετά
1516 5372 1626 5423 τῶν
1654 5350 1804 5443 εὑρι-

221 5446 508 5514 σκομένων
536 5449 566 5500 ὁ
588 5449 778 5522 Πατὴρ
806 5457 1151 5526 παννυχίζων
1168 5460 1471 5531 ἀγρυπνεῖν
1498 5464 1801 5519 ἐκελεύετο.

289 5626 435 5693 NG”.
479 5628 633 5682 Κατὰ
656 5628 749 5683 οῦν
769 5631 829 5684 τὸ
856 5633 1046 5699 εἰωθὸς
1076 5636 1134 5688 ἐν
1172 5640 1270 5707 μιᾷ
1297 5639 1405 5691 τῶν
1436 5643 1803 5714 παννυχίδων,

215 5718 389 5772 αύηεοῦ
413 5718 562 5774 ἔνδον
594 5725 1039 5796 προσευχομένου
1068 5729 1159 5782 καὶ
1190 5730 1301 5784 τῶν
1343 5731 1549 5786 λοιπῶν
1601 5734 1801 5800 ἔξωθεν

231 5856 238 5862 ’
293 5881 340 5915 to
379 5878 808 5951 ενιιεε.νι,ιε.
889 5885 1099 5942 "Ibid.
1185 5888 1298 5943 "Il
1342 5886 1467 5945 Cor.
1500 5906 1553 5958 χ,
1587 5891 1636 5946 s.

1910 4724 2116 4776 sionem
2160 4721 2469 4778 Servatoris
2497 4740 2512 4790 ;
2540 4724 2689 4779 illum
2718 4736 2900 4780 autem
2929 4727 2983 4780 in
3035 4728 3287 4782 convivio
3313 4739 3365 4782 et
3394 4744 3486 4782 sa-

1908 4824 2310 4868 cramentorum
2366 4816 2808 4885 participatione,
2842 4827 3065 4886 propter
3101 4820 3220 4888 ejus
3244 4834 3491 4875 resurre-

1910 4905 2167 4961 ctiouem.
2223 4906 2586 4971 Quamobrem
2618 4909 2663 4963 si
2714 4909 2931 4978 quando
2956 4909 3275 4980 contigisset
3303 4912 3482 4982 ipsum

1914 4998 2117 5053 habere
2159 5001 2461 5069 operarios,
2489 5010 2582 5055 aut
2634 5002 2801 5055 etiam
2835 5001 2954 5068 ejus
2982 5018 3381 5069 successorem,
3421 5005 3489 5059 de

1912 5107 2021 5160 quo
2076 5106 2175 5145 suo
2229 5091 2348 5146 loco
2378 5093 2643 5158 dicemus,
2679 5093 2778 5149 hos
2820 5095 2956 5150 duos
2979 5094 3096 5149 dies
3114 5095 3377 5166 jubebant
3405 5097 3485 5151 fe-

1913 5184 2038 5239 riari
2073 5203 2088 5237 :
2128 5184 2217 5239 die
2242 5185 2461 5254 quidem
2520 5187 2849 5242 Parasceves
2881 5202 3003 5241 cum
3051 5187 3313 5259 impensis
3337 5204 3484 5244 mer-

1909 5277 2094 5331 cedem
2138 5289 2355 5345 quoque
2404 5279 2727 5347 praebentes,
2756 5278 3039 5336 Dominico
3067 5290 3248 5338 autem
3306 5283 3482 5338 solum

1909 5369 2202 5435 impensas.
2250 5367 2600 5425 lllncescente
2628 5385 2757 5425 vero
2785 5371 2873 5427 die
2911 5372 3289 5438 Sabbatorum,
3326 5374 3484 5429 tami-

1908 5460 2072 5515 llares
2100 5476 2228 5516 suos
2252 5478 2375 5517 cum
2406 5463 2471 5517 iis
2491 5464 2582 5533 qui
2608 5464 3039 5533 inveniebantur,
3067 5465 3229 5523 Pater
3253 5468 3481 5538 jubebat

1910 5563 2020 5607 tota
2057 5564 2215 5610 nocte
2246 5556 2488 5626 vigilare.

1980 5646 2117 5704 LVl.
2138 5649 2273 5703 Cum
2301 5652 2367 5706 de
2393 5664 2545 5707 more
2580 5666 2704 5724 ergo
2729 5654 2781 5708 in
2805 5654 3039 5725 quadam
3063 5657 3485 5728 nocturna-vigi-

1906 5742 1974 5794 lia
1996 5741 2108 5811 ipse
2127 5742 2270 5799 intus
2291 5757 2602 5813 precaretur
2631 5755 2684 5801 et
2720 5746 2912 5819 reliqui
2930 5747 3064 5805 toris
3084 5757 3481 5820 permanerent,
