4218 6482
679 397 812 462 1427

1871 396 2154 457 MENSIS
2192 398 2709 463 FEBIIUAIIIUS.

3809 399 3953 468 14528

675 522 863 585 aperta
884 512 1117 568 fenesua
1146 512 1367 576 Beatus,
1405 527 1550 577 cum,
1581 530 1600 564 ι
1634 510 1955 567 Benedictus
1991 512 2249 568 Dominus
2279 518 2326 577 Α

2285 518 2326 577 Α
2354 516 2580 571 ἀΰπνων
2610 517 3026 581 διατελούντων,
3062 516 3284 582 ἀνοίξας
3317 516 3378 569 τὸ
3407 515 3646 585 θυρίδιον
3697 518 3725 570 δ
3757 522 3951 587 μακά-

677 605 844 670 Deus,
869 623 888 656 ι
927 614 1008 660 ter
1037 606 1388 659 vehementer
1438 603 1689 671 dixisset,
1723 613 1776 659 et
1815 605 2164 675 suspirasset,
2196 615 2253 660 et

678 706 840 767 caput
902 696 954 750 in
1010 708 1209 751 terram
1260 694 1599 762 inclinasset,
1659 697 1829 751 dicit:
1864 696 2017 763 Quod
2050 698 2249 752 eratin

677 786 904 843 Oriente
929 788 1220 854 luminare,
1259 803 1292 843 ο
1318 788 1685 860 filii,Symeon
1723 788 1885 844 Pater
1910 797 2098 845 noster
2127 790 2254 844 ἀοι-α

677 883 818 937 miit.
845 881 977 935 Cum
1013 880 1051 935 ii
1108 890 1289 936 autem
1334 891 1554 951 propter
1601 881 1954 950 psalmodiam
1992 896 2100 935 non
2129 895 2255 935 sen-

676 976 898 1041 sissent,
930 975 1073 1044 quod
1120 976 1321 1030 dictum
1378 974 1579 1037 fuerat,
1635 974 1787 1029 valde
1841 973 1976 1029 ﬂens
2039 974 2251 1040 Beatus,

678 1083 866 1123 rursus
932 1068 1064 1123 dicit
1095 1068 1172 1123 eis
1202 1086 1214 1123 :
1243 1068 1480 1123 Sanetus
1530 1067 1693 1121 Pater
1747 1076 1953 1131 noster,
2001 1065 2255 1120 Ecclesiae

678 1161 929 1214 columna
950 1169 1002 1214 et
1019 1161 1440 1224 ﬁrmamentum,
1469 1159 1704 1230 Symeon
1725 1160 2009 1229 requievit,
2028 1168 2082 1214 et
2121 1159 2253 1214 nulli

678 1251 851 1320 culpa:
878 1251 1053 1305 atlinis
1082 1262 1136 1305 et
1188 1252 1386 1306 munda
1420 1253 1539 1321 ejus
1595 1253 1775 1305 anima
1808 1267 1892 1307 me
1928 1252 2167 1307 inutilem
2201 1262 2254 1306 et

680 1343 931 1399 sordibus
962 1344 1327 1415 inquinatum,
1361 1360 1467 1399 non
1499 1353 1581 1398 est
1611 1344 1897 1413 dedignata
1938 1343 2255 1414 praeteriens

679 1436 939 1491 salutare.
1005 1435 1130 1491 Ηεεο
1184 1451 1307 1490 cum
1371 1436 1671 1489 audiissent
1730 1444 1787 1489 et
1851 1435 2003 1490 Valde
2076 1442 2258 1490 essent

680 1525 940 1596 perculsi,
977 1541 1083 1579 non
1112 1534 1404 1594 potuerunt
1450 1526 1797 1593 respondere,
1830 1525 1923 1579 sed
1962 1524 2253 1588 siluerunt,

683 1621 960 1689 signantes
988 1628 1199 1672 noctem
1228 1618 1404 1686 inqua
1440 1618 1557 1672 haec
1583 1619 1723 1672 dicta
1749 1617 1984 1672 fuerant.
2003 1616 2136 1672 Cum
2160 1632 2257 1670 au-

683 1722 790 1766 ten:
824 1712 1009 1780 paucis
1036 1719 1157 1780 post
1180 1711 1369 1765 diebus
1421 1709 1520 1765 hoc
1560 1710 1625 1764 ad
1675 1710 1823 1779 pium
1877 1710 2255 1776 imperatorem

680 1804 917 1858 Leonem
953 1803 1007 1858 in
1035 1802 1302 1871 principio
1343 1802 1425 1856 sui
1490 1800 1701 1869 imperii
1736 1800 1961 1853 relatum
1995 1804 2160 1861 esset,
2201 1804 2256 1850 et

2357 622 2473 674 ριος
2494 608 2585 658 καὶ
2616 609 2696 671 τὸ,
2733 606 3041 677 Εὐλογητὸς
3066 606 3291 675 Κύριος,
3331 605 3575 677 είρηκὼς
3609 609 3701 660 ἐπὶ
3730 610 3949 677 τρίτον,

2358 699 2604 769 σφοδρῶς
2636 698 2900 762 στενάξας
2932 699 3027 752 καὶ
3062 700 3164 769 τὴν
3200 698 3447 769 κεφαλὴν
3491 699 3678 762 κλίνας
3710 700 3946 769 ἔφησεν,

2379 790 2438 844 '0
2455 792 2513 843 ὲν
2536 794 2602 862 τῇ
2633 790 2888 863 Ἀνατολῇ
2904 791 3152 862 φωστὴρ,
3173 784 3218 843 ὦ
3238 791 3422 855 τέκνα,
3453 792 3679 860 Συμεὼν
3703 793 3733 844 ὁ
3759 794 3949 863 πατὴρ

2359 882 2520 953 ὴμῶν
2560 884 2911 954 κεκοίμηται.
2957 884 3080 935 Τῶν
3134 884 3190 936 δὲ
3219 882 3310 936 διὰ
3343 884 3446 952 τὴν
3504 883 3833 954 ψαλμῳδίαν
3866 885 3947 954 μὴ

2355 974 2693 1044 αἰσθομένων
2717 977 2776 1029 τὸ
2805 974 2991 1046 ῥηθὲν,
3029 974 3294 1029 ἔκλαυσεν
3325 976 3353 1027 ὁ
3388 976 3657 1043 μακάριος
3684 976 3782 1027 ἐπὶ
3820 975 3949 1026 ἱκα-

2355 1068 2445 1121 νόν
2463 1084 2477 1098 ·
2508 1069 2877 1137 παυσαμένων
2901 1067 2957 1120 δὲ
2981 1066 3161 1120 αὐτῶν
3186 1066 3353 1121 πάλιν
3381 1066 3555 1134 λέγει,
3594 1068 3653 1119 ’0
3677 1068 3736 1118 ὲν
3763 1067 3948 1133 ἁγίοις

2357 1159 2549 1228 Πατὴρ
2584 1160 2740 1228 ἡμῶν
2768 1162 2795 1213 ὁ
2823 1158 3012 1221 στύλος
3029 1157 3127 1211 καὶ
3157 1158 3217 1210 τὸ
3237 1158 3520 1227 ἑδραίωμα
3556 1160 3655 1227 τῆς
3681 1157 3949 1227 ἀληθείας

2358 1248 2582 1319 Συμεὼν
2636 1251 3008 1314 ἀνεπαύσατο,
3061 1249 3158 1303 καὶ
3227 1250 3518 1318 ἡάμωμος
3577 1250 3669 1301 καὶ
3725 1248 3950 1318 καθαρά

2356 1342 2523 1394 αὑτοῦ
2572 1341 2718 1412 ψυχὴ
2752 1342 2853 1410 ἐμὲ
2899 1342 2991 1394 τὸν
3025 1342 3243 1411 ἀχρεῖον
3274 1341 3367 1393 καὶ¹
3412 1341 3806 1411 ὲρρυπωμένον
3839 1342 3946 1392 οὐκ

2357 1433 2672 1504 ἀπηξίωσεν
2716 1433 2971 1502 φθάσασα
3007 1433 3496 1486 κατασπάσασθαι.
3561 1433 3744 1486 Ταῦτα
3777 1431 3950 1485 ἀκούο

2359 1539 2552 1586 σαντες
2586 1526 2679 1576 καὶ
2730 1524 2982 1593 μεγάλως
3009 1525 3410 1593 τρομάσαντες,
3439 1524 3809 1593 ἀποκριθῆναι
3846 1524 3949 1593 μὲν

2356 1616 2454 1667 οὐκ
2486 1615 2817 1685 ἐτόλμησαν,
2866 1616 3068 1685 μᾶλλον
3108 1616 3165 1668 δὲ
3196 1615 3499 1686 ἡσύχασαν,
3536 1617 3637 1685 τὴν
3667 1616 3820 1685 ὤραν
3852 1618 3951 1667 καὶ

2356 1706 2455 1778 τὴν
2482 1707 2654 1761 νύκτα
2681 1708 3154 1778 σημειωσάμενοι,
3183 1709 3241 1760 έν
3270 1702 3495 1780 ᾖταῦτα
3518 1708 3733 1778 ἐλέχθη.
3770 1710 3861 1770 Ὠς
3888 1709 3949 1760 δὲ

2362 1802 2479 1870 μετ’
2504 1800 2693 1869 ὀλίγας
2725 1801 2941 1872 ἡμέρας
2976 1802 3009 1871 ὴ
3044 1801 3173 1871 περὶ
3220 1801 3415 1855 τούτου
3444 1802 3693 1871 ἀναφορὰ
3724 1802 3817 1853 τὸν
3854 1802 3949 1853 εὖ·

681 1897 932 1951 omnibus
977 1896 1030 1949 id
1084 1903 1229 1950 esset
1289 1905 1499 1959 notum,
1560 1893 1849 1960 diligenter
1900 1890 2127 1945 scrutati
2161 1888 2253 1958 qui
2286 1875 2329 1930 Β

2286 1875 2329 1930 Β
2361 1894 2688 1947 σεϐέστατον
2725 1892 2951 1962 βασιλέα
2983 1894 3042 1945 ὲν
3086 1894 3210 1954 ταῖς
3235 1894 3434 1962 ἀρχαῖς
3464 1892 3629 1946 αὐτοῦ
3672 1890 3946 1945 κατέλαϐε

682 1988 1021 2055 audiverant,
1049 1989 1373 2043 invenerunt
1406 1987 1573 2042 fuisse
1604 1999 1809 2040 eertum
1855 1985 1995 2052 quod
2020 1982 2254 2038 Sanetus

682 2079 916 2142 dixerat,
959 2088 1017 2133 nt
1068 2080 1208 2147 quod
1263 2079 1442 2133 divina
1470 2077 1641 2147 gratia
1676 2075 2013 2146 praedixisset
2042 2089 2138 2143 per
2171 2088 2257 2128 re-

680 2170 1007 2226 velationem
1058 2172 1110 2226 in
1194 2171 1661 2225 consummatione
1715 2169 1887 2223 sancti
1949 2166 2254 2238 Symeonis.

683 2260 856 2315 Valde
885 2276 1015 2330 ergo
1044 2259 1405 2329 obstupefacti
1435 2270 1490 2314 et
1547 2258 1714 2313 Deum
1775 2259 2160 2329 gloritieantes,
2202 2256 2255 2310 in

682 2353 787 2409 hoc
822 2367 1034 2423 quoque
1062 2352 1204 2408 docti
1241 2354 1409 2417 fuere,
1436 2351 1600 2406 Deum
1633 2365 1790 2421 posse
1818 2350 2018 2406 omnia.

755 2530 914 2586 LVII.
947 2530 1100 2598 Quod
1146 2546 1275 2585 vero
1327 2530 1438 2584 hmc
1486 2544 1515 2583 a
1551 2528 1727 2595 nobis,
1773 2544 1881 2583 non
1940 2526 2050 2583 sola
2101 2526 2259 2581 motis

684 2626 1023 2694 conjectura,
1050 2624 1191 2677 dicta
1227 2624 1356 2687 sint,
1388 2622 1480 2677 sed
1523 2638 1642 2690 quae
1682 2619 2094 2674 accuratissime
2123 2618 2261 2672 didi-

684 2718 860 2773 cimus
889 2717 956 2771 ab
986 2732 1092 2770 uno
1123 2715 1189 2769 ab
1217 2715 1335 2785 ejus
1365 2714 1719 2776 administris,
1750 2727 1810 2767 ea
1856 2712 2019 2767 etiam
2077 2726 2261 2779 perse-

685 2809 797 2865 cuti
855 2823 1059 2863 sumus.
1115 2807 1283 2861 Nemo
1333 2822 1462 2878 ergo
1492 2806 1741 2872 dubitet;
1778 2820 1897 2859 nam
1949 2806 2037 2874 qui
2067 2820 2166 2859 nos
2194 2803 2262 2859 de

685 2904 791 2957 hoc
814 2901 1090 2964 instruxit,
1115 2910 1233 2955 erat
1263 2900 1479 2969 quidem
1512 2900 1692 2969 lingua
1749 2898 2034 2963 barbarus,
2068 2906 2124 2951 ut
2168 2895 2258 2965 qui

686 3002 833 3049 esset
865 3003 1018 3047 ortus
1050 3007 1117 3046 ex
1145 2991 1335 3061 Mysia,
1362 2999 1541 3045 mente
1590 2998 1767 3043 autem
1826 2988 2259 3052 honestissimus,

685 3097 746 3141 ut
776 3086 868 3157 qui
934 3099 1289 3154 perseverans
1338 3083 1477 3152 apud
1516 3084 1734 3136 beatum
1765 3082 2119 3141 Auxentium,
2152 3096 2260 3133 non

2359 1986 2585 2049 Λέοντα,
2640 1986 2736 2039 καὶ
2766 1987 2873 2048 τοῖς
2904 1985 3073 2037 πᾶσιν
3110 1984 3444 2055 ἐγνωρίσθη,
3476 1983 3950 2053 φιλοπονήσαντες

2358 2082 2408 2133 οἱ
2447 2082 2750 2150 ἀκηκοότες
2781 2074 2944 2150 εὗρον
2979 2079 3192 2147 ἀπλανῆ
3216 2076 3313 2131 τοῦ
3338 2078 3490 2130 ὁσίου
3518 2077 3617 2146 τὴν
3662 2078 3843 2145 ῥῆσιν,
3878 2076 3948 2145 ἢν

2359 2175 2545 2245 χάριτι
2576 2173 2700 2244 θείᾳ
2727 2173 2868 2227 κατὰ
2909 2171 3259 2241 ἀποκάλυψιν
3309 2171 3634 2241 προειρήκει
3673 2172 3731 2221 ὲν
3760 2173 3825 2239 τῇ
3860 2186 3948 2221 τε-

2359 2266 2577 2320 λειώσει
2626 2266 2718 2319 τοῦ
2778 2265 2935 2332 ἀγίου
2981 2264 3292 2333 Συμεῶνος.
3340 2261 3804 2328 Καταπλαγέντες
3850 2258 3947 2313 οὖν

2362 2360 2609 2431 σφοδρῶς
2632 2360 2725 2412 καὶ
2755 2358 3073 2424 δοξάζοντες
3122 2358 3213 2410 τὸν
3238 2356 3392 2420 Θεὸν,
3432 2356 3793 2424 ἐδιδάχθησαν
3851 2356 3948 2408 καὶ

2360 2452 2419 2505 ἐν
2458 2451 2654 2521 τούτῳ,
2686 2451 2769 2503 ὃτι
2796 2451 2976 2502 πάντα
3004 2449 3208 2502 δυνατά
3240 2449 3392 2518 παρά
3414 2446 3492 2516 τῷ
3519 2446 3656 2515 Θεῷ.

2432 2541 2558 2597 ΝΖ¹.
2592 2542 2717 2595 Ὀτι
2737 2542 2793 2595 δὲ
2819 2540 2917 2595 οὐκ
2943 2540 3360 2610 ὲστοχασμένως
3411 2537 3539 2606 παρ’
3584 2537 3743 2606 ἡμῶν
3769 2537 3950 2591 ταῦτα

2362 2636 2634 2700 λέλεκται,
2659 2634 2794 2687 ἀλλά
2828 2633 2966 2703 μετά
2999 2632 3245 2694 πλείονος
3296 2630 3802 2701 ἀκριϐείας,·ᾶπερ
3852 2646 3952 2697 με-

2367 2730 2694 2799 μαθήκαμεν
2749 2727 2877 2795 παρ’
2916 2726 3033 2789 ἐνὸς
3068 2725 3178 2778 τῶν
3216 2724 3512 2793 ὑπουργῶν
3549 2722 3737 2787 αὑτοῦ,
3772 2723 3950 2775 ταῦτα

2361 2820 2735 2891 διεξήλθομεν,
2763 2820 2953 2889 μηδεῖς
2979 2816 3391 2888 ἀμφιϐαλλέτω.
3425 2808 3594 2877 Οὗτος
3627 2814 3761 2884 γάρ,
3788 2806 3948 2877 οὗτος

2363 2917 2391 2968 ό
2421 2920 2548 2987 περὶ
2581 2916 2768 2970 τούτου
2826 2916 2972 2985 ἡμᾶς
3024 2911 3405 2982 στοιχειῶσας,
3460 2912 3526 2980 τῇ
3576 2909 3790 2976 γλώττῃ
3846 2908 3948 2976 μὲν

2367 3007 2642 3078 βάρϐαρος
2691 3006 2938 3075 ὑπῆρχεν
2973 3006 3036 3057 ἐκ
3092 3004 3191 3071 τῆς
3225 3002 3440 3064 Μυσίας
3497 3000 3841 3069 ὁρμώμενος,
3882 3002 3946 3068 τῇ

2364 3102 2558 3170 γνώμῃ
2591 3100 2647 3152 δὲ
2677 3099 3007 3165 πάνσεμνος,
3030 3097 3088 3158 ὃς
3117 3095 3550 3165 προσκαρτερῶν
3583 3092 3660 3161 τῷ
3692 3093 3951 3161 μακαρίῳ

685 3179 874 3233 vinum
920 3178 1139 3243 biberit,
1189 3191 1297 3231 non
1352 3175 1474 3229 oleo
1504 3189 1631 3228 usus
1672 3174 1763 3236 sit,
1816 3189 1922 3227 non
1960 3173 2257 3241 pulmento,
2285 3204 2333 3268 ρ

2285 3204 2333 3268 C
2366 3192 2659 3260 Ᾱῦξεντίῳ,
2685 3191 2784 3243 οὐκ
2818 3190 2961 3241 οἴνου
2991 3185 3427 3256 μετελάμϐανεν,
3458 3186 3558 3237 οὐκ
3578 3185 3785 3246 ἐλαίου,
3821 3182 3948 3235 οὔτε

686 3282 794 3322 non
826 3266 1028 3328 fructu,
1068 3282 1172 3320 non
1222 3266 1455 3333 denique
1493 3265 1600 3318 ullo
1623 3264 1748 3319 alio.
1784 3262 1919 3317 Nam
1944 3274 2137 3331 prmter
2170 3279 2262 3333 pa-

686 3374 811 3415 nem
842 3368 897 3414 et
934 3375 1129 3428 aquam
1163 3366 1217 3413 et
1270 3358 1498 3419 semina,
1536 3371 1654 3425 qua:
1708 3372 1813 3411 non
1867 3357 2258 3426 eoquebantur,

686 3465 861 3521 eaque
891 3466 995 3505 non
1048 3450 1115 3505 ad
1160 3450 1492 3511 satietatem,
1524 3448 1713 3518 quavis
1764 3450 1879 3502 fere
1910 3457 2091 3510 nocte,
2125 3446 2259 3499 nihil

687 3544 1008 3599 comedebat
1035 3555 1128 3597 aut
1149 3543 1388 3607 bibebat,
1414 3543 1647 3596 interdiu
1671 3552 1847 3596 autem
1871 3556 2067 3608 parvas
2097 3554 2261 3609 quas-

689 3638 811 3693 dam
873 3653 1063 3692 cruees
1085 3653 1148 3691 ex
1172 3636 1384 3704 siliquis
1408 3636 1561 3689 valde
1583 3635 1857 3705 elegantes
1881 3635 1993 3689 suis
2016 3632 2263 3687 manibus

690 3731 909 3784 assidue
938 3729 1187 3783 faciebat.
1223 3730 1321 3795 Qui
1352 3738 1531 3781 autem
1579 3727 1968 3791 ascendebant,
1996 3738 2087 3779 eas
2121 3724 2264 3778 acci-

687 3821 914 3893 piebant
964 3821 1136 3891 gratia
1191 3819 1609 3875 benedictionis.
1659 3818 1779 3886 Ipse
1840 3818 1994 3872 nobis
2030 3817 2143 3871 haec
2171 3830 2263 3869 ore

688 3928 791 3968 suo
818 3912 1164 3981 significavit,
1200 3913 1290 3981 qni
1311 3911 1476 3965 etiam
1504 3921 1787 3979 postquam
1808 3907 2025 3963 dormiit
2043 3907 2259 3972 Beatus,

690 4020 814 4061 cum
848 4005 1089 4059 moribus
1116 4004 1233 4058 loco
1262 4018 1477 4072 quoque
1519 4002 1801 4056 successit.

762 4098 944 4155 LVIII.
978 4099 1184 4153 Rursus
1217 4112 1347 4168 ergo
1371 4098 1614 4165 pluribus
1655 4096 2018 4166 congregatis,
2046 4104 2099 4150 et
2130 4111 2261 4163 pra:-

691 4193 835 4247 dicta
894 4200 1151 4247 consueta
1204 4190 1387 4261 regula
1438 4190 1695 4256 hymnum
1760 4187 2087 4250 dicentibus,
2140 4203 2262 4241 cum

693 4284 1041 4338 beatissimus
1096 4284 1398 4337 Auxentius
1447 4281 1751 4350 aperuisset
1778 4280 2094 4342 fenestram,
2128 4289 2182 4332 et
2208 4288 2263 4331 ut

693 4381 1070 4438 consueverat,
1120 4388 1337 4441 precum
1397 4371 1554 4425 linem
1614 4370 1855 4435 fecisset,
1925 4368 2264 4437 respondens

692 4480 832 4519 unus
863 4479 924 4518 ex
969 4464 1036 4517 iis
1076 4464 1167 4531 qui
1218 4463 1463 4524 aderant,
1499 4462 1667 4515 dixit:
1696 4445 1868 4527 ~Rogo
1913 4469 1983 4524 te,
2022 4460 2261 4519 domine,

2369 3284 2471 3353 ἐψή
2483 3298 2667 3351 ματος,
2698 3279 2823 3334 οὔτε
2849 3282 3097 3350 ὀπώρας,
3128 3280 3227 3331 οὐκ
3257 3277 3420 3332 ἀλλου
3447 3278 3595 3339 τινὸς
3619 3277 3759 3345 πλὴν
3781 3276 3949 3345 ἄρτου

2370 3378 2463 3429 καὶ
2504 3375 2693 3436 ὓδατος
2747 3374 2841 3426 καὶ
2875 3372 2983 3423 τῶν
3040 3372 3375 3440 σπερμάτων
3431 3369 3496 3421 τὰ
3563 3369 3799 3433 ἄνεφθα,
3858 3370 3952 3419 καὶ

2368 3466 2542 3521 ταῦτα
2570 3468 2667 3519 οὐκ
2696 3468 2776 3530 είς
2808 3466 2993 3536 κόρον,
3026 3464 3113 3517 διά
3144 3463 3326 3533 πάσης
3357 3461 3457 3531 μὲν
3495 3461 3682 3530 σχεδον
3724 3460 3832 3526 τῆς
3860 3478 3952 3510 νυ-

2370 3563 2495 3625 κτὸς
2521 3561 2979 3630 προσευχόμενος,
3027 3562 3085 3611 ὲν
3120 3559 3305 3627 ἡμέρα
3330 3557 3387 3609 δὲ
3420 3556 3655 3625 σταυρία
3685 3556 3864 3624 μικρᾶ
3889 3558 3954 3605 ἐκ

2370 3654 2613 3724 κρατίων
2670 3652 2809 3705 πάνυ
2869 3649 3081 3720 τερπνά
3136 3652 3255 3710 ταῖς
3311 3648 3499 3718 χερσὶν
3577 3646 3953 3715 ἐργαζόμενος

2370 3744 2617 3805 διετέλει,
2650 3743 2741 3795 καὶ
2772 3744 2818 3793 οἱ
2851 3741 3092 3801 ἀνιόντες
3136 3738 3458 3808 ἐκομίζοντο
3509 3735 3649 3788 αὐτὰ.
3695 3734 3953 3799 εὐλογίας

2370 3840 2532 3909 χάριν
2554 3852 2569 3866 θ
2605 3834 2768 3896 αὐτὸς
2797 3834 2928 3901 ἡμῖν
2965 3831 3041 3898 τῷ
3073 3830 3258 3900 οἰκείῳ
3292 3829 3523 3897 στόματι
3555 3828 3695 3880 αὐτὰ
3723 3826 3956 3896 ἐγνώρι-

2373 3947 2488 3992 σεν,
2527 3930 2555 3980 ὁ
2612 3928 2703 3979 καὶ
2765 3924 2902 3994 μετά
2963 3922 3057 3975 τοῦ
3112 3923 3386 3992 μακαρίου
3438 3920 3695 3990 κοίμησιν
3737 3920 3836 3971 σὺν
3876 3920 3955 3988 τῷ

2371 4017 2556 4088 τρόπῳ
2587 4016 2680 4067 καὶ
2709 4014 2801 4066 τὸν
2828 4014 2991 4065 τόπον
3024 4012 3431 4081 διαδεξάμενος.

2443 4109 2576 4162 NH'.
2610 4106 2780 4159 ῐιάλιν
2832 4104 2924 4158 οὖν
2978 4104 3243 4157 πλειόνων
3301 4102 3801 4172 ὲπισυναχθέντων,
3860 4104 3956 4155 καὶ

2371 4200 2511 4253 κατά
2539 4198 2630 4250 τὸν
2664 4196 3062 4267 προειρημένον
3112 4194 3315 4262 συνήθη
3353 4194 3551 4246 κανόνα
3578 4193 3955 4260 ὑμνολογούν-

2371 4307 2498 4352 των,
2560 4286 2871 4351 ἀνοίξαντος
2925 4284 3019 4338 τοῦ
3069 4284 3493 4354 μακαριωτάτου
3545 4279 3838 4343 Αὖξεντίου
3895 4280 3956 4330 τὸ

2372 4380 2629 4451 θυρίδιον,
2662 4380 2753 4430 καὶ
2774 4378 2849 4439 ὡς
2874 4376 3052 4428 είώθει
3078 4375 3136 4428 τὸ
3156 4376 3330 4443 πέρας
3362 4373 3461 4439 τῆς
3493 4372 3655 4440 εὐχῆς
3688 4372 3952 4440 ποιήσας,

2372 4469 2693 4539 ἀποκριθεὶς
2742 4465 2819 4530 εἷς
2853 4468 2958 4520 τῶν
2990 4467 3274 4535 παρόντων
3298 4466 3400 4532 ἔφη
3428 4480 3441 4493 ·
3473 4462 3671 4530 Δέομαί
3704 4479 3820 4522 σου,
3858 4462 3953 4513 Δέ-

691 4555 942 4620 benedic,
998 4564 1052 4608 et
1109 4568 1350 4622 precare,
1413 4556 1557 4625 quod
1610 4568 1733 4607 cum
1781 4552 1951 4606 tribus
1985 4550 2259 4604 mensibus
2296 4564 2338 4619 ι)

2296 4564 2338 4619 D
2372 4580 2564 4624 σποτα,
2632 4561 2931 4630 εὑλόγησον
2988 4561 3084 4611 καὶ
3114 4557 3292 4620 εὖξαι,
3339 4560 3421 4609 ὅτι
3457 4556 3515 4607 ἓν
3570 4556 3711 4623 ὑπὲρ
3754 4553 3953 4622 μισθοῦ

693 4662 856 4701 unam
882 4662 982 4716 pro
1024 4646 1269 4700 mercede
1324 4655 1599 4699 menstrua
1652 4659 1808 4698 ovem
1854 4642 2138 4707 accipiam,
2201 4656 2262 4695 ea

694 4738 927 4807 perdita,
978 4738 1213 4791 frustror
1272 4736 1520 4790 mercede
1580 4736 1741 4791 unius
1785 4735 2265 4790 mensiszsolebat

693 4829 838 4884 enim
894 4828 1059 4882 Beato
1113 4829 1315 4882 hostias
1369 4828 1580 4881 afferre.
1642 4826 1721 4881 Ad
1788 4827 1901 4880 haec
1955 4826 2263 4892 subridens,

695 4923 976 4991 respondit
1003 4922 1199 4975 Beatus
1229 4939 1241 4974 :
1272 4921 1396 4975 Mihi
1436 4922 1537 4974 h0c
1577 4921 1737 4984 dicis,
1775 4931 1831 4972 ut
1875 4920 1965 4987 qui
2005 4920 2106 4973 sim
2136 4919 2265 4972 soli-

697 5023 786 5067 tus
811 5013 1077 5077 divinare,
1109 5024 1199 5066 aut
1226 5014 1317 5080 qui
1352 5027 1542 5082 greges
1573 5011 1921 5081 possideam?
1956 5011 2047 5064 Ille
2080 5011 2213 5064 dixit
2250 5028 2263 5064 :

697 5104 1068 5174 Nequaquam,
1110 5105 1200 5158 sed
1238 5110 1403 5158 adoro
1435 5114 1506 5165 te,
1537 5116 1592 5158 ut
1632 5120 1774 5169 ores,
1810 5112 1864 5159 et
1926 5104 2264 5157 inveniatur.

698 5196 904 5251 Deinde
988 5211 1111 5249 cum
1193 5196 1462 5264 paululum
1538 5197 1963 5260 intermisisset,
2017 5196 2264 5265 Alypium

699 5287 986 5356 quemdam
1022 5287 1168 5341 clara
1205 5302 1351 5351 voce,
1380 5299 1434 5342 ut
1464 5287 1693 5351 solebat,
1747 5288 1943 5342 Beatus
1992 5288 2261 5341 accersiit.

698 5376 834 5431 Cum
888 5377 992 5429 duo
1037 5389 1165 5447 ergo
1219 5377 1420 5430 inventi
1476 5387 1658 5430 essent
1705 5376 1945 5441 ejusdem
1978 5375 2260 5428 nominis:

700 5468 842 5534 Tibi,
873 5469 1070 5537 inquit,
1098 5469 1237 5535 dico,
1264 5470 1353 5538 qui
1380 5480 1492 5523 stas
1547 5484 1575 5521 a
1602 5469 1863 5523 sinistris.
1908 5470 2032 5523 Scio
2058 5477 2109 5521 te
2159 5483 2263 5522 non

700 5578 819 5617 esse
839 5562 1159 5617 suffuratum
1200 5578 1377 5629 ovem,
1409 5566 1501 5616 sed
1559 5564 1847 5629 invenisse,
1877 5562 2009 5616 vade
2049 5576 2177 5631 ergo
2213 5569 2266 5614 et

706 5655 888 5709 redde.
917 5654 1013 5708 Hie
1044 5654 1207 5719 enim,
1241 5657 1331 5724 qui
1377 5656 1625 5725 perdidit,
1658 5656 1750 5710 dat
1788 5656 1944 5710 vobis
1990 5656 2054 5707 ad
2115 5670 2264 5707 sum-

702 5757 849 5812 ptum
882 5763 972 5802 sex
1024 5746 1213 5803 obolos
1269 5758 1325 5803 ut
1379 5765 1472 5804 vos
1515 5752 1942 5822 'congregcmini.
1997 5750 2099 5816 Qui
2142 5766 2261 5802 cum

702 5841 922 5898 tet-isset
952 5853 1007 5897 ut
1032 5843 1220 5915 jussus
1269 5844 1463 5915 fuerat,
1501 5856 1712 5917 recepta
1748 5861 1867 5913 ore,
1903 5845 2127 5900 limnino
2156 5844 2263 5913 egit

2369 4656 2509 4709 κατὰ
2543 4654 2685 4724 μῆνα
2713 4651 3006 4722 λαμϐάνων
3034 4649 3331 4719 πρόϐατον,
3369 4648 3669 4710 ἀπολέσας,
3707 4646 3804 4700 τοῦ
3842 4665 3950 4715 μη-

2370 4746 2457 4809 νὸς
2490 4746 2580 4797 τὸν
2616 4745 2803 4815 μισθὸν
2857 4742 3191 4811 ύστεροῦμαι
3228 4736 3331 4810 (ἦν
3366 4740 3472 4809 γάρ
3513 4737 3838 4801 διακοιιίζων
3874 4738 3956 4805 τῷ

2375 4835 2631 4907 μακαρίῳ
2666 4834 2727 4886 τὸ
2765 4832 3044 4901 θύματα).
3090 4830 3230 4901 Πρὸς
3272 4829 3445 4881 ταῦτα
3481 4826 3759 4894 μειδιάσας
3785 4830 3812 4877 ὁ
3848 4843 3957 4893 ρας

2373 4928 2561 4996 κάριος
2598 4925 2971 4996 ἀπεκρίνατο·
3041 4924 3196 4992 Ἐμοὶ
3249 4921 3408 4974 τοῦτο
3462 4919 3662 4988 λέγεις,
3718 4920 3793 4980 ὡς
3825 4938 3955 4987 μαν·

2369 5016 2621 5070 τεύεσθαι
2655 5016 2950 5086 εἰθισμένῳ
2993 5016 3022 5085 ἢ
3067 5015 3267 5082 ἀγέλας
3309 5015 3664 5081 κεκτημένῳ;
3694 5014 3951 5072 κακεῖνος

2371 5110 2497 5177 ἔφη,
2532 5108 2666 5177 Οὐχὶ
2698 5107 2989 5176 προσκυνῶ
3010 5124 3092 5169 σε,
3125 5106 3240 5158 ἀλλ’
3274 5107 3359 5157 ἶνα
3379 5102 3581 5173 ἐπεύξῃ
3606 5102 3697 5154 καὶ
3720 5102 3949 5173 εὑρεθῇ·

2371 5195 2491 5253 εἶτα
2547 5200 2744 5269 μικρὸν
2802 5197 3131 5261 διαστείλας,
3176 5198 3414 5251 Ἀλυπόν
3444 5213 3568 5249 τινα
3622 5195 3852 5264 λαμπρᾷ
3882 5199 3947 5262 τῇ

2371 5295 2543 5362 φωνῇ,
2570 5293 2641 5355 ὡς
2672 5289 2737 5362 ἦν
2765 5292 2912 5362 αύτῷ
2934 5292 3198 5361 πεφυκὸς,
3222 5291 3572 5360 μετεκαλείτο
3599 5292 3626 5341 ὀ
3651 5289 3946 5357 μακάριος.

2371 5387 2472 5436 Δύο
2501 5380 2592 5437 οὖν
2621 5383 2924 5453 ὁμωνύμων
2953 5384 3307 5451 εὑρεθέντων,
3348 5384 3460 5445 Σοὶ,
3502 5382 3659 5451 φησὶ,
3691 5382 3836 5446 λέγω
3870 5382 3948 5447 τῷ

3094 5471 3232 5534 οἶδα,
3268 5475 3350 5527 ὅτι
3409 5475 3508 5525 οὒκ
3539 5474 3793 5538 ἔκλεψας,
3830 5473 3946 5525 αλλ’

2372 5561 2527 5636 εὗρες
2548 5567 2607 5618 τὸ
2640 5565 2910 5635 πρόϐατον
2930 5582 2943 5595 ·
2984 5565 3186 5619 ἄπελθε
3235 5563 3351 5627 οὖν,
3382 5564 3603 5627 ἀπόδος.
3633 5557 3801 5625 Οὗτος
3838 5568 3945 5631 γὰρ

2372 5661 2399 5711 ὁ
2424 5657 2697 5720 ἀπολέσας
2732 5659 2790 5724 ἓξ
2822 5660 3003 5726 φόλεις
3031 5662 3109 5721 εἰς
3145 5659 3482 5727 ἀναλώματα
3509 5659 3743 5727 παρέχει
3774 5660 3862 5708 ἐπὶ
3891 5658 3949 5705 τὸ

2372 5477 2428 5539 ἐξ
2460 5475 2754 5543 εὐωνύμων
2813 5475 3038 5526 ὲστῶτι’

2375 5748 2757 5817 συναλισθῆναι
2793 5752 2957 5820 ὑμᾶς,
2999 5750 3055 5812 ὃς
3084 5752 3314 5820 ποιήσας
3340 5752 3414 5813 ὼς
3452 5751 3775 5817 ὲκεὶὴεύσῦη,
3806 5752 3939 5804 απο-

2373 5844 2550 5899 λαϐὼν
2588 5846 2645 5899 τὸ
2669 5846 2890 5917 θρέμμα
2922 5845 3242 5916 ηὺχπρίατεε
3271 5845 3343 5921 τῷ
3372 5845 3557 5917 Κυρίῳ
3597 5844 3675 5915 τῷ
3704 5843 3945 5899 ποιοῦντι
