4218 6482
298 463 436 529 Ῑιὲθ

1564 455 1738 517 ῊΤΑ
1781 456 1838 516 S.
1887 455 2293 516 AUXENTI].

3429 453 3563 516 1420

289 584 379 637 διὰ
427 582 537 635 τῶν
563 581 725 634 ὁσίων
756 578 923 632 αὑτοῦ
956 579 1171 647 μεγάλα
1221 577 1313 629 καὶ
1346 574 1754 643 ἀνεξιχνίαστα,
1794 582 1879 623 ετ*

1997 574 2206 643 gratias,
2238 573 2327 640 qui
2353 586 2445 640 per
2478 580 2696 625 sanctos
2728 583 2854 624 suos
2891 569 3021 622 facit
3063 583 3250 639 magna
3310 578 3365 622 et
3418 570 3563 621 inve—

291 674 420 735 δοξά
451 690 509 726 τε
534 672 625 726 καὶ
654 671 887 736 ἐξαίσια,
915 664 990 726 ὧν
1022 672 1121 723 οὐκ
1156 668 1305 722 ἔστιν
1338 667 1594 739 ἀριθμός.

366 848 493 903 ΝΘ⁷.
526 850 642 920 Μιᾷ
665 849 721 902 δὲ
750 850 857 903 τῶν
879 849 1105 919 ἡμερῶν
1137 848 1377 920 πλήθους
1405 847 1748 919 συνηγμένον
1774 849 1884 901 τῶν

293 942 604 1012 ἐπιχωρίων
638 958 699 994 τε
731 940 826 994 καὶ
850 941 1175 1007 ςπολιτικῶν
1202 940 1305 994 ’καὶ
1350 940 1443 993 τοῦ
1494 940 1768 1010 μακαρίου
1819 939 1887 992 τὰ

294 1034 434 1104 πρὸς
484 1033 760 1104 σωτηρίαν
817 1033 1250 1103 διαλεγομένου,
1325 1033 1557 1096 ὲπιστάς
1629 1031 1888 1104 ἄγροικος

292 1126 619 1198 χαιρετίξων
651 1125 839 1194 ἔλεγεν
869 1125 1019 1194 αύτῷ
1042 1143 1056 1157 ’
1093 1127 1249 1195 Καλὴ
1281 1143 1372 1179 σου
1410 1125 1619 1195 ἡμέρα,
1648 1125 1888 1179 δέσποτά

298 1236 400 1289 μου
422 1235 435 1248 ⁸
480 1218 575 1271 τοῦ
604 1219 661 1271 δὲ
691 1219 890 1287 σεμνον
928 1218 1381 1285 ὲπιγελάσαντος,
1438 1218 1530 1270 καὶ
1558 1217 1668 1287 γὰρ
1716 1213 1783 1289 ἦν
1810 1216 1888 1287 τῷ

264 1310 410 1383 ’ὅντι
444 1310 657 1381 χαρίεις
716 1313 833 1373 καὶ,
890 1310 1071 1375 Καλός
1106 1328 1187 1363 σοι
1236 1311 1431 1380 καιρὸς
1481 1312 1786 1382 εἰρηκότος,
1839 1312 1887 1363 οἱ

260 1393 281 1445 ἰ
299 1404 567 1471 παρόντες
593 1404 672 1465 είς
703 1405 935 1465 ἑαυτοὺς
970 1403 1371 1474 προσεμειδίων
1391 1420 1405 1434 ο
1437 1404 1468 1456 ὁ
1491 1402 1547 1455 δέ
1588 1420 1722 1472 φησι
1752 1401 1890 1472 πρὸς

298 1494 537 1557 αὐτούς·
576 1493 850 1562 Γραφικός
901 1496 1018 1547 ἐστι
1051 1494 1232 1562 λόγος,
1270 1494 1509 1563 ἀδελφοὶ,
1563 1512 1581 1545 ι
1627 1492 1722 1563 Μὴ
1751 1492 1888 1547 ἀπο-

299 1588 487 1655 κρίνου
529 1584 724 1655 ἄφρονι
780 1586 919 1655 πρὸς
963 1586 1062 1655 τὴν
1088 1585 1403 1655 ἀφροσύνην
1438 1584 1639 1638 αὐτοῦ’
1681 1605 1697 1637 ι
1738 1586 1785 1638 εἰ
1819 1580 1888 1656 ἦν

298 1674 563 1746 εἰρηκὼς,
596 1676 925 1744 Εύλόγησον,
960 1676 1195 1747 ήκουσεν
1225 1676 1329 1741 ἀν;
1363 1678 1389 1729 ὁ
1425 1677 1632 1747 Κύριος
1661 1676 1887 1743 εὐλογή-

300 1784 383 1819 σει
418 1784 478 1819 σε
510 1768 652 1821 κατὰ
682 1767 742 1820 τὸ
774 1769 1004 1838 συνῆθες
1032 1769 1165 1837 ἡμῖν
1192 1782 1205 1794 '
1233 1768 1408 1830 αὐτὸς
1429 1768 1535 1838 γάρ
1558 1771 1705 1822 ἐστιν
1737 1770 1765 1820 ὁ
1792 1768 1889 1839 τὴν

1987 666 2284 736 stigabilia,
2327 666 2669 735 gloriosaque
2698 674 2752 720 et
2782 661 3146 727 admirabilia,
3183 680 3414 731 quorum
3454 679 3559 718 non

1989 770 2070 815 est
2107 774 2386 813 numerus.

2062 850 2196 905 LIX.
2227 851 2471 917 Quodam
2521 859 2702 904 autem
2734 850 2823 903 die
2858 860 3183 919 congregata
3222 849 3563 903 multitudine

1992 956 2099 1000 tam
2124 946 2449 1000 rusticorum
2472 960 2631 1014 quam
2656 944 2882 1009 civium,
2916 954 2971 999 et
2996 944 3166 998 Beato
3180 958 3241 999 ea
3268 944 3567 997 disserente

1991 1055 2110 1110 qua:
2150 1040 2498 1108 pertinebant
2524 1039 2589 1092 ad
2618 1037 2870 1103 salutem,
2897 1038 3119 1109 quidam
3145 1037 3237 1106 qui
3273 1039 3571 1091 advenerat

1992 1135 2249 1196 rusticus,
2282 1133 2418 1187 dixit
2446 1132 2531 1187 ei:
2558 1132 2737 1186 Bonus
2761 1132 2875 1187 dies
2913 1130 3037 1197 tibi,
3065 1130 3285 1185 domine
3315 1130 3407 1182 mi.
3432 1124 3567 1182 Cum

1993 1225 2083 1279 ille
2107 1235 2285 1278 autem
2324 1224 2550 1277 honeste
2582 1222 2858 1276 arrisissct
2891 1220 3031 1289 (erat
3072 1220 3217 1273 enim
3261 1231 3450 1270 revera
3492 1218 3570 1270 le-

1994 1316 2169 1389 pidus)
2204 1326 2257 1369 et
2287 1315 2538 1378 dixisset,
2572 1314 2780 1369 Bonum
2809 1313 2904 1368 tibi
2938 1323 3149 1381 tempus
3181 1310 3310 1380 :qui
3343 1310 3574 1365 aderant

1996 1410 2131 1480 apud
2160 1424 2217 1464 se
2249 1408 2518 1462 ridebant.
2575 1406 2670 1461 Ille
2719 1421 2846 1460 vero
2893 1406 3026 1458 dicit
3077 1405 3157 1458 eis
3187 1420 3201 1459 :
3237 1402 3333 1456 Est
3392 1417 3571 1456 sermo

1996 1502 2317 1570 Scripturae,
2351 1514 2384 1553 ο
2415 1498 2614 1552 fratres
2650 1515 2663 1553 :
2696 1515 2714 1548 ι
2749 1496 2827 1551 Ne
2880 1495 3145 1565 responde
3200 1496 3364 1549 stulto
3417 1491 3570 1556 juxta

1995 1593 2281 1647 Stultitiam
2309 1605 2459 1645 suam
2483 1590 2579 1641 ³³.»
2609 1588 2667 1643 Si
2692 1588 2940 1649 dixisset,
2966 1584 3200 1640 Benedic
3224 1583 3570 1642 :audivisset,

1997 1685 2257 1738 Dominus
2290 1693 2341 1738 te
2365 1681 2668 1747 benedicet,
2707 1681 2851 1733 sicut
2912 1677 3315 1732 consuevimus.
3348 1676 3463 1742 Ipse
3492 1684 3574 1727 εει

1994 1778 2162 1837 enim,
2205 1776 2295 1843 qui
2330 1776 2588 1829 honorent
2622 1790 2719 1841 per
2743 1788 2870 1828 suos
2928 1785 3115 1826 servos
3150 1772 3202 1823 in
3236 1783 3292 1823 se
3350 1767 3568 1834 accipit,

295 1859 464 1930 τιμὴν
485 1859 573 1913 διὰ
600 1858 710 1912 τῶν
736 1862 955 1914 οἰκείων
987 1860 1153 1915 αὐτοῦ
1182 1860 1388 1915 δούλων
1417 1862 1498 1922 είς
1523 1860 1717 1914 ἑαυτὸν
1750 1861 1889 1913 ἀπο-

1997 1880 2046 1923 et
2076 1882 2516 1937 unumquemque
2541 1874 2920 1921 remuneratur
2942 1864 3192 1918 mercede
3218 1877 3331 1916 sua:
3362 1860 3567 1930 gratim.

296 1951 610 2021 δεχόμενος,
650 1954 747 2005 καὶ⁵
789 1952 1006 2022 ἑκάστῳ
1047 1952 1146 2024 τὴν
1177 1952 1418 2022 ἀμοιϐὴν
1471 1954 1571 2019 τῆς
1622 1952 1890 2022 μισθαπο-

1997 1960 2256 2027 Quoniam
2291 1971 2470 2013 autem
2494 1958 2696 2013 bonum
2728 1958 2872 2012 diem
2904 1957 3035 2011 mihi
3068 1957 3336 2016 attribuit,
3374 1955 3417 2008 is
3445 1969 3573 2007 con-

298 2042 482 2107 δοσίας
517 2047 582 2114 τῇ
614 2043 780 2097 αὑτοῦ
839 2046 1022 2114 χάριτι
1086 2044 1395 2108 ἀποδιδούς.
1435 2045 1657 2115 Ἐπειδὴ
1704 2044 1888 2116 δὲτὴν

299 2132 476 2203 καλήν
522 2150 624 2203 μου
653 2133 869 2203 ἡμέραν
895 2132 1217 2202 ἀπένειμεν,
1246 2134 1337 2185 τὸν
1364 2132 1528 2186 καλὸν
1554 2132 1743 2204 καιρὶν
1766 2134 1891 2184 ἀντ-

300 2222 517 2278 έλαῦεν.
570 2224 759 2287 Οῦτως
816 2223 1276 2293 διορθωσάμενος,
1312 2222 1375 2274 οὐ
1429 2223 1589 2291 μόνον
1636 2220 1727 2273 τὸν
1767 2220 1888 2271 δια-

302 2314 636 2379 πταίσαντα,
672 2315 808 2368 ἀλλά
860 2316 953 2367 καὶ
988 2314 1115 2378 τοὺς
1154 2314 1375 2376 λοιποὺς
1424 2314 1694 2377 ἅπαντας,
1746 2310 1891 2365 ἔνδον

298 2409 563 2463 εἰσελθὼν
598 2408 758 2463 πάλιν
807 2410 1105 2479 ἡσύχασεν.

374 2502 451 2558 Ξ.
484 2499 596 2571 Τῆς
658 2501 715 2554 δὲ
769 2501 863 2553 τοῦ
908 2502 1159 2571 Σωτῆρος
1199 2500 1360 2572 ἡμῶν
1417 2499 1594 2571 Ἰησοῦ
1652 2498 1888 2571 Χριστοῦ

305 2595 678 2664 συνεργούσης
733 2593 884 2663 αύτῷ
951 2594 1210 2664 χάριτος,
1266 2592 1453 2647 πολλοὶ
1504 2592 1890 2662 δαιμονιῶντες

305 2686 677 2757 προσέτρεχον
728 2683 879 2754 αὐτῷ
904 2725 918 2750 ,
952 2686 1005 2736 oi
1058 2685 1156 2753 μὲν
1191 2686 1430 2748 ἑκόντες,
1492 2686 1586 2736 καὶ
1611 2682 1680 2735 δι’
1720 2680 1889 2735 αὑτοῦ

303 2777 402 2847 τὴν
427 2779 574 2830 ίασιν
597 2778 997 2846 ἀσπαζόμενοι,
1024 2778 1073 2829 οἱ
1101 2777 1155 2828 δὲ
1181 2778 1426 2841 ἄκοντες,
1452 2778 1544 2830 καὶ
1570 2776 1659 2845 ὑφ’
1690 2775 1893 2844 ἐτέρων

304 2872 586 2940 αγόμενοι,
624 2870 876 2932 οὕστινας
926 2870 1002 2939 τᾷ
1036 2870 1201 2935 ἐλαίῳ
1243 2870 1353 2924 τῶν
1402 2872 1575 2939 ἁγίων
1622 2869 1891 2940 λειψάνων

306 2965 545 3029 ποτίζων
581 2965 676 3017 καὶ
706 2953 992 3033 νηστεύειν
1030 2964 1267 3035 μάλιστα
1292 2966 1390 3035 τὴν
1414 2964 1647 3033 τετράδα
1671 2967 1762 3015 καὶ
1793 2963 1891 3033 τὴν

304 3057 664 3125 παρασκευὴν
705 3054 944 3108 κελεύων
978 3056 1076 3109 σὺν
1114 3057 1328 3108 ἐκτενεί
1360 3058 1639 3126 προσευχῇ
1670 3056 1765 3107 καὶ
1797 3057 1887 3107 πί-

305 3163 419 3200 στει
444 3148 726 3216 εἰλικρινεῖ
752 3146 983 3217 ίὼμενος
1010 3147 1247 3200 ἀπέλυεν
1268 3164 1281 3177 ·
1317 3150 1375 3200 ὲν
1404 3142 1484 3209 οἷς
1511 3149 1891 3218 προσποιησά-

1993 2065 2072 2109 tra
2102 2052 2312 2121 accepit
2350 2052 2547 2105 bonum
2574 2060 2808 2119 tempus.
2831 2050 2965 2104 Cum
2995 2050 3075 2105 sic
3102 2048 3431 2103 correxisset
3465 2062 3570 2100 non

1991 2149 2165 2201 solum
2192 2162 2314 2201 eum
2337 2148 2427 2215 qui
2450 2144 2776 2206 oﬂ‘enderat,
2799 2143 2892 2196 sed
2910 2143 3073 2197 etiam
3095 2141 3333 2211 reliquos
3357 2156 3570 2205 omnes,

1993 2244 2133 2295 intro
2165 2245 2463 2311 ingressus,
2504 2254 2690 2294 rursus
2719 2237 2885 2293 siluit.

2055 2517 2165 2574 LX.
2192 2516 2499 2572 Servatoris
2526 2522 2705 2569 autem
2738 2511 2909 2566 nostri
2941 2510 3065 2565 Jesu
3092 2510 3291 2562 Christi
3329 2524 3487 2576 Opem
3522 2509 3570 2560 ei

1998 2612 2206 2667 ferente
2239 2611 2435 2681 gratia,
2470 2608 2625 2663 multi
2649 2605 2967 2660 daemnniaci
2998 2604 3063 2657 ad
3098 2618 3221 2657 eum
3263 2601 3570 2665 veniebant,

1996 2722 2090 2760 sua
2126 2705 2339 2774 quidem
2376 2712 2570 2771 sponte
2599 2715 2653 2755 et
2678 2715 2772 2768 per
2789 2715 2847 2754 se
2869 2711 3175 2766 quaerentes
3211 2695 3572 2750 curationem.

1996 2797 2143 2864 Quos
2167 2794 2383 2865 quidem
2410 2793 2530 2849 oleo
2560 2801 2872 2846 sanctarum
2929 2786 3282 2856 reliquiarum
3312 2786 3574 2853 irrigans,

1995 2898 2359 2960 quartumque
2403 2895 2457 2939 et
2511 2884 2840 2938 Parasceves
2896 2881 3038 2935 diem
3097 2879 3335 2935 maxime
3375 2877 3575 2947 iubens

1991 2981 2264 3051 jejunarc,
2295 2994 2419 3031 cum
2460 2976 2710 3029 oratione
2734 2976 2945 3028 intensa
2984 2982 3040 3029 et
3066 2972 3281 3028 sincera
3323 2970 3450 3035 ﬁde,
3481 2985 3577 3024 cu-

1997 3087 2123 3127 rans
2150 3071 2377 3124 dimisit.
2414 3070 2559 3123 Inter
2591 3082 2728 3136 quos
2762 3067 2986 3135 quidam
3022 3068 3088 3119 ab
3120 3079 3185 3119 eo
3222 3072 3348 3119 sunt
3374 3064 3576 3133 depre-

1999 3165 2176 3227 hensi,
2204 3162 2294 3233 qui
2341 3160 2515 3228 turpis
2570 3158 2706 3214 lucri
2746 3157 2919 3226 gratia
2978 3171 3038 3210 se
3078 3155 3412 3209 simulabant
3454 3168 3579 3208 esse

308 3241 463 3312 μενοί
495 3259 642 3304 τινες
666 3241 894 3311 αἰσχροῦ
930 3242 1157 3313 κέρδους
1196 3240 1357 3313 χάριν
1401 3242 1535 3303 τοὺς
1567 3240 1890 3311 δαιμονιῶνο

1998 3254 2363 3311 tlzemoniacos
2403 3265 2581 3320 :quos
2651 3250 2870 3318 quidem
2935 3247 3173 3301 Sanctus
3227 3246 3581 3300 vehementer

304 3353 405 3399 τας
430 3337 523 3390 ὑπ’
571 3338 735 3389 αὑτοῦ
790 3337 1157 3407 ἐφωράθησαν
1206 3337 1301 3389 καὶ
1335 3334 1894 3406 ἐπιπληκτικωτέρως

306 3430 787 3500 κατεστύφθησαν,
836 3430 1089 3498 λέγοντος
1135 3430 1230 3483 τοῦ
1281 3432 1551 3502 μακαρίου
1577 3430 1779 3492 αὐτοῖς,
1808 3428 1893 3481 ὃτι

318 3518 381 3572 Ei
413 3522 486 3589 μὴ
513 3516 611 3589 ἦτε
654 3522 753 3590 τῆς
795 3520 888 3573 τοῦ
930 3523 1090 3575 ἀνίου
1122 3522 1439 3591 Πνεύματος
1492 3520 1893 3589 κατηξιωμένος

305 3614 537 3686 δωρεᾶς,
566 3616 671 3667 ύπὸ
699 3616 921 3669 ἀνιάτου
952 3617 1203 3685 ὁαιμονος
1236 3614 1301 3668 ἂν
1330 3615 1835 3686 κατεκυριεύθητε-

379 3704 502 3761 ΞΑΚ.
548 3708 839 3777 Ἑλευθέρα
896 3708 951 3760 δέ
1009 3725 1093 3769 τις
1130 3708 1479 3778 φερώνυμος,
1538 3707 1769 3777 λαμπρά
1820 3706 1897 3776 τῷ

305 3799 477 3865 γένει,
519 3798 877 3869 λαμπροτέρα
908 3799 965 3851 δὲ
988 3799 1087 3864 τῆς
1112 3798 1512 3867 εύσεϐεστάτης
1560 3797 1896 3869 Πουλχερίας

309 3891 741 3961 κουὸικουλαρία
782 3892 1083 3961 γεναμένη,
1132 3890 1382 3960 συνήθως
1439 3892 1708 3961 ἐρχομένη
1755 3890 1896 3958 μετὰ

310 3985 556 4046 πάντων,
588 3983 685 4045 τὰς
708 3984 870 4053 εὐχὰς
896 3983 1224 4053 ἐκαρποῦτο,
1248 3981 1386 4051 αὕτη
1413 3981 1578 4053 ἔρωτι
1607 3981 1737 4053 θείῳ
1754 4000 1896 4053 τρω-

310 4078 461 4128 θεῖσα
484 4078 582 4144 τὴν
604 4076 804 4145 ψυχὴν,
827 4076 1055 4144 λείψανα
1084 4076 1257 4145 ἁγίων
1287 4074 1601 4144 κεκτημένη
1628 4076 1896 4145 παρέθετο

309 4166 391 4239 τῷ
423 4169 678 4237 μακαρίῳ
704 4184 717 4199 ο
774 4169 968 4221 ἔπειτα
1031 4168 1087 4219 δὲ
1128 4168 1394 4221 ἱκετεύειν
1446 4169 1610 4222 αὐτὸν
1640 4170 1897 4239 ἐπειρᾶτο

311 4262 404 4313 διὰ
431 4262 527 4331 τῆς
563 4264 920 4331 κατηχήσεως
948 4260 1116 4314 αὑτοῦ
1145 4261 1237 4313 τοῦ
1285 4263 1552 4332 μονήρους
1587 4261 1723 4331 βίου,
1757 4263 1893 4315 ἀπο-

312 4359 523 4410 σπᾶσαι
553 4356 723 4428 αὐτὴν
747 4358 857 4411 τῶν
888 4357 1090 4409 ὑλικῶν
1123 4358 1489 4428 πραγμάτων.
1540 4356 1647 4411 Τοῦ
1686 4357 1745 4410 δὲ
1780 4358 1897 4411 δια-

312 4447 497 4516 φόρως
528 4446 971 4517 ἀναϐαλλομένου
1022 4449 1116 4501 καὶ
1177 4449 1480 4515 φάσκοντος
1524 4447 1786 4501 δύνασθαι
1838 4449 1897 4501 ὲν

1999 3348 2320 3418 increpavit,
2350 3347 2536 3399 dicens
2564 3363 2576 3398 :
2605 3343 2716 3397 Nisi
2754 3340 2947 3395 essetis
2980 3340 3183 3409 dignati
3212 3341 3352 3393 dono
3398 3338 3574 3392 sancti

1999 3440 2364 3510 baptismatis,
2394 3434 2817 3492 immedicabilis
2856 3432 3117 3488 dmmonis
3150 3430 3457 3485 dominatus
3489 3444 3581 3485 vos

2002 3535 2287 3589 tenuisset.

2074 3716 2209 3775 LXI.
2247 3715 2510 3782 Quaedam
2551 3726 2682 3765 vero
2719 3710 2935 3764 nomine
2989 3708 3207 3777 quidem
3265 3704 3579 3767 Eleutltera,

2002 3819 2182 3864 mente
2216 3816 2394 3860 autem
2428 3803 2793 3872 splendidiore
2821 3814 2973 3853 suam
3030 3811 3302 3852 coronans
3348 3792 3580 3861 appella-

2001 3906 2225 3965 tionem,
2258 3914 2376 3968 quze
2411 3899 2516 3968 piae
2567 3894 2815 3964 inprimis
2871 3892 3167 3946 Pulcherite
3222 3890 3403 3945 fuerat
3433 3889 3584 3943 cubi-

2002 3995 2226 4060 cularia,
2261 3992 2471 4047 solebat
2512 3990 2578 4043 ad
2617 4002 2740 4041 eum
2770 3985 2976 4047 venire,
3018 3993 3073 4038 et
3132 3998 3254 4037 cum
3305 3982 3579 4042 omnibus,

2002 4088 2118 4155 ejus
2149 4085 2428 4139 fruebatur
2460 4079 2731 4150 precibus.
2767 4075 2867 4140 Ea,
2897 4091 3017 4129 cum
3050 4084 3194 4129 esset
3233 4073 3335 4143 ipsi
3371 4074 3583 4126 animus

2002 4178 2187 4232 divino
2248 4188 2435 4228 amore
2483 4172 2726 4233 saucius,
2788 4183 2922 4235 quas
2981 4167 3213 4221 habebat
3272 4175 3582 4219 sanctorum

2003 4268 2276 4337 reliquias,
2307 4262 2555 4333 deposuit
2611 4263 2751 4331 apud
2806 4262 3054 4315 Beatum.
3091 4258 3292 4313 Deinde
3343 4259 3587 4310 tentabat

2003 4360 2228 4429 supplex
2282 4358 2332 4413 ei
2378 4355 2728 4425 persuadere,
2787 4363 2849 4407 ut
2899 4352 3023 4405 vita:
3081 4349 3394 4404 monasticre
3424 4348 3489 4399 ab
3522 4362 3585 4400 eo

2004 4454 2271 4508 initiatam
2332 4448 2587 4503 avelleret
2636 4460 2666 4500 a
2700 4443 3027 4499 turbulentis
3060 4442 3221 4511 hujus
3273 4440 3453 4494 mundi
3487 4454 3582 4491 ne-

310 4537 493 4608 ἀγαθῆ
526 4538 771 4609 πολιτεία
794 4555 852 4591 τε
883 4541 976 4592 καὶ
1012 4540 1232 4610 εύποιῒᾳ
1267 4542 1360 4592 καὶ
1383 4542 1441 4593 ὲν
1469 4540 1544 4609 τῷ
1579 4540 1677 4610 βίῳ
1702 4540 1892 4610 εὐαρε-

2005 4545 2186 4617 gotiis.
2225 4544 2303 4598 Eo
2338 4551 2516 4595 autem
2546 4537 2711 4595 variis
2746 4538 2920 4591 modis
2943 4535 3249 4598 diﬁerentc,
3275 4532 3581 4594 etdicentc,

312 4631 463 4681 στεῖν
483 4628 559 4698 τῷ
586 4629 727 4701 Θεῷ,
759 4630 941 4702 εκείνη
990 4632 1091 4685 ούκ
1135 4633 1415 4684 ἐπαύσατο
1444 4631 1514 4685 δι’
1562 4631 1721 4702 ὄχλου
1754 4650 1901 4700 γινο-

313 4717 454 4789 μένη
479 4718 573 4771 τοῦ
596 4724 779 4790 τυχεῖν
802 4723 1017 4776 τούτου.
1063 4722 1152 4786 Ὠς
1188 4722 1243 4775 δὲ
1274 4723 1579 4793 προσέσχεν
1612 4722 1689 4793 τῷ
1714 4722 1897 4794 διορα-

312 4810 455 4879 τικῷ
484 4812 691 4880 ὄμματι
717 4812 816 4882 τὴν
848 4813 1042 4885 ἀκλινῆ
1078 4815 1251 4883 αὐτῆς
1280 4816 1532 4868 ἔνστασιν
1573 4816 1667 4869 καὶ
1706 4816 1899 4868 ἀνεπί-

311 4903 521 4971 ληπτον
552 4903 870 4970 κατάνυξιν,
900 4905 1120 4977 εὐδοκία
1145 4907 1239 4959 τοῦ
1275 4907 1760 4971 πάνταςθέλοντος
1789 4924 1898 4961 σω·

315 4994 478 5063 θῆναι
510 4994 668 5059 Θεοῦ,
704 4996 998 5050 ἐπένευσεν
1030 4998 1058 5049 ὁ
1084 4997 1230 5058 ὅσιος
1254 5000 1347 5050 καὶ
1372 4999 1479 5051 ἀπὸ
1508 4999 1625 5061 ἐνὸς
1665 4998 1895 5067 σημείου

313 5099 374 5147 ἐν
430 5095 505 5164 τῷ
539 5095 778 5165 ἐπιπέδῳ
835 5095 1164 5164 προαστείου
1226 5097 1606 5165 τυγχανοντο·,
1658 5093 1898 5163 τοῦνομα

315 5186 561 5254 Γυρῆτα,
629 5191 1066 5257 προσκαρτερεῖν
1114 5190 1171 5240 ὲν
1211 5189 1288 5258 τῷ
1318 5190 1454 5251 τέως
1500 5190 1801 5259 ἐπέτρεψεν
1830 5193 1895 5260 τῇ

318 5276 522 5347 μελέτῃ
568 5279 678 5329 τῶν
722 5278 882 5332 θείων
934 5278 1167 5350 Γραφῶν
1224 5282 1610 5352 σχολάζουσαν.
1684 5283 1897 5351 Ταύτης

320 5369 421 5438 μὲν
476 5368 568 5422 οῦν
632 5373 1071 5443 κατατρυφώσης
1127 5374 1205 5445 τῷ
1259 5375 1449 5445 Κυρίῳ
1512 5375 1606 5427 καὶ
1646 5376 1899 5444 ἀσμένως

318 5462 498 5513 πάντα
563 5462 723 5516 πόνον
764 5465 1077 5533 σωματικὸν
1128 5466 1402 5537 φερούσης
1438 5467 1545 5519 ὑπὸ
1597 5468 1694 5536 τῆς
1731 5485 1897 5539 χορη-

316 5554 592 5623 γουμένης
643 5556 793 5626 παρά
845 5557 937 5610 τοῦ
994 5556 1131 5610 Θεοῦ
1160 5559 1240 5631 τῷ
1275 5559 1451 5630 Πατρ“ι
1506 5559 1749 5629 χάριτος,
1807 5562 1899 5612 καὶ

318 5647 483 5701 ἄλλου
515 5649 951 5719 Πεντεπιτρὸπου
984 5652 1127 5715 τινὸς
1160 5652 1415 5721 σύζυγος,
1463 5655 1680 5723 Κοσμία
1713 5652 1896 5706 τοῦνο-

323 5756 421 5809 μα,
442 5741 864 5809 καταλειφθείσα
892 5743 1041 5813 ἠξίου
1072 5745 1233 5799 αὶτδν
1259 5749 1376 5817 μετ’
1399 5749 1480 5800 ὲκς
1500 5747 1613 5817 ἔνης
1643 5746 1899 5817 τετάχθαι

408 5924 451 5957 ³³
487 5923 647 5982 Prov.
694 5943 840 5997 xxw,
875 5929 926 5985 ι.

2008 4653 2151 4701 eam,
2183 4651 2242 4692 se
2262 4644 2409 4690 recte
2427 4632 2686 4703 gerendo,
2713 4638 2766 4685 et
2791 4627 3146 4684 beneﬁcentia
3170 4624 3390 4688 utendo,
3418 4624 3582 4678 etiam

2012 4735 2065 4785 in
2126 4730 2392 4784 niundana
2445 4727 2552 4780 vita
2609 4737 2770 4793 posse
2826 4720 3040 4789 placere
3068 4717 3317 4780 Domino,
3350 4715 3437 4769 illa
3479 4729 3584 4768 non

2007 4823 2259 4880 cessabat
2288 4822 2335 4876 ei
2356 4818 2633 4889 negotium
2665 4814 2946 4878 exhibere,
2971 4819 3026 4865 ut
3052 4812 3154 4864 hoc
3177 4813 3585 4875 assequeretur.

2006 4918 2299 4985 Postquam
2326 4928 2451 4966 vero
2470 4908 2771 4979 perspicaci
2790 4904 2949 4961 oeulo
2974 4901 3353 4957 animadvertit
3374 4899 3582 4952 ﬁrmam

2006 5021 2061 5067 ct
2091 5004 2420 5062 immobilem
2452 5001 2568 5068 ejus
2602 4996 2983 5053 constantiam.
3037 5004 3091 5048 et
3143 5007 3261 5059 qua:
3311 5001 3585 5056 nunquam

2008 5100 2311 5160 deﬁciebat,
2344 5091 2832 5162 compunctioncm,
2872 5087 3146 5140 voluntate
3202 5081 3315 5143 Dei,
3347 5080 3435 5149 qui
3479 5079 3585 5130 vult

2006 5207 2200 5249 omnes
2267 5203 2385 5244 esse
2439 5187 2638 5247 salvos,
2697 5180 2888 5235 annuit
2934 5176 3188 5239 Sanctus,
3216 5184 3272 5230 et
3313 5174 3363 5227 in
3396 5186 3588 5240 campo

2008 5281 2329 5344 suburbani,
2354 5279 2443 5348 qui
2478 5276 2711 5331 distabat
2742 5273 2884 5326 circa
2916 5284 3080 5322 unum
3114 5265 3451 5325 milliarium,
3485 5276 3586 5314 una

2010 5376 2151 5429 mine
2189 5368 2597 5442 Cyreta,jussit
2650 5364 2855 5418 interea
2907 5371 3259 5430 perseverare
3296 5363 3577 5406 vacantem

2016 5463 2352 5522 meditationi
2417 5460 2723 5516 divinarum
2779 5453 3203 5523 Scriptttrarum.
3252 5449 3427 5517 Atque
3490 5449 3589 5499 hac

2012 5557 2229 5628 quidem
2274 5553 2413 5610 sein
2446 5550 2673 5605 Domino
2697 5545 3092 5615 jucundissima
3152 5538 3402 5610 explente
3440 5536 3587 5589 volu-

2013 5658 2182 5719 ptate,
2213 5661 2265 5701 et
2299 5659 2511 5700 omnem
2550 5642 2787 5695 laboretn
2823 5637 3065 5705 corporis
3108 5634 3340 5687 libenter
3383 5630 3589 5685 ferente

1980 5746 2081 5801 ·οΙ)
2110 5745 2338 5813 gratiam
2381 5755 2499 5810 qum
2536 5754 2559 5787 a
2602 5734 2709 5789 Deo
2772 5734 2929 5784 Patre
2993 5732 3038 5786 ei
3094 5726 3587 5797 suppeditabatur;
