4218 6482
115 5771 907 6144 u/

710 414 838 478 1421

1893 414 2175 477 MENSIS
2204 418 2721 479 FEBRUARIUS.

3822 421 3967 486 1632

696 524 892 593 ctmjas
932 534 1145 591 quoque
1180 520 1404 576 alterius
1433 522 1712 591 cujusdam
1734 521 2100 594 Pantepitrupi
2134 526 2269 597 (ll),
2303 530 2345 585 Α
2376 526 2453 594 τῆη

2392 526 2476 594 τῆς
2508 527 2714 595 φθορᾶς
2745 526 3087 580 ἀποστᾶσαν.
3125 525 3212 590 Ὠς
3249 527 3307 581 δὲ
3332 528 3424 582 διὰ
3455 528 3724 583 πλείστων
3757 549 3969 601 παραι-

700 617 917 669 nomiue
971 612 1210 677 Cosmia,
1268 614 1535 668 accedens
1572 615 1793 682 rogabat
1843 630 1991 679 eum,
2025 630 2147 669 cum
2178 616 2267 669 illa

698 710 973 762 locaretur
1009 708 1266 762 recedens
1301 722 1328 759 a
1361 708 1724 775 corruptione.
1756 708 1892 763 Cum
1928 716 2109 762 autem
2147 708 2268 776 plu-

698 801 852 855 rimis
886 799 1347 855 admonitionibus
1368 814 1470 853 non
1496 800 1759 867 potuisset
1792 802 1838 854 ei
1865 803 2187 864 persuadere
2214 808 2273 854 ut

702 896 897 948 marito
922 893 1361 963 coniungeretur,
1398 893 1518 963 ejus
1548 908 1761 962 quoque
1795 894 2121 949 necessariis
2151 907 2269 947 eam

698 1002 820 1037 cum
879 984 1043 1039 minis
1099 985 1164 1038 ad
1216 986 1265 1037 id
1331 983 1702 1047 incitautibus,
1746 1000 1920 1052 neque
1974 984 2269 1054 quidquam

701 1076 1132 1145 proﬁcientibus,
1159 1085 1379 1147 propter
1414 1076 1831 1147 insuperabilem
1870 1078 1986 1147 ejus
2020 1078 2070 1131 in
2104 1078 2271 1131 Deum

699 1186 941 1225 amorem
974 1190 987 1223 :
1018 1170 1069 1223 id
1122 1171 1559 1225 animadvertens
1626 1169 1879 1231 Smclus,
1917 1170 2081 1238 jussit
2134 1170 2275 1224 hanc

699 1279 917 1333 quoque
946 1262 1149 1316 versari
1176 1278 1296 1316 cum
1340 1265 1535 1332 priore.
1575 1262 1894 1329 Quinetiam
1932 1278 2069 1317 uxor
2092 1264 2275 1331 cujus-

699 1359 820 1409 dam
847 1356 1126 1410 nutritoris
1158 1354 1417 1420 ferarum,
1440 1356 1692 1409 omnibus
1715 1356 1943 1419 relictis,
1968 1371 2121 1410 suam
2154 1356 2274 1411 exi-

700 1460 832 1507 guus
887 1445 1135 1509 salutem,
1162 1446 1383 1512 rogabat
1411 1443 1668 1499 Sanctum
1700 1460 1768 1499 ne
1798 1461 1916 1500 eam
1949 1446 2264 1521 expelleret.

702 1536 874 1599 Quam
912 1551 1031 1589 cum
1065 1537 1197 1590 satis
1232 1535 1573 1603 instituisset,
1603 1545 1663 1590 ut
1698 1536 1853 1592 ﬁeret
1873 1539 2129 1607 templum
2158 1539 2274 1602 Dei,

705 1628 975 1692 quomodo
1004 1626 1242 1681 Ostendit
1270 1628 1385 1695 ejus
1417 1628 1548 1689 vita,
1588 1644 1706 1697 quae
1746 1639 1929 1698 postea
1975 1640 2056 1684 est
2080 1645 2276 1685 conse-

705 1729 848 1783 cuta,
886 1719 1037 1787 jubet
1062 1734 1177 1775 eam
1212 1721 1444 1773 admitti.
1468 1718 1584 1773 Non
1617 1721 1784 1775 multo
1812 1732 1935 1790 post
1972 1732 2151 1776 autem
2186 1722 2278 1775 dat

703 1810 781 1863 eis
802 1810 1040 1864 habitum
1059 1810 1124 1865 ad
1148 1813 1585 1865 exercitationem
1607 1812 1762 1881 plane
1775 1815 2242 1867 accommodatum
2262 1832 2276 1867 :

2378 616 2578 669 νὲσεων
2614 620 2798 669 πείσαι
2852 617 3022 686 αὐτὴν
3072 617 3171 671 οὐκ
3203 618 3421 688 [σχυσεν
3452 621 3546 673 ἐπὶ
3590 624 3656 691 τῇ
3685 623 3965 693 συναφείᾳ

2377 707 2469 758 τοῦ
2515 708 2725 776 ἀνδρὸς,
2780 708 2939 762 τοῦτο
2977 709 3214 761 καὶτῶν
3268 711 3485 764 οἰκείων
3514 712 3965 766 ὲπαπειλοόντων

2377 800 2516 870 αὐτῇ
2542 801 2637 853 καὶ
2674 801 2841 871 μηδὲν
2876 802 3170 866 ἀνυόντων,
3216 803 3514 866 ἀνενδότως
3548 803 3627 874 τῷ
3656 803 3793 874 πρὸς
3824 804 3966 856 Θεὸν

2378 892 2547 961 πόθῳ.
2579 892 2751 963 ταύτῃ
2776 893 3027 963 προσχὼν
3053 896 3080 947 6
3109 895 3400 965 μακάριος,
3428 897 3665 947 συνεῖναι
3700 895 3839 963 μετὰ
3859 894 3962 964 τῆς

2379 986 2651 1056 προτέρας
2682 988 2775 1037 καὶ
2808 986 3013 1055 ταύτην
3038 986 3359 1057 ἐπέτρεψεν.
3420 986 3584 1040 Ἀλλὰ
3618 987 3711 1039 καὶ
3759 986 3966 1055 Θηριο·

2378 1078 2578 1146 τρόφου
2612 1077 2755 1141 τινὸς
2783 1079 2919 1148 γυνὴ
2951 1077 3164 1133 ἅπαντα
3192 1080 3567 1134 καταλιποῦσα
3588 1081 3680 1133 καὶ
3700 1080 3798 1150 τὴν
3832 1082 3964 1132 ἑαυ-

2379 1167 2479 1235 τῆς
2513 1170 2785 1238 σωτηρίαν
2814 1169 3102 1235 ὲξαιτοῦσα
3136 1171 3289 1239 ἠξίου
3317 1171 3407 1223 τὸν
3441 1172 3589 1224 ὅσιον
3615 1172 3689 1241 μὴ
3721 1170 3966 1224 ἀποϐάλ-

2380 1259 2568 1313 λεσθαι
2596 1263 2787 1331 αὑτήν.
2824 1262 2924 1315 Ἢν
2960 1263 3163 1327 ἱκανῶς
3206 1265 3527 1334 κατηχὴσας
3558 1263 3778 1333 πρῶτον
3831 1264 3964 1315 ναὸν

2380 1354 2473 1405 τοῦ
2503 1352 2637 1405 Θεοῦ
2673 1354 2950 1421 γενέσθαι,
2977 1356 3227 1425 καθάπερ
3259 1356 3351 1409 καὶ
3400 1358 3427 1409 6
3482 1356 3619 1426 μετὰ
3647 1354 3820 1407 ταῦτα
3848 1354 3965 1422 βίος

2382 1441 2683 1507 ἀπέδειξεν,
2739 1444 3341 1513 εἰσδεχθῆναικελεύει.
3370 1448 3506 1500 Μετ’
3545 1446 3605 1499 οὐ
3631 1446 3766 1498 πολὺ
3800 1444 3966 1496 δίδω-

2383 1552 2466 1588 σιν
2494 1535 2681 1599 αὖταίς
2724 1538 2913 1607 σχῆμα
2950 1538 3120 1602 ὅντως
3176 1539 3477 1609 ἀσκητικὸν
3516 1540 3774 1609 τριχίνοις
3803 1536 3966 1606 χιτῶ-

2383 1645 2466 1680 σιν
2516 1628 2685 1692 αὑτὰς
2720 1629 3111 1700 μεταμφιάσας
3148 1633 3262 1686 καὶ
3308 1631 3643 1702 ὠμοφορίοις
3700 1628 3966 1698 μεγάλοις

2380 1720 2523 1771 τισὶν
2571 1720 2646 1783 ὡς
2702 1720 3072 1777 δυσωπεῖσθαί
3105 1742 3227 1777 τινα
3280 1725 3377 1777 καὶ
3430 1724 3588 1793 μόνον
3622 1722 3833 1793 ὁρῶντα
3862 1718 3966 1788 τὴν

2382 1810 2653 1879 τοσαύτην
2688 1814 2998 1881 κατήφειαν
3033 1813 3225 1885 (οὔπω
3256 1815 3365 1883 γὰρ
3413 1808 3481 1883 ἦν
3516 1815 3574 1864 ἐν
3601 1812 3710 1872 τοῖς
3769 1809 3968 1877 μέρεσι

705 1912 763 1953 ttt
812 1902 903 1970 qui
958 1903 1153 1957 tunicis
1192 1918 1256 1957 ex
1294 1903 1417 1972 pilis
1468 1904 1740 1960 contextis
1803 1920 1897 1961 eas
1942 1905 2201 1969 induerit,
2232 1912 2285 1957 et
2316 1888 2359 1943 Β
2387 1922 2453 1957 τοι

2392 1904 2595 1967 τούτοις
2626 1905 2811 1975 σχῆμα
2840 1907 3078 1961 τοιοῦτον
3110 1910 3329 1960 πώποτε
3358 1906 3570 1977 φανέν).

706 1997 916 2066 magnis
953 1995 1276 2065 quibusdam
1310 1996 1525 2067 palliis:
1566 1998 1700 2052 adeo
1729 2008 1787 2053 ut
1829 2008 2172 2054 revereretur
2202 1996 2491 2067 quispiam,
2527 1998 2608 2051 vel
2679 2000 2852 2052 solum
2894 2002 3079 2056 ridens
3132 2010 3333 2055 tantam
3361 2000 3658 2055 tristitiam.
3715 1997 3965 2054 Nondum

704 2092 848 2144 enim
885 2092 938 2145 in
978 2090 1062 2144 his
1106 2090 1353 2156 partibus
1405 2092 1529 2146 talis
1583 2107 1819 2162 unquam
1861 2092 2077 2147 habitus
2114 2100 2453 2161 apparuerat.

2190 2244 2420 2301 CAPUT
2466 2243 2534 2298 Χ.

814 2358 1196 2416 Monasterium
1220 2359 1701 2413 sanctimonialium
1744 2360 2106 2413 constitutum.
2153 2361 2777 2483 Adgortatiqdezrirtutc
2819 2363 3098 2416 castitatis.
3157 2362 3343 2416 Obitus
3385 2373 3431 2415 et
3472 2362 3740 2429 sepultura
3794 2358 3853 2416 S.

2272 2442 2496 2483 uxentu.

2272 2442 2496 2486 ηαεηιιι.

784 2551 941 2609 LXII.
969 2551 1237 2619 Deinceps
1265 2562 1393 2619 ergo
1435 2549 1501 2601 ab
1533 2560 1596 2601 eo
1630 2556 1870 2617 tempore
1895 2547 2013 2603 alia:
2064 2548 2283 2617 quidem

711 2643 778 2696 ad
823 2657 941 2694 cam
976 2654 1088 2694 rem
1122 2637 1452 2692 accedebant
1482 2655 1496 2690 :
1523 2636 1640 2689 alia:
1684 2638 1923 2705 quidem,
1959 2653 2078 2705 qua:
2106 2638 2174 2692 ab
2201 2638 2289 2690 in—

712 2735 903 2804 gcnuis
926 2732 1337 2788 adducebantur
1360 2729 1677 2799 parentibus
1702 2730 1768 2783 ad
1798 2732 2098 2785 custodiam
2124 2730 2289 2799 virgi-

710 2823 955 2892 ginitatis
988 2841 1002 2876 :
1029 2822 1148 2876 aliae
1176 2831 1380 2888 autem,
1423 2821 1636 2875 theatro
1659 2829 1711 2873 et
1734 2835 1896 2875 scena
1920 2821 2143 2881 relictis.
2173 2821 2289 2875 dia-

712 2916 837 2970 lmlo
893 2914 1289 2979 renuntiantes,
1343 2921 1397 2967 et
1428 2911 1644 2967 Christo
1694 2927 1815 2968 cum
1849 2927 2044 2982 magno
2079 2913 2205 2967 ﬂetu
2237 2922 2293 2967 et

712 3006 986 3061 laboriosa
1038 3004 1425 3062 lamentatione
1475 3019 1532 3059 se
1585 3005 2011 3073 conjungentes:
2046 3008 2183 3059 adeo
2233 3014 2291 3059 ut

714 3096 865 3151 brevi
908 3105 1150 3161 tempore
1191 3104 1539 3166 congregata!
1582 3096 1693 3151 sint
1738 3096 2022 3166 plusquam
2074 3105 2292 3164 septua-

715 3188 884 3255 ginta,
907 3196 953 3240 et
984 3186 1052 3241 de
1072 3199 1269 3241 cmtero
1287 3186 1513 3256 jusserit
1530 3186 1727 3242 Beatus
1752 3189 1970 3243 domum
1994 3189 2288 3243 oratoriam

716 3282 797 3332 eis
822 3280 1113 3332 aediﬁcare.
1146 3278 1296 3333 Citra
1351 3279 1514 3332 ullam
1568 3294 1699 3333 vero
1748 3280 2202 3334 intermissionem
2236 3280 2289 3333 in

716 3370 803 3423 die
842 3366 1167 3422 Parasceves
1197 3378 1250 3422 et
1282 3369 1333 3423 in
1380 3369 1466 3423 die
1522 3370 1802 3425 Domiuico
1852 3386 1945 3426 eas
1981 3385 2289 3434 accersens,

717 3470 772 3514 et
801 3462 867 3514 de
899 3460 1208 3529 virginitate
1261 3470 1317 3514 et
1340 3461 1595 3529 pudicitia
1624 3462 1703 3516 eis
1728 3462 1894 3517 verba
1942 3463 2168 3525 faciens,
2200 3478 2289 3517 ro.

2455 2547 2573 2602 ΞΠ.
2613 2550 2709 2603 Ἐκ
2738 2550 2857 2603 τότε
2887 2544 2980 2604 οὖν
3011 2549 3106 2601 καὶ
3137 2548 3323 2617 ἕτεραι
3344 2548 3532 2601 λοιπὸν
3566 2548 3866 2618 προσίεσαν
3891 2546 3972 2617 τῷ

2389 2642 2698 2708 πράγματι,
2740 2641 2795 2691 at
2831 2640 2929 2709 μὲν
2959 2638 3063 2691 ὑπὸ
3106 2637 3345 2706 εὐγενῶν
3379 2640 3581 2705 γονέων
3622 2640 3713 2690 ἐπὶ
3748 2635 3969 2709 φυλακῇ

2386 2728 2486 2795 τῆς
2536 2728 2835 2799 παρθενίας
2898 2728 3333 2799 προσαγόμεναι,
3384 2728 3439 2778 αἱ
3482 2726 3538 2778 δὲ
3592 2728 3655 2779 ὲκ
3723 2731 3823 2797 τῆς
3856 2728 3973 2779 τῶν

2392 2822 2637 2891 θεάτρων
2666 2820 2889 2889 πομπῆς
2919 2819 2996 2890 τῷ
3044 2819 3275 2887 διαϐόλῳ
3307 2818 3771 2888 ἀποτασσόμεναι,
3810 2819 3886 2881 ὡς
3915 2821 3973 2871 ἐν

2388 2912 2553 2982 ὀλίγῳ
2582 2911 2757 2983 καιρῷ
2786 2911 2922 2982 ὑπὲρ
2945 2912 3043 2971 τὰς
3098 2910 3471 2980 ὲῦδομήκοντα
3514 2910 3848 2979 συναχθῆναι
3877 2912 3974 2963 καὶ

2388 3006 2576 3059 λοιπὸν
2612 3004 2998 3075 προτραπῐψαι
3050 3002 3143 3056 τὸν
3176 3003 3443 3072 μακάριον
3500 3002 3785 3071 εὐκτήριον
3822 2997 3975 3054 οἷκον

2390 3099 2583 3161 αὑταῖς
2607 3096 2985 3166 οἰκοδομῆσαι.
3017 3095 3467 3166 ’Δπαραλείπτως
3490 3090 3585 3149 οὖν
3611 3094 3756 3148 κατὰ
3784 3111 3973 3163 παραο

2393 3192 2595 3261 σκευὴν
2648 3193 2741 3244 καὶ
2794 3189 3070 3259 κνριακὴν
3116 3187 3610 3258 μεταστελλόμενος
3668 3186 3842 3248 αὐτᾶς
3875 3187 3975 3238 καὶ

2390 3286 2479 3338 τὸν
2503 3286 2601 3352 τῆς
2636 3282 2939 3352 παρθενίας
2974 3281 3070 3334 καὶ
3114 3282 3469 3350 σωςροσύνης
3518 3280 3677 3347 λόγον
3712 3278 3974 3347 είσηγςύ-

2399 3394 2557 3448 μενος
2615 3376 2915 3445 παρεκάλει
2949 3373 3219 3427 νουθετῶν
3252 3375 3347 3426 καὶ
3402 3371 3605 3425 πείθων
3634 3370 3807 3439 λήθην
3834 3386 3978 3422 πανο

2400 3467 2527 3536 τελῆ
2559 3466 2889 3528 ποιήσασθαι
2918 3465 3025 3518 τῶν
3055 3463 3147 3517 τοῦ
3184 3463 3297 3531 βίον
3328 3462 3598 3533 τερπνῶν,
3630 3462 3706 3524 ὡς
3739 3478 3979 3530 τερπνο-

719 3553 881 3622 gabat
912 3566 1026 3617 eas,
1080 3553 1378 3607 admonens
1404 3562 1454 3607 et
1510 3555 1590 3608 eis
1621 3557 1980 3623 persuadens,
2015 3562 2072 3607 ut
2098 3554 2293 3609 oblivi-
2324 3525 2367 3585 δ’
2402 3559 2453 3612 τὲ

2402 3525 2574 3629 τέρων
2630 3525 2725 3610 καὶ
2768 3553 3121 3623 ἀσυγκρίτων
3158 3525 3328 3605 ὅ-ντων
3382 3525 3491 3605 τῶν
3522 3554 3577 3603 ὲν
3620 3525 3982 3619 ἐπαγγελίαις

719 3654 1001 3699 sccrentur
1042 3645 1283 3698 omnium
1316 3660 1435 3714 qua:
1464 3657 1590 3700 sunt
1613 3632 1665 3700 in
1699 3647 1807 3701 vita
1829 3645 2090 3713 jucunda,
2111 3655 2296 3715 utpote

718 3736 865 3803 quod
892 3736 1001 3791 sint
1038 3736 1365 3806 jucundiora
1412 3747 1465 3791 et
1497 3737 1946 3806 incomparabilia
1979 3738 2141 3802 bona,
2176 3751 2297 3806 qua!

720 3838 849 3883 sunt
902 3830 959 3883 in
1032 3829 1487 3898 prmnissionibus
1519 3852 1529 3885 :
1563 3838 1616 3885 et
1677 3845 1746 3885 ne
1814 3831 2221 3885 attraltereutur
2265 3844 2294 3882 a

721 3919 905 3973 carnis
936 3918 1322 3989 voluptatibus.
1356 3918 1489 3974 Nam
1520 3919 1622 3975 etsi
1668 3919 1827 3975 nobis
1850 3920 1918 3975 ad
1970 3919 2291 3990 conjugium

722 4023 973 4067 naturam
1010 4012 1155 4068 dedit
1178 4013 1421 4077 Creator,
1446 4030 1543 4068 nos
1572 4030 1759 4070 rursus
1785 4013 2042 4082 dignatus
2070 4024 2154 4069 est
2178 4028 2295 4069 me—

721 4105 841 4160 liori
873 4106 1148 4169 instituto,
1180 4117 1236 4158 nt
1265 4105 1409 4161 bono
1435 4106 1486 4160 id
1518 4107 1659 4175 quod
1685 4114 1769 4162 est
1812 4107 2002 4162 melius
2038 4107 2298 4177 praefera-

724 4212 863 4251 mus.
886 4194 992 4251 Pro
1014 4197 1244 4251 naturali
1268 4212 1500 4267 namque
1520 4200 1886 4266 matrimonio,
1912 4196 1977 4254 in
1998 4214 2107 4269 quo
2130 4200 2294 4255 situm

724 4297 827 4351 cst,
850 4304 869 4337 ι
894 4286 1197 4341 Cresciteet
1214 4287 1644 4354 multiplicamini
1666 4290 1932 4358 etreplete
1958 4299 2155 4344 terram
2176 4291 2241 4355 “,
2273 4310 2293 4343 ›

722 4383 1013 4446 apponitur
1036 4378 1271 4442 viduitas
1300 4389 1353 4433 et
1379 4379 1583 4434 orbitas
1611 4380 1901 4434 liberarunt
1930 4387 2021 4438 :et
2051 4396 2149 4451 pro
2172 4397 2300 4437 con-

723 4485 975 4524 versione
1005 4472 1071 4524 ad
1098 4473 1273 4524 virum
1304 4487 1424 4525 cum
1455 4473 1719 4527 servitute
1751 4473 2075 4528 intolerabili
2109 4475 2298 4545 mysti-

724 4577 816 4627 σος
855 4569 911 4614 et
938 4560 1304 4627 admirabiles,
1331 4571 1380 4614 et
1420 4561 1473 4615 in
1527 4576 1665 4632 quas
1694 4577 1799 4616 non
1848 4564 1995 4618 cadit
2041 4565 2297 4633 viduitas,

729 4654 949 4722 nuptias
996 4652 1282 4722 eligamus,
1332 4669 1535 4724 sponso
1578 4656 1712 4709 uniti
1756 4639 2071 4724 immortali,
2123 4660 2295 4714 forma

722 4744 969 4813 specioso
985 4759 1093 4812 pra:
1110 4744 1234 4798 (iliis
1249 4745 1548 4799 ltOminum.
1569 4746 1933 4813 Quamobrem
1952 4764 2055 4803 non
2082 4760 2299 4819 oportet

2400 3649 2624 3714 ἀγαθῶν
2650 3649 2746 3701 καὶ
2794 3648 2869 3717 μὴ
2900 3645 3312 3716 κατασύρεσθαι
3344 3646 3461 3706 ταῖς
3497 3645 3594 3711 τῆς
3628 3643 3835 3712 σαρκὸς
3869 3642 3987 3709 ἡδο-

2402 3746 2541 3805 ναῖς.
2568 3743 2627 3794 El
2657 3743 2767 3810 γὰρ
2788 3742 2879 3793 καὶ
2897 3738 3058 3808 φύσιν
3086 3740 3220 3809 ἡμῖν
3254 3739 3349 3792 ἐπὶ
3371 3738 3463 3792 τὸν
3488 3737 3663 3806 γάμον
3696 3740 3722 3789 6
3748 3736 3984 3802 ποιητὴς

2400 3837 2734 3905 ἐδωρήσατο,
2782 3833 2918 3887 ἀλλά
2951 3832 3326 3902 προαιρέσεως
3381 3832 3529 3901 ἡμᾶς
3564 3829 3726 3882 πᾶλιν
3762 3829 3989 3894 ἀμεινοο

2398 3927 2564 3995 τέρας
2600 3923 2831 3993 ἠξίωσεν
2860 3924 2893 3993 ἡ
2918 3920 3012 3975 τοῦ
3051 3922 3218 3976 καλοῦ
3262 3922 3322 3975 τὸ
3352 3921 3572 3975 κάλλιον
3602 3918 3983 3987 προτιμήσανο

2401 4035 2491 4080 τος
2513 4034 2529 4050 ⁸
2554 4016 2675 4070 ἀντὶ
2709 4016 2806 4086 μὲν
2837 4017 3019 4085 γάμον
3046 4014 3304 4084 φυσικοῦ,
3330 4012 3415 4080 ἐφ’
3445 4006 3489 4079 ᾧ
3513 4014 3690 4063 κεῖται
3719 4009 3798 4071 τὸ,
3840 4028 3858 4060 ι
3880 4008 3987 4061 Αὖ-

2405 4108 2652 4174 ξάνεσθε,
2681 4107 2776 4161 καὶ
2806 4106 3172 4177 πληθύνεσθε,
3203 4106 3297 4158 καὶ
3326 4102 3654 4174 πληρώσατε
3688 4100 3787 4169 τὴν
3822 4100 3981 4168 γῆν-ι

2401 4201 2476 4265 ὡς
2510 4200 2568 4255 δὲ
2598 4201 2901 4254 ἀντίκειται
2929 4198 3127 4270 χηρεία
3159 4197 3255 4251 καὶ
3293 4195 3556 4250 ἀπαιδεία
3605 4194 3696 4246 καὶ
3732 4192 3870 4261 πρὸς
3895 4191 3989 4243 τὸν

2404 4292 2571 4361 ἄνδρα
2623 4291 2946 4359 ἀποστροφὴ
3009 4288 3149 4359 μετά
3193 4285 3296 4355 τῆς
3327 4284 3657 4339 ἀνυποίστου
3717 4281 3988 4347 δουλείας,

2402 4388 2579 4457 γάμον
2608 4385 2870 4457 μυστικὸν
2900 4385 2996 4437 καὶ
3018 4382 3323 4453 παράδοξον
3344 4382 3439 4433 καὶ
3467 4380 3775 4448 ἀχήρευτον
3796 4376 3989 4429 ἐπιλε-

2400 4478 2613 4547 γόμεθα
2642 4478 2865 4546 νυμφίῳ
2903 4476 3161 4543 ἀθανάτῳ
3193 4473 3495 4541 ὲνούμενοι,
3544 4469 3733 4539 ὡραίῳ
3796 4466 3990 4519 κάλλει

2408 4570 2555 4641 παρά
2586 4572 2710 4633 τοὺς
2734 4570 2882 4631 υἱοὺς
2908 4568 3016 4621 τῶν
3047 4566 3377 4636 ἀνθρώπων.
3407 4564 3499 4617 Διὸ
3535 4564 3594 4616 οὐ
3633 4561 3741 4630 χρὴ
3774 4560 3991 4629 ἀφορᾷν

2403 4663 2541 4730 πρὸς
2573 4661 2731 4715 ἄλλον
2778 4661 2885 4714 τῶν
2934 4661 3027 4712 ἐπὶ
3080 4658 3182 4727 γῆς
3228 4658 3470 4728 ὡραίων,
3525 4656 3601 4718 ὡς
3649 4653 3990 4721 ὡραιότητος

2403 4752 2738 4824 ὠραιοτέρας
2769 4753 2861 4807 τοῦ
2893 4752 3023 4806 Υἱοῦ
3052 4750 3143 4805 τοῦ
3168 4750 3302 4804 Θεοῦ
3349 4749 3425 4819 μὴ
3448 4747 3639 4816 οὖα-ης.
3679 4745 3743 4798 Ἦ
3782 4745 3843 4799 δὲ
3896 4746 3995 4797 καὶ

725 4836 923 4889 intueri
980 4837 1045 4889 ad
1103 4836 1288 4902 alium,
1337 4839 1427 4907 qui
1463 4839 1536 4893 sit
1567 4841 1617 4893 in
1675 4850 1817 4894 terra
1843 4845 2138 4911 speciosus,
2171 4861 2293 4901 cum
2332 4864 2373 4919 ι)
2406 4851 2453 4903 πῖ

2406 4848 2635 4910 πλοῦτος
2666 4846 2760 4901 καὶ
2786 4847 2911 4911 δόξα
2937 4846 2995 4911 ἐξ
3016 4844 3207 4915 ἀνδρὸς
3239 4844 3527 4913 γενήσεται
3565 4840 3895 4907 περιφανής
3925 4839 3993 4891 Τί

725 4926 845 4979 Filii
893 4927 984 4982 Dei
1013 4929 1193 4998 specie
1223 4944 1331 4983 non
1365 4932 1437 4984 sit
1467 4931 1571 4985 alia
1600 4933 1914 5002 speciosior.
1948 4936 2002 4989 Si
2031 4946 2209 4991 autem
2243 4948 2298 4992 et

725 5021 927 5074 divitiae
966 5030 1020 5073 et
1058 5022 1269 5089 insigne
1321 5034 1700 5077 ornamentum
1735 5042 1763 5078 a
1804 5027 1998 5081 marito
2032 5030 2295 5096 procedit,

724 5115 852 5182 quid
886 5126 955 5167 eo
985 5113 1170 5177 ditius,
1225 5116 1316 5184 qui
1350 5123 1431 5169 est
1486 5116 1607 5170 coeli
1642 5125 1697 5169 et
1732 5126 1887 5171 terra
1928 5117 2209 5182 Dominus,
2245 5132 2299 5174 et

724 5208 929 5269 prmliet
961 5202 1209 5271 spiritum
1238 5215 1291 5257 et
1319 5204 1527 5258 vitam?
1556 5204 1613 5258 Si
1639 5219 1765 5259 vero
1791 5220 2023 5274 sponsus
2044 5218 2127 5260 est
2147 5208 2297 5262 claro

725 5309 923 5363 genere
957 5306 1135 5360 natus,
1167 5296 1293 5364 quid
1345 5308 1427 5352 est
1466 5296 1613 5366 Rege
1646 5297 1959 5363 angelorum
1992 5300 2192 5356 clarius
2240 5312 2296 5356 et

724 5385 1052 5455 gloriosius?
1098 5388 1153 5443 Si
1188 5397 1366 5441 autem
1407 5397 1490 5442 est
1520 5389 1739 5457 sapiens
1784 5399 1838 5444 et
1874 5392 2298 5461 circumspectus

725 5476 942 5547 caujux,
990 5480 1116 5549 quid
1178 5490 1258 5535 est
1325 5480 1619 5548 sapientius
1654 5481 1860 5551 Opiﬁce
1894 5485 2155 5551 omnium,
2188 5493 2297 5541 tam

804 5618 850 5649 “
874 5613 1015 5671 Gen.
1049 5633 1085 5678 ι,
1131 5618 1211 5671 l8.

1139 5862 1186 5899 "ll
1197 5885 1210 5900 ι

2400 4940 2808 5007 πλουσιώτερον
2844 4937 2938 4990 τοῦ
2970 4937 3327 4999 δεσπόζοντος
3354 4932 3587 5003 οὐρανοῦ
3624 4932 3721 4984 καὶ
3756 4933 3863 4999 γῆς
3895 4932 3995 4984 aut

2399 5034 2730 5104 παρέχοντος
2754 5034 2923 5101 πνοὴν
2947 5032 3039 5084 καὶ
3060 5030 3205 5101 ζωήν
3226 5047 3239 5095 ;
3267 5030 3329 5082 Εἰ
3351 5029 3406 5081 δὲ
3429 5030 3523 5081 καὶ
3546 5027 3738 5094 γένους
3770 5024 3990 5088 ἐνδόξου

2397 5130 2425 5181 6
2462 5126 2715 5196 νυμφίος,
2745 5125 2800 5179 τί
2840 5125 3109 5194 βασιλέως
3133 5122 3381 5191 ἀγγέλων
3412 5119 3794 5187 ὲνδοξότερονς
3838 5116 3903 5169 Εἰ
3933 5117 3991 5168 δὲ

2402 5222 2564 5289 σοφὸς
2588 5218 2681 5271 καὶ
2705 5218 3064 5289 περίϐλεπτος
3102 5220 3130 5270 6
3154 5215 3424 5277 σύνοικος,
3461 5212 3513 5266 τί
3557 5211 3872 5279 σοφώτερον
3894 5206 3992 5260 τοῦ

2404 5314 2623 5367 πάντων
2658 5312 2872 5380 ὁρατῶν
2906 5312 3000 5365 καὶ
3054 5309 3303 5376 ἀοράτων
3351 5302 3716 5376 Δημιουργοῦ,
3773 5295 3836 5354 οὗ
3868 5317 3993 5351 συν.

2407 5406 2568 5472 ἁφεια
2602 5406 2717 5467 ταῖς
2742 5403 2922 5457 αὐτῶν
2950 5402 3399 5474 μνηστευθείσαις
3424 5398 3570 5469 χαρᾶ
3592 5394 3991 5460 ἀνεκλάλῃτος,

2408 5495 2895 5559 λειποτακτούσαις
2944 5496 2999 5548 δὲ
3062 5496 3284 5558 κόλασις
3335 5491 3749 5561 ἀπαραίτητος;
3778 5483 3991 5552 ταύτης

964 5770 1128 5830 “me
1189 5776 1557 5840 procuratoris
1622 5778 1909 5848 generalis,
1971 5778 2282 5846 ἐπίτροπος,
2328 5791 2453 5846 υτοε

2394 5786 2667 5843 ocurator,
2728 5777 3181 5849 πεντεπίτροπος,
3244 5779 3482 5848 quinque
3568 5777 3702 5831 viris
3796 5791 3984 5833 rerum
