4218 6482
282 440 423 506 1123

1555 439 1736 502 VlTA
1777 436 1838 500 S.
1872 439 2277 503 AUXENTII.

3421 434 3558 501 1434

279 557 380 624 τῆς
417 555 713 626 μνηστείας
744 553 910 624 ἡδονὴ
945 553 1139 623 πείρας
1167 550 1440 624 σαρκικῆς
1463 551 1712 622 οὐδεμία,
1740 553 1864 622 ἀρε-

1979 567 2102 620 qua:
2125 554 2226 606 sub
2275 561 2556 622 aspectum
2611 552 2812 608 cadunt
2840 566 3003 622 quam
3029 559 3154 620 quae
3183 565 3290 606 non
3318 551 3520 604 cadunt
3545 552 3570 602 2

236 716 255 733 μ
280 645 380 716 τῆς
407 647 461 702 δὲ
491 649 676 716 πάσης
698 649 794 701 καὶ
820 644 1193 716 ἀγαθοεργίας
1226 645 1323 698 καὶ
1364 642 1622 714 ὁμονοίας
1673 643 1770 696 σὺν
1801 644 1867 712 τῇ

278 741 345 792 ἐκ
369 740 625 810 νηστείας
659 741 756 792 καὶ
780 737 1093 807 ἀγρυπνίας
1122 735 1338 807 ἀνδρίᾳ.

1977 642 2149 712 Cujus
2200 645 2514 713 conjunctio
2548 646 2660 698 suis
2708 646 2923 711 cponsis
2975 654 3062 699 est
3095 643 3350 714 gaudium
3379 640 3570 696 ineffa-

1981 737 2089 790 bile
2121 757 2134 792 :
2168 739 2234 792 iis
2258 750 2437 793 autem
2461 753 2583 808 qua:
2616 737 2866 791 ordinem
2913 739 3192 800 deserunt,
3243 745 3327 789 est
3361 732 3567 802 suppli-

280 831 426 886 cium
480 817 810 886 inevitabile.
839 831 1012 899 Hujus
1067 829 1509 900 desponsationis
1555 828 1701 884 nulla
1747 838 1828 880 est
1867 831 2103 883 carnalis
2142 833 2496 900 experientia:
2537 832 2804 898 voluptas,
2867 831 2960 884 sed
2999 829 3269 881 universa:
3319 826 3560 880 virtutis-

282 923 766 992 benenccntiazque
792 931 843 977 et
875 923 1200 985 concordlre,
1235 937 1356 978 cmu
1397 936 1459 976 ea
1501 935 1621 991 quae
1678 916 1974 990 percipitur
2035 937 2098 977 ex
2126 924 2354 990 jejunio,
2386 925 2691 990 vigiliisque
2722 935 2777 977 et
2806 923 2972 976 animi
3005 921 3342 975 fortitudine.

350 1016 468 1070 El".
505 1014 740 1084 Νήψεως
759 1010 853 1068 οὖν
878 1015 1038 1084 χρεία
1075 1013 1344 1077 πλείονος,
1404 1015 1486 1066 ὅτι
1517 1015 1642 1073 ταῖς
1671 1011 1770 1080 μὲν
1810 1010 1867 1061 ὲν

280 1107 359 1176 τῷ
399 1107 497 1178 βίῳ
528 1107 634 1159 ὑπὸ
655 1107 754 1161 τοῦ
782 1107 988 1170 πάθους
1039 1107 1398 1178 ὀχλουμέναις
1428 1106 1594 1174 ἐγγὺς
1624 1104 1686 1157 rb
1743 1103 1871 1172 ﬂor,-

282 1201 432 1270 θημα
465 1200 551 1253 διὰ
583 1201 682 1269 τῆς
708 1201 937 1270 ἐννόμου
977 1199 1458 1267 συγκαταθέσεως,
1489 1200 1608 1262 ταῖς
1636 1196 1692 1251 δὲ
1729 1213 1869 1267 παρ-

281 1293 457 1355 θένοις
484 1294 578 1345 καὶ
613 1292 890 1362 σώφροσιν
926 1292 1145 1361 ἡδοναῖς
1180 1291 1674 1363 προσκλινομέναις
1702 1291 1868 1361 χαλε-

280 1386 382 1437 πῖν
412 1384 473 1438 τὸ
495 1385 766 1452 ,ναυάγιον
791 1383 884 1437 καὶ
915 1384 1105 1453 βαρεῖα
1141 1385 1172 1456 ἡ
1206 1385 1502 1447 ἔκπτωσις,
1534 1383 1726 1453 Μέγας
1758 1383 1869 1452 γὰρ

279 1476 382 1545 τῆς
410 1478 765 1545 σωφροσύνης
795 1477 822 1528 ὁ
853 1479 1022 1546 ἁγὼν,
1079 1477 1201 1531 ἐπεὶ
1251 1479 1428 1548 μέγας
1471 1478 1676 1548 ταύτης
1712 1481 1804 1532 καὶ
1842 1479 1871 1529 ὁ

282 1571 568 1637 στέφανος.
625 1568 899 1639 ’ΔλλἛστρ
937 1569 1139 1638 μείζων
1189 1571 1285 1623 καὶ
1338 1573 1366 1622 ὁ
1400 1569 1582 1634 πόνος,
1629 1568 1869 1639 τοσούτῳ

281 1663 486 1733 μείζων
529 1664 629 1715 καὶ
688 1661 867 1730 πολλῷ
920 1661 1124 1729 μᾶλλον
1186 1663 1214 1714 ὁ
1251 1659 1464 1730 μισθός.
1511 1662 1638 1714 Ἐὰν
1668 1659 1760 1713 οὖν
1793 1661 1867 1731 μὴ

279 1753 523 1823 προδῶτε
549 1753 792 1824 ῥαθυμίᾳ
824 1755 916 1806 καὶ
956 1753 1398 1822 ματαιοποιήσει,
1426 1755 1484 1806 ὲν
1505 1756 1620 1816 τοῖς
1644 1754 1866 1821 μέλεσιν

2054 1014 2244 1069 LXlll.
2279 1015 2464 1084 Majori
2491 1029 2619 1067 vero
2647 1014 2895 1067 cautione
2919 1023 2969 1066 et
2993 1013 3270 1080 diligentia
3298 1019 3378 1064 est
3404 1026 3564 1076 opnc,

1977 1109 2119 1174 quod
2154 1109 2219 1162 iis
2243 1109 2484 1176 quidem,
2517 1107 2606 1174 qui
2639 1108 2690 1157 in
2732 1107 2933 1158 tnnnzlo
2961 1113 3224 1159 vexantur
3267 1122 3292 1153 a
3342 1104 3562 1155 hhidtue

1977 1201 2030 1255 in
2066 1212 2316 1269 promptu
2339 1210 2421 1254 est
2445 1200 2743 1252 remedium
2768 1214 2860 1268 per
2880 1200 3177 1255 legitiunnn
3199 1211 3519 1248 consensui--
3549 1212 3562 1255 ;

1978 1295 2280 1364 virginibus
2311 1305 2492 1347 autem
2513 1303 2567 1347 et
2602 1291 3033 1355 continentibus,
3061 1293 3099 1342 si
3138 1303 3420 1356 prepeuste
3454 1289 3565 1340 sint

1977 1387 2043 1438 ad
2083 1387 2403 1452 voluptates.
2439 1401 2604 1454 gravo
2643 1395 2724 1438 est
2785 1383 3132 1450 naufragium
3183 1391 3232 1434 et.
3261 1381 3440 1449 gravis
3472 1394 3566 1433 ca-

1971 1493 2095 1540 stis;
2131 1488 2210 1531 est
2244 1478 2388 1530 enim
2421 1492 2670 1544 magnum
2697 1487 2974 1530 certamen
3006 1474 3561 1540 tentperuntim.quo-

1971 1572 2116 1624 niam
2174 1585 2361 1637 magna
2422 1585 2638 1638 quoque
2669 1581 2751 1622 est
2797 1569 2914 1637 «jus
2944 1581 3167 1620 corona.
3199 1564 3303 1618 Sed
3337 1579 3445 1631 quo
3477 1570 3562 1615 est

1971 1663 2142 1729 major
2195 1663 2363 1724 labor,
2400 1678 2464 1715 eo
2515 1674 2598 1715 est
2655 1662 2820 1714 etiam
2876 1659 3048 1726 major
3080 1672 3312 1712 merces.
3352 1655 3406 1708 Si
3439 1670 3559 1708 eam

1969 1770 2096 1825 ergo
2128 1771 2235 1808 non
2269 1753 2608 1807 tradideritis
2647 1753 2850 1818 torpori
2879 1765 2931 1805 et
2963 1751 3231 1819 segnitia,
3268 1749 3319 1800 in
3364 1750 3560 1802 vestris

281 1848 436 1916 ὑμῶν
468 1849 628 1918 ἡδονὴ
653 1845 1014 1916 θυραυλοῦσα.
1059 1845 1352 1898 Ἀκούσατε
1387 1846 1494 1913 γὰρ
1528 1846 1660 1915 παρ’
1686 1845 1861 1914 ὑμῶν,

1972 1849 2228 1901 nterubris
2254 1847 2450 1900 frustra
2483 1846 2753 1899 laborabit
2791 1846 3061 1912 voluptas,
3102 1843 3248 1897 fores
3272 1841 3553 1894 obsidens.

277 1940 360 1992 ὃτι
398 1939 457 1992 τδ
485 1940 585 2007 μὲν
609 1938 707 2007 ἡδὺ
734 1937 831 2005 τῆς
867 1937 1142 2008 ἁμαρτίας
1173 1936 1540 2007 βραχύτατον,
1580 1938 1642 1989 τὸ
1672 1937 1729 1990 δὲ
1757 1937 1865 1989 δει-

277 2032 372 2084 νὸν
401 2029 503 2098 τῆς
532 2029 803 2096 τιμωρίας
827 2027 1068 2090 αἰώνιον,
1106 2027 1300 2080 Ἀπιθι
1333 2028 1426 2097 ἀφ’
1455 2025 1610 2098 ἡμῶν
1629 2044 1644 2060 ’
1695 2028 1864 2098 οὐρά-

279 2139 390 2174 νιον
441 2120 551 2191 γὰρ
596 2121 830 2190 νυμφίον
856 2117 1239 2190 ἡρμοσάμεθα,
1275 2120 1531 2191 Χριστὺν,
1558 2121 1865 2192 παρθένους

276 2213 448 2280 ἁγνὰς
471 2212 775 2282 παρθένους
806 2213 1024 2276 έαυτάς.
1048 2214 1290 2283 Στήσατε
1317 2211 1410 2266 οὖν
1442 2216 1551 2277 τοῖς
1579 2213 1864 2282 λογισμοῖς

275 2304 434 2376 ὑμῶν
487 2303 986 2374 θησαυροφύλακας
1055 2306 1114 2358 ἐν
1147 2307 1269 2367 ταῖς
1313 2304 1602 2372 αἰσθήσεσι
1653 2303 1722 2357 τὰ
1766 2302 1863 2357 τοῦ

275 2397 516 2468 Χριστοῦ
545 2396 860 2466 ἐντάλματα
905 2397 1138 2450 πάντοτε
1181 2395 1535 2466 εἰσφέρουσαι
1585 2397 1723 2466 πρὸς
1769 2395 1864 2449 τὶν

273 2489 372 2558 τῆς
410 2486 710 2558 παρθενίας
739 2487 836 2538 καὶ
861 2485 1226 2556 σωφροσύνης
1271 2486 1571 2554 ἁγιασμδν,
1623 2487 1698 2555 μή
1730 2501 1862 2538 ποτε

273 2580 324 2632 οἱ
353 2579 564 2633 τούτων
592 2579 788 2649 λῃσταὶ
841 2576 927 2630 διὰ
967 2577 1078 2629 τῶν
1107 2575 1200 2629 τοῦ
1251 2575 1565 2647 βλέμματος
1595 2576 1862 2630 ἀνέλθωσι

273 2671 529 2741 θυρίδων,
565 2669 661 2722 καὶ
690 2669 759 2721 δι’
819 2667 992 2737 ἀκοῆς
1023 2667 1340 2720 εἰσέλθωσιν
1389 2667 1632 2737 εὐχερῶς
1683 2682 1863 2735 παρα-

275 2763 565 2824 πείσαντες
588 2760 678 2814 τὸν
708 2759 834 2813 νοῦν
855 2761 930 2821 ὡς
953 2759 1204 2831 πυλωρὸν
1227 2759 1323 2812 καὶ
1344 2761 1413 2813 τὰ
1435 2760 1535 2829 τῆς
1564 2757 1864 2832 παρθενίας

271 2853 660 2919 οιανοίξαντες,
685 2852 859 2924 λάθρα
888 2852 1281 2924 ὰποσυλὴσωσι
1327 2852 1426 2922 τὴν
1456 2851 1612 2921 ὑμῶν
1642 2869 1860 2922 σωφροο

274 2947 467 3014 σύνην,
500 2945 597 2998 καὶ
622 2942 893 3013 ποιήσωσι
915 2943 1144 3014 χηρείας
1179 2941 1360 3010 πάσης
1404 2941 1505 3012 τὴν
1557 2940 1860 3020 παροθενίαν

270 3038 632 3106 ἀθλιωτέραν.
671 3035 919 3089 Χαλεπδν
948 3037 1059 3103 γὰρ
1106 3035 1202 3086 καὶ
1252 3031 1413 3086 τοῦτο
1442 3033 1502 3084 τὸ
1531 3032 1860 3100 ἁμάρτημα,

1969 1941 2162 1992 Audiet
2199 1940 2340 1992 enim
2374 1955 2401 1990 u
2435 1939 2606 2001 vobis,
2639 1938 2781 2005 quod
2819 1937 2868 1989 id
2928 1936 3069 2002 quod
3101 1934 3306 2002 peccati
3341 1931 3555 2001 quidem

1967 2043 2051 2086 est
2082 2033 2401 2099 jucundum,
2435 2039 2519 2084 est
2556 2029 2958 2091 brevissimum,
2995 2039 3197 2080 aeterna
3247 2035 3430 2078 autem
3469 2035 3557 2077 est

1967 2125 2205 2196 gravitas
2240 2124 2510 2192 supplicii.
2565 2122 2775 2175 Recede
2829 2136 2856 2173 a
2893 2122 3047 2174 nobis
3079 2137 3092 2173 :
3131 2120 3343 2173 crnlesti
3410 2119 3554 2170 enim

1967 2231 2166 2286 sponso
2220 2217 2502 2282 desponsa:
2565 2230 2752 2268 sumus
2812 2213 3052 2272 Christo,
3085 2224 3141 2264 ut
3175 2228 3274 2265 nos
3307 2212 3551 2275 virgines

1968 2323 2148 2365 castas
2179 2311 2582 2363 exhiberemus.
2619 2307 2851 2361 Statuite
2876 2322 3006 2374 ergo
3047 2305 3287 2359 rationes
3322 2316 3550 2366 vestras,

1965 2401 2218 2456 custodes
2240 2400 2402 2469 hujus
2423 2399 2688 2461 thesauri,
2717 2399 2769 2452 in
2795 2399 3040 2452 sensibus
3068 2397 3322 2450 mandata
3347 2395 3550 2450 Christi

1968 2509 2186 2563 semper
2240 2491 2479 2547 ferentes
2522 2509 2537 2545 :
2577 2492 2813 2558 primum
2875 2500 3053 2544 autem
3115 2490 3445 2558 virginitatis
3497 2499 3552 2542 et

1968 2585 2341 2653 temperantia:
2361 2584 2874 2644 sanctilicationem,
2909 2599 2975 2637 ne
2999 2584 3137 2637 forte
3167 2583 3288 2652 ejus
3316 2583 3554 2636 latrone:

1932 2688 1937 2692 '
1967 2676 2266 2730 ascendant
2317 2691 2412 2744 per
2440 2676 2731 2738 fenestras,
2763 2686 2820 2728 et
2867 2675 3242 2743 ingrediantur
3274 2689 3369 2743 per
3395 2676 3551 2729 audi-

1969 2779 2103 2833 ιιιιιι,
2136 2783 2203 2823 ne
2241 2783 2502 2833 persuasa
2537 2779 2715 2823 mente
2741 2769 3269 2835 tanquamjanitore.
3297 2778 3551 2837 etaperla

1967 2862 2298 2933 virginitate,
2335 2862 2641 2917 clanculum
2711 2863 2862 2916 vobis
2894 2873 3133 2916 vestram
3194 2861 3427 2928 eripiant
3461 2859 3554 2914 lato

1967 2954 2164 3017 titiam,
2195 2962 2249 3008 et
2281 2953 2483 3006 faciant
2519 2953 2884 3021 virginitatem
2919 2953 3112 3017 quavis
3166 2953 3426 3006 viduitate
3452 2953 3558 3005 mi-

1967 3048 2250 3102 seriorem.
2286 3043 2384 3100 Est
2407 3061 2538 3100 vero
2570 3047 2672 3099 hoc
2705 3060 2960 3114 magnum
2991 3055 3043 3098 et
3078 3061 3244 3113 grave
3263 3053 3550 3114 malum

273 3133 369 3184 καὶ
395 3131 532 3200 βαρῦ
560 3131 672 3191 τοῖς
692 3128 1044 3198 πράττουσιν,
1065 3127 1146 3180 ὅτι
1167 3128 1268 3178 οὐκ
1294 3127 1410 3179 ἴσον
1434 3125 1554 3176 ἐστὶ
1579 3124 1858 3194 ἔγκλημα,

1969 3138 2036 3193 iis
2085 3138 2177 3207 qui
2210 3139 2438 3192 faciunt.
2473 3136 2589 3191 Non
2643 3147 2728 3191 est
2757 3139 2901 3190 enim
2935 3153 3033 3206 par
3068 3147 3370 3206 peccatum,
3415 3135 3557 3188 tuui-

277 3223 485 3293 χιτῶνα
514 3221 808 3290 διαρρῆξαι
858 3220 952 3272 καὶ
1006 3218 1338 3288 πορφυρίδα,
1379 3216 1638 3286 βασιλέως
1675 3217 1862 3269 εἰκόνα
1901 3244 1904 3248 -

273 3315 569 3387 δ.αρῥῆξαι
592 3315 687 3367 καὶ
715 3312 950 3366 ἰδιώτου.
980 3311 1200 3374 Είκὸνες
1225 3312 1332 3381 γὰρ
1354 3310 1488 3363 Θεοῦ
1511 3312 1568 3362 αἰ
1601 3311 1860 3379 παρθένοι

275 3411 436 3468 εἰσὶν,
464 3406 629 3459 αὑτὸν
662 3406 720 3457 ὲν
763 3405 882 3466 ταῖς
903 3403 1154 3465 ,ἐννοίαις
1186 3402 1413 3471 ἔχουσαι
1442 3400 1856 3470 γεγραμμένον,

273 3505 334 3554 ἐν
364 3495 453 3561 αἷς
492 3499 556 3551 τὸ
609 3497 961 3566 κατατολμᾷν
990 3493 1324 3564 τυραννικῆς
1352 3492 1740 3563 παραπληξίας
1766 3493 1860 3560 ἐγ-

271 3595 550 3665 χείρημαο
609 3593 705 3643 καὶ
769 3589 857 3642 διὰ
909 3587 1068 3640 τοῦτο
1125 3587 1224 3656 τῆς
1261 3585 1726 3656 πορνευομένηςὴ
1760 3587 1859 3654 τῆς

270 3682 756 3754 παρθενευομένης
812 3679 992 3750 φθορὰ
1057 3680 1400 3750 μιαρωτέρα.
1461 3679 1576 3732 Οὐκ
1630 3679 1718 3747 ι’ση
1746 3681 1857 3747 γὰρ

268 3779 530 3845 ἀσέλγεια
566 3775 667 3843 τῆς
711 3772 1068 3844 προεστώσης
1099 3773 1196 3825 καὶ
1225 3771 1325 3840 τῆς
1358 3771 1437 3841 τῷ
1480 3771 1702 3842 Χριστῷ
1733 3787 1859 3824 συν-

269 3869 543 3937 αφθείσης
564 3883 577 3897 ·
616 3864 742 3918 οὔτε
801 3867 911 3935 γὰρ
933 3866 1022 3931 ἴση
1053 3863 1231 3934 κλοπὴ
1283 3865 1514 3926 σκεύους
1543 3864 1853 3936 ἀργυραίου

270 3963 368 4014 καὶ
391 3957 695 4030 ἱερατικοῦ.
765 3956 965 4015 Σικεῦος
997 3956 1052 4008 δὲ
1081 3955 1356 4026 ἱερατικὸν
1388 3956 1422 4024 ἡ
1455 3955 1730 4026 παρθένος
1760 3956 1856 4010 καὶ

270 4051 548 4121 πορφυρὶς
572 4051 639 4120 ἣν
661 4051 762 4103 οὐκ
775 4048 983 4113 ἔξεστιν
1006 4045 1151 4117 ἄλλῳ
1173 4046 1312 4118 πλὴν
1331 4047 1440 4102 τῶν
1455 4049 1592 4103 ὅλων
1610 4048 1858 4120 Δεσπότῃ

269 4144 369 4196 καὶ
398 4142 612 4212 βασιλεῖ
645 4137 1094 4210 περιϐάλλεσθαι.

347 4321 463 4376 ΞΔἎ
493 4323 556 4376 Εἰ
605 4322 661 4376 δὲ
717 4321 814 4376 καὶ
849 4321 1045 4391 -γάμος
1072 4321 1201 4389 ὑμῖν
1251 4319 1479 4388 ἔννομος
1511 4319 1856 4391 παρενοχλεῖ,

269 4418 385 4470 τῶν
418 4419 482 4470 ἐκ
506 4415 698 4468 τούτου
733 4415 1032 4484 συμφορῶν
1061 4416 1156 4467 καὶ
1186 4413 1324 4480 πρδς
1346 4413 1443 4484 τὴν
1476 4411 1621 4466 Εὕαν
1652 4414 1862 4482 ἀποφάο

271 4525 416 4562 σεων
437 4507 736 4569 ἀκούσατε,
775 4499 849 4560 ὧν
882 4508 1040 4578 ὑμεῖς
1069 4508 1483 4577 ἠλευθερώθητε
1512 4508 1853 4575 ἀπαλλαγεῖ-

272 4618 369 4655 σαι
426 4601 513 4653 διὰ
550 4600 648 4669 τῆς
681 4600 981 4668 παρθενίας
1012 4599 1252 4669 ὑποψίας
1285 4602 1524 4669 ματαίας
1557 4601 1859 4668 ὑπενέγκαι
1894 4582 1938 4637 Ῑ)

271 4693 597 4763 ἐγκλήματα
642 4691 1000 4762 πορνεύοντος
1046 4693 1339 4762 ἀνέχεσθαι
1376 4693 1569 4763 ἀνδρὸς
1610 4695 1857 4759 ἐξουσίαν

271 4786 492 4853 ἔχοντος
531 4783 628 4836 καὶ
654 4785 930 4854 χρήσιμον
986 4784 1341 4854 ἀφαιρεῖσθαι
1401 4786 1631 4855 πρόοδον
1694 4803 1854 4854 περι-

271 4878 518 4948 στροφῆς
549 4876 926 4930 διευθύνεσθαι
965 4878 1349 4946 κοσμουμένας
1373 4893 1387 4908 ·
1431 4878 1856 4946 ζηλοτυπείσθαι

276 4973 415 5038 πρὶν
463 4971 646 5021 τεκεῖν
693 4967 1078 5032 διαπτύεσθαι,
1119 4969 1374 5038 καθάπερ
1424 4970 1580 5026 οὔπω
1612 4978 1862 5047 γαμετὴν

275 5060 570 5115 τεκοῦσαν.
613 5061 712 5112 Διὰ
740 5061 792 5113 τί
823 5061 896 5130 μὴ
934 5063 1127 5131 ᾶρῤεν,
1183 5061 1320 5115 ἀλλὰ
1379 5062 1514 5131 θῆλυ
1543 5065 1603 5117 τὸ
1631 5068 1858 5136 τεχθένς

276 5157 374 5206 ἐὰν
403 5153 459 5206 δὲ
513 5153 608 5204 καὶ
637 5151 829 5223 ἄρρεν,
883 5153 1021 5206 ἀλλὰ
1066 5153 1155 5208 διὰ
1191 5154 1242 5208 τί
1300 5154 1374 5224 μὴ
1407 5155 1608 5224 ὡραῖον
1636 5177 1650 5218 ;
1684 5161 1778 5214 ἐὰν
1802 5162 1860 5213 δὲ

276 5248 372 5297 καὶ
397 5246 620 5313 ὡραῖον,
649 5244 821 5296 πλείω
850 5246 882 5314 ὴ
915 5246 1136 5314 φροντίς
1160 5264 1175 5278 ο
1210 5247 1363 5302 οὖπω
1388 5251 1660 5317 γάλακτος
1685 5254 1858 5325 ἀπηλ-

271 5335 417 5402 λάγη
447 5335 537 5386 καὶ
575 5334 742 5397 πολὺς
774 5335 901 5404 περὶ
940 5337 1251 5407 ἀνατροφῆς
1273 5340 1301 5390 ὁ
1329 5339 1478 5408 ἁγών
1498 5358 1512 5372 ⁸
1541 5343 1636 5395 ἐὰν
1667 5361 1725 5396 τε
1758 5363 1855 5396 αυ-

277 5426 439 5495 ξῃθῇ,
497 5426 584 5479 ἵνα
639 5428 712 5498 μὴ
764 5428 992 5500 νοσήσῃ,
1038 5429 1133 5481 ἐὰν
1178 5431 1234 5484 δὲ
1270 5432 1366 5484 καὶ
1389 5424 1619 5505 νοσήσῃ,
1660 5436 1746 5488 ἵνα
1782 5436 1855 5506 μὴ

273 5517 526 5587 ἀποθάνῃ
549 5535 562 5548 ·
593 5519 689 5570 ἐὰν
726 5517 781 5572 δὲ
808 5519 883 5590 μὴ
911 5520 1209 5594 τελευτήσῃ
1252 5525 1328 5586 ὡς
1365 5526 1493 5595 περὶ
1528 5525 1728 5591 ζῶντος
1763 5545 1859 5581 πε-

279 5607 596 5677 ρισσότερος
621 5608 854 5674 ὀκόπος,
875 5608 947 5680 μὴ
983 5613 1229 5677 παιδείας
1252 5615 1522 5686 ἀποτύχῃ,
1559 5617 1635 5686 μὴ
1673 5621 1856 5683 κακῶς

277 5701 486 5769 ἀποϐῇ.
518 5701 592 5769 μὴ
629 5702 734 5754 ὑπὸ
763 5705 927 5756 τινῶν
951 5687 1260 5777 ἀνατραπῇ,
1291 5708 1365 5780 μὴ
1395 5711 1534 5776 μετὰ
1565 5713 1857 5781 ἀχρήστων

268 5789 664 5860 κατασπασθῇ,
699 5792 773 5862 μὴ
805 5795 862 5845 ἐν
893 5792 1102 5863 θηρίοις
1131 5797 1429 5870 ἀχρειωθῇ,
1461 5800 1534 5871 μὴ
1569 5804 1626 5854 ὲν
1652 5821 1851 5870 προκι-

274 5883 402 5945 παῖς
427 5881 772 5956 διαῖωνηθίΓ
809 5885 972 5941 πάθεν
1013 5888 1072 5942 τὰ
1101 5891 1237 5962 πρὸς
1260 5891 1357 5963 τὴν
1389 5895 1578 5965 χρείαν
1614 5900 1855 5968 χορηγή-

1969 3247 2088 3286 cam
2126 3232 2376 3300 frangere
2404 3239 2456 3284 et
2486 3245 2782 3298 purpuram
2816 3249 2829 3284 :
2864 3230 3206 3298 imperatoris
3263 3229 3554 3296 imaginem

1970 3337 2223 3391 rumpere
2247 3333 2300 3376 et
2325 3323 2542 3391 privati.
2562 3320 2656 3375 Dei
2685 3323 2827 3376 enim
2866 3320 3128 3390 imagines
3148 3330 3272 3374 sunt
3295 3319 3554 3388 virgines,

1971 3417 2146 3485 ipsum
2193 3414 2460 3468 habentes
2527 3414 2856 3480 descriptum
2897 3414 2948 3467 in
2991 3412 3415 3482 regitationibus
3453 3429 3466 3464 :
3499 3412 3551 3464 in

1969 3524 2107 3578 quas
2143 3509 2345 3562 audere
2405 3509 2608 3576 aliquid
2655 3509 2962 3572 admittere,
3004 3517 3082 3561 est
3134 3506 3345 3560 facinus
3375 3515 3557 3576 tyran-

1972 3604 2106 3657 nica:
2137 3601 2390 3655 amentia:
2427 3617 2440 3652 :
2471 3609 2523 3653 et
2558 3601 2675 3654 ideo
2709 3599 2926 3668 virgini,
2950 3614 3110 3667 quant
3145 3598 3193 3652 ei
3227 3614 3344 3666 quru
3381 3596 3556 3650 forni-

1967 3709 2143 3760 catur,
2194 3696 2384 3750 vitium
2442 3695 2659 3760 afferre,
2717 3706 2801 3749 est
2861 3695 3032 3764 magis
3064 3693 3408 3750 sceleratum.
3437 3691 3552 3745 Non

1968 3798 2053 3844 est
2086 3789 2228 3842 enim
2263 3804 2364 3857 par
2387 3789 2554 3843 libido
2592 3790 2653 3841 in-
2680 3804 2800 3842 eam
2850 3803 2970 3856 quae
3003 3797 3231 3856 prostat,
3267 3796 3322 3840 et
3353 3786 3404 3838 in
3433 3800 3553 3839 eam

1970 3897 2090 3952 qua:
2126 3887 2210 3934 est
2273 3881 2494 3934 Christo
2520 3881 2832 3949 conjuncta.
2865 3879 2980 3933 Non
3025 3888 3106 3933 est
3137 3879 3279 3932 enim
3314 3893 3412 3946 par
3446 3877 3559 3930 fur-

1972 3983 2082 4028 tum
2121 3973 2264 4027 vasis
2294 3972 2545 4040 forensis,
2578 3982 2629 4027 et
2687 3972 3062 4028 sacerdotalis.
3096 3970 3206 4026 Vas
3241 3984 3421 4025 autem
3461 3987 3554 4025 sa-

1969 4066 2244 4120 cerdotale
2275 4075 2356 4120 est
2389 4066 2560 4134 virgo,
2591 4077 2645 4118 et
2671 4081 2926 4134 prtrpura,
2953 4080 3116 4134 quam
3147 4064 3276 4118 nulli
3306 4064 3397 4117 alii
3428 4063 3554 4117 licet

1971 4155 2217 4219 induere,
2279 4165 2636 4225 praeterquam
2692 4155 2823 4225 Regi
2879 4164 2932 4209 et
2993 4155 3219 4208 Domino
3269 4153 3552 4208 universo-

1969 4263 2115 4301 rum.

2043 4337 2230 4392 LXIV.
2265 4338 2420 4405 Quod
2479 4341 2524 4393 si
2557 4340 2719 4393 etiam
2757 4354 2853 4394 vos
2892 4338 3192 4409 legitimum
3223 4347 3407 4392 movet
3435 4353 3552 4391 ma‘

1971 4430 2317 4494 trimouium,
2355 4430 2537 4484 audite
2559 4431 2678 4500 ejus
2710 4431 3067 4494 calamitates,
3085 4438 3135 4482 et
3161 4429 3353 4496 quaein
3389 4428 3552 4482 Evam

1969 4525 2334 4590 pronuntiata!
2412 4533 2542 4576 sunt
2594 4523 2902 4587 sententiae,
2964 4536 2990 4572 a
3050 4520 3250 4590 quibus
3291 4533 3386 4573 vos
3422 4519 3554 4574 estis

1971 4617 2234 4681 liberam,
2267 4623 2488 4668 remoue
2515 4628 2612 4683 per
2634 4613 2997 4683 virginitatem
3025 4629 3052 4664 a
3079 4611 3216 4665 mala
3241 4611 3552 4679 suspicione

1972 4709 2217 4778 patiendi
2273 4707 2512 4781 crimina
2550 4706 2729 4760 mariti
2763 4705 3102 4769 fornicantis,
3134 4707 3224 4773 qui
3257 4704 3549 4771 habento-

1982 4810 2234 4854 testaletn
2279 4798 2598 4866 prohibendi
2654 4812 2720 4852 ne
2751 4812 2844 4853 eas
2873 4812 2980 4863 quo
3006 4798 3098 4850 tibi
3132 4797 3386 4865 expedit:
3420 4811 3549 4848 con-

1967 4891 2351 4944 versationem
2399 4889 2739 4974 probibendi,
2772 4900 3031 4956 comptas-
3064 4887 3332 4957 zelorytﬂll
3369 4884 3553 4957 prose-

1967 4983 2165 5053 quendi
2191 4999 2206 5048 ;
2233 4983 2280 5035 ei
2312 4995 2432 5051 quae
2466 4981 2692 5048 peperit,
2729 4981 3091 5048 exprobrandi
3123 4997 3137 5033 :
3172 4980 3282 5034 Cur
3331 4997 3433 5033 non
3469 4990 3552 5032 cst

1971 5077 2266 5137 masculus,
2302 5077 2393 5129 sed
2431 5073 2630 5128 femina
2657 5075 2821 5128 laetus
2851 5088 3012 5142 quem
3049 5073 3357 5141 peperisti?
3396 5072 3549 5138 Quod

1969 5169 2013 5219 si
2053 5168 2122 5219 sit
2152 5169 2316 5220 etiam
2366 5166 2664 5229 masculus,
2696 5181 2792 5218 cur
2851 5181 2954 5218 non
3022 5164 3336 5244 formosus?
3385 5164 3552 5234 Major

1967 5271 2135 5314 restat
2190 5275 2320 5314 cura
2355 5277 2367 5313 :
2401 5259 2638 5313 nondum
2691 5268 2776 5312 est
2823 5257 3150 5321 ablactatns,
3185 5271 3236 5313 et
3260 5257 3326 5311 de
3353 5259 3552 5311 educa-

1969 5349 2117 5402 tione
2169 5364 2362 5419 magna
2391 5359 2470 5403 est
2501 5351 2798 5401 contentio.
2843 5349 2951 5402 Sin-
2982 5359 3161 5401 autem
3199 5353 3452 5411 creverit,
3483 5363 3548 5401 ne

1966 5449 2213 5506 aegrotet,
2263 5455 2332 5494 ne
2386 5439 2528 5495 forte
2583 5441 2889 5494 moriatur:
2928 5441 3220 5510 quomodo,
3283 5441 3448 5494 etiam
3499 5441 3543 5494 si

1964 5533 2130 5598 vivat,
2169 5533 2345 5601 major
2373 5543 2456 5588 est
2489 5533 2818 5596 sollicitudo,
2856 5550 2921 5588 ne
2975 5547 3080 5586 non
3117 5532 3212 5586 liat
3273 5535 3540 5594 eruditus.

1964 5640 2029 5678 ne
2065 5626 2236 5680 malus
2265 5627 2479 5691 evadat,
2513 5640 2580 5680 ne
2631 5637 2910 5679 evertatur
2942 5629 3009 5678 ab
3045 5626 3337 5696 aliquibus,
3388 5642 3454 5681 ne
3488 5631 3539 5680 in

1963 5715 2333 5784 improborum
2414 5717 2763 5786 pertrahatur
2819 5720 3314 5781 consuetudinem,
3373 5732 3439 5771 ne
3511 5735 3539 5772 a

1965 5808 2150 5863 bestiis
2171 5810 2474 5873 mutiletur,
2524 5825 2610 5873 ne,
2639 5811 2765 5863 dunt
2802 5811 3038 5876 prolicit,
3070 5811 3122 5863 in
3160 5812 3417 5864 invidiam
3447 5827 3539 5867 vo-

1962 5910 2113 5956 cetur
2143 5912 2192 5956 et
2224 5902 2569 5960 seditionem.
2618 5901 2896 5958 Uudenam
2951 5903 3370 5973 suppeditabunt
3416 5919 3536 5976 qua:
