4218 6482
732 439 870 505 Η35

1943 440 2230 506 MENSIS
2260 437 2777 505 FEBRUARIUS.

3860 439 4001 507 1436

722 570 850 614 sunt
876 559 1219 614 necessaria?
1251 559 1535 616 Undenam
1599 562 1995 631 comparabunt
2022 574 2142 628 quae
2178 571 2303 626 per-

2419 573 2575 622 mot;
2632 556 2799 611 πόθεν
2856 556 2922 611 τὰ
2954 555 3089 626 πρὸς
3125 556 3301 627 γάμον
3360 556 3786 626 συναλλάγματα
3832 560 4002 629 πορί-

732 654 906 706 tinent
962 650 1028 706 ad
1061 654 1500 709 contrahendum
1538 655 1988 709 matrimonium?
2022 654 2305 709 Undenam

726 741 1148 810 suppeditabunt
1179 757 1298 811 quae
1350 744 1555 799 faciunt
1605 748 1671 799 ad
1704 745 1823 814 ejus
1854 746 2019 800 decus
2058 755 2113 798 et
2144 759 2307 799 orna-

726 833 1015 886 mentum?
1039 831 1321 889 Undenam
1357 834 1461 890 alet
1484 837 1805 891 ministros?
1836 836 2034 891 Eadem
2065 838 2200 891 ratio
2225 846 2309 891 est

726 921 1078 989 reliquarum,
1104 938 1224 993 qua:
1282 924 1387 979 huc
1426 934 1481 979 et
1529 925 1657 979 illuc
1690 925 2021 989 distrahunt,
2049 939 2306 978 curarum

676 1056 679 1059 .
725 1021 778 1066 et
798 1012 1219 1068 sollicitudinum
1246 1033 1260 1068 :
1293 1030 1363 1070 ne
1388 1017 1561 1071 dicam
1584 1017 1796 1072 dolores
1816 1027 2004 1086 partus
2028 1026 2081 1072 et
2100 1026 2307 1070 natura:

727 1106 1100 1161 necessitates.
1130 1108 1362 1171 Revera,
1397 1117 1456 1162 ut
1499 1108 1629 1163 dicit
1677 1110 1891 1162 divinus
1917 1109 2209 1177 Apostolus
2238 1108 2305 1172 ³⁵,

730 1197 954 1265 innupta
999 1208 1153 1251 curat
1210 1214 1330 1267 qua:
1380 1210 1506 1255 sunt
1554 1201 1786 1265 Domini,
1827 1201 2010 1255 abhis
2051 1200 2308 1256 omnihus

729 1292 977 1355 liberata,
1018 1292 1133 1345 sola
1185 1301 1365 1346 autem
1417 1306 1609 1346 ornata
1678 1293 2116 1364 incorruptione,
2152 1292 2308 1361 cujus

725 1386 1098 1451 suppeditator
1130 1394 1216 1439 est
1243 1395 1300 1440 et
1361 1385 1633 1455 perfector
1656 1387 1838 1452 .lesus,
1872 1398 1925 1441 et
1954 1390 2045 1455 qui
2082 1403 2176 1441 vos
2213 1401 2311 1457 po-

728 1484 835 1530 test
886 1477 1164 1532 custodire
1203 1479 1254 1531 in
1299 1479 1584 1532 tolerantia
1620 1489 1674 1532 et
1714 1494 1913 1547 augere
1944 1481 1994 1533 iu
2028 1495 2121 1549 spe
2147 1481 2304 1533 licita.

728 1568 1009 1623 Custodite
1043 1584 1175 1637 ergo
1203 1586 1299 1623 vos
1324 1574 1468 1639 ipsas
1505 1573 1555 1624 in
1584 1588 1667 1637 ea,
1708 1573 1758 1625 in
1792 1589 1897 1641 qua
1923 1583 2128 1627 vocata:
2155 1573 2308 1639 estis,

730 1662 1034 1728 vocatione,
1074 1672 1132 1715 ttt
1192 1664 1429 1733 virgines
1489 1664 1706 1720 Christo
1741 1682 1835 1719 rus
1887 1667 2215 1731 exhibeatis,
2252 1676 2311 1719 ut

728 1755 892 1807 etiam
957 1755 1097 1807 bona
1140 1765 1340 1810 aeterna
1395 1760 1795 1825 consequamini
1844 1759 2018 1828 gratia
2059 1759 2177 1824 Dei,
2220 1760 2307 1829 qui

732 1862 825 1899 vos
857 1847 1069 1900 vocavit
1102 1847 1154 1901 in
1187 1863 1342 1901 suum
1373 1864 1597 1917 regnum
1628 1863 1680 1902 et
1712 1852 1957 1919 gloriam.
2052 1912 2059 1920 _

802 1936 965 1991 LXV.
997 1938 1291 2007 Postquam
1321 1951 1498 1994 autem
1524 1944 1757 1996 cessavit
1794 1944 1862 1998 ab
1898 1945 2303 2009 adhortatione,

734 2034 871 2085 hene
930 2042 1209 2101 precatus,
1257 2047 1349 2086 eas
1390 2034 1607 2088 Christo
1661 2037 2083 2101 commendavit,
2114 2036 2311 2106 jubens

732 2125 983 2179 omnibus
1015 2135 1073 2179 ut
1103 2126 1189 2179 die
1218 2126 1469 2195 sequenti
1508 2128 1744 2181 venirent
1791 2131 1855 2180 ad
1891 2130 2161 2197 synaxim,
2194 2146 2312 2196 qua:

736 2216 1089 2269 circumcirca
1140 2227 1317 2282 erant,
1371 2218 1586 2286 hymnis
1614 2218 1982 2272 sanctificans.
2021 2219 2309 2286 Postquam

733 2324 862 2377 ergo
920 2308 1153 2362 venisset
1208 2310 1257 2361 in
1298 2311 1685 2363 monasterium
1741 2311 1880 2377 quod
1906 2310 2311 2373 exstruehatur,

737 2401 963 2453 intensis
992 2398 1124 2454 fusis
1160 2401 1433 2468 precibus,
1466 2416 1589 2453 cum
1620 2402 1969 2455 multitudine
2015 2416 2133 2470 quae
2188 2417 2311 2456 eum

737 2494 1087 2556 sequebatur,
1139 2492 1384 2546 ascendit
1448 2495 1501 2546 itt
1568 2504 1803 2546 montem
1840 2512 1851 2546 :
1888 2494 1973 2545 nhi
2038 2506 2159 2563 post
2207 2504 2315 2548 tres

736 2583 955 2649 quidem
1004 2583 1121 2637 dies
1185 2586 1486 2652 a'grotavil,
1542 2595 1659 2653 post
1693 2585 1827 2639 alios
1868 2602 1995 2640 vero
2023 2586 2208 2640 decem
2232 2594 2316 2639 est

739 2684 1006 2728 lllOl‘lllUS.

816 2762 999 2817 LXVI.
1025 2764 1365 2835 Congregata
1395 2782 1524 2838 ergo
1582 2768 1881 2824 multitudo
1926 2771 2139 2838 piorum
2174 2769 2317 2825 viro-

739 2870 855 2904 rum
890 2870 955 2906 ex
991 2854 1155 2917 clero,
1182 2866 1238 2909 et
1270 2858 1334 2910 iis
1355 2873 1475 2927 qua:
1520 2859 1872 2913 circumcirca
1904 2872 2082 2925 erant,
2135 2877 2317 2915 mona-

738 2947 943 3008 steriis,
972 2963 1093 3000 cum
1127 2948 1191 3001 iis
1220 2950 1308 3017 qui
1341 2958 1500 3003 erant
1528 2961 1772 3003 amantes
1806 2952 2041 3014 virtutis,
2064 2967 2129 3007 ex
2160 2970 2318 3007 mun-

738 3040 943 3105 danis,
995 3042 1041 3093 ei
1096 3041 1237 3106 justa
1311 3040 1558 3096 fecerunt
1624 3046 2036 3113 quartodecimo
2114 3049 2317 3102 mensis

738 3129 1039 3185 Februarii.
1086 3133 1261 3203 Atque
1309 3134 1613 3191 volentibus
1666 3139 1883 3205 quidem
1938 3140 2230 3206 aliquibus,
2264 3153 2316 3195 ct

2413 666 2547 703 σωσι
2577 668 2590 715 ;
2654 649 2820 704 πόθεν
2874 649 2942 703 τὰ
2974 649 3111 722 πρὸς
3145 649 3566 721 εὐσχημοσύνην
3596 652 3953 720 έπαρκέσωσι
3981 672 3995 715 ;

2412 741 2580 794 πόθεν
2608 740 2828 804 οἰκέτας
2854 740 3221 812 διαθρεύσωσι
3246 741 3342 794 καὶ
3371 740 3481 793 τῶν
3503 741 3596 793 ἐπὶ
3632 744 3746 804 τοῖς
3786 742 4001 805 λοιποῖς

2410 831 2521 885 τῶν
2564 831 2855 902 μοχθηρῶν
2884 832 3310 903 περισπασμῶν,
3339 832 3426 886 ἵνα
3455 834 3530 904 μὴ
3554 832 3697 899 λέγω
3742 835 3842 897 τὰς
3875 834 4001 887 ὀδύ-

2412 940 2507 985 νας
2531 924 2630 994 τῆς
2661 925 2908 994 κυήσεως
2935 926 3031 979 καί
3061 925 3160 987 τὰς
3206 924 3454 993 ἀνάγκας
3504 924 3605 986 τὰς
3650 925 3715 976 ὲκ
3744 926 3843 994 τῆς
3893 925 4004 993 φύς

2414 1032 2574 1079 σεως.
2611 1016 2843 1083 Ὄντως,
2868 1017 3013 1071 κατὰ
3037 1018 3128 1071 τὸν
3162 995 3307 1070 θεῖον
3345 1016 3693 1082 Ἀπὸστολον,
3721 1019 3755 1087 ἡ
3783 1018 4005 1087 ἄγαμος

2415 1112 2660 1181 μεριμνᾷ
2686 1110 2752 1164 τὰ
2787 1110 2881 1164 τοῦ
2918 1111 3150 1181 Κυρίου,
3182 1110 3391 1163 τούτων
3439 1111 3698 1164 ἁπάντων
3748 1112 4004 1164 ἀπαλλα-

2412 1203 2593 1267 γεῖσα,
2621 1200 2900 1272 ἀφθαρσία
2935 1200 2991 1254 δὲ
3030 1203 3167 1275 μόνῃ
3190 1202 3699 1272 κατακοσμηθείσα,
3730 1197 3797 1271 ἧς
3830 1219 4004 1273 χορη-

2411 1292 2506 1359 γὸς
2538 1295 2630 1346 καὶ
2653 1293 2897 1363 ἀρχηγὸς
2925 1293 3015 1347 καὶ
3042 1293 3336 1364 τελειωτὴς
3383 1293 3614 1363 Ἰησοῦς,
3664 1297 3689 1345 ὁ
3721 1298 3814 1345 καὶ
3850 1293 4005 1363 ὑμᾶς

2411 1385 2712 1454 δυνάμενος
2768 1386 3079 1456 φρουρῆσαι
3107 1386 3165 1437 έν
3206 1386 3456 1455 ὑπομονῇ
3508 1387 3601 1438 καὶ
3658 1385 3896 1454 αὐξῆσαι
3942 1386 4007 1436 ὲν

2412 1477 2588 1529 ἐλπίδι
2618 1481 2852 1547 χρηστῇ.
2892 1477 3193 1530 Φυλάττετε
3224 1477 3403 1529 τοίνυν
3439 1478 3637 1540 ἑαυτὰς
3670 1480 3726 1529 ὲν
3746 1481 3812 1546 τῇ
3864 1479 4003 1544 κλή-

2415 1586 2517 1632 σει,
2617 1570 2907 1640 έκλήθητε,
2956 1567 3263 1638 παρθένους
3308 1568 3479 1635 ἁγνὰς
3532 1568 3890 1637 παραστῆσαι
3926 1567 4007 1635 τῷ

2413 1662 2660 1731 Χριστῷ,
2714 1661 2800 1713 ἵνα
2857 1662 2953 1714 καί
2982 1662 3092 1712 τῶν
3123 1660 3361 1712 αἰωνίων
3418 1658 3645 1726 ἀγαθῶν
3703 1658 4001 1724 ἁξιωθῆτε,

2413 1754 2599 1823 χάριτι
2645 1752 2738 1804 τοῦ
2800 1752 3132 1815 καλέσαντος
3186 1752 3330 1821 ὑμᾶς
3359 1755 3437 1812 εἰς
3479 1750 3576 1803 τίεν
3606 1749 3799 1803 ἑαυτοῦ
3840 1750 4007 1818 βασι-

2414 1845 2565 1898 λείαν
2600 1848 2693 1899 καὶ
2724 1845 2901 1908 δόξαν.

2485 1937 2605 2004 ΞΕζρ
2651 1937 2741 1998 Ὦς
2770 1933 2863 1989 οὖν
2888 1933 3168 1987 επαύσατο
3196 1937 3297 2004 τῆς
3354 1935 3728 2004 παραινέσεως
3757 1938 3783 1987 ὁ
3818 1952 4005 2004 μακα-

2417 2047 2533 2100 pio;
2568 2030 2661 2083 καὶ
2719 2029 3091 2098 ἐπευξάμενος
3123 2027 3198 2097 τῷ
3247 2027 3472 2097 Χριστῷ
3502 2027 3671 2090 αὐτας
3700 2027 4007 2098 παρέθετο,

2416 2126 2551 2178 πᾶσι
2579 2123 2847 2186 κελεύσας
2887 2124 2967 2186 εἰς
2999 2122 3152 2191 λιτὴν
3188 2121 3471 2190 παρεῖναι,
3503 2120 3727 2185 σύναξιν
3756 2121 4009 2173 ἐπετέλει

2414 2216 2481 2284 τῇ
2515 2214 2663 2282 ἑξῆς,
2727 2215 2796 2267 τὰ
2844 2215 3005 2284 πέριξ
3059 2216 3170 2278 τοῖς
3211 2214 3400 2283 ὕμνοις
3455 2213 3716 2280 ἁγιάζων.
3792 2213 3878 2274 Ὠς
3911 2210 4009 2264 οὖν

2419 2308 2669 2378 ἐληλύθει
2701 2308 2758 2360 έν
2786 2306 2863 2376 τῷ
2893 2306 3200 2376 κτιζομένῳ
3224 2304 3569 2375 ἀσκητηρίῳ,
3615 2304 3785 2374 εὐχὴν
3809 2306 4009 2373 ἐκτενῆ

2420 2402 2518 2453 σὺν
2564 2399 2642 2468 τῷ
2694 2398 2945 2466 ἑπομένῳ
2992 2396 3187 2466 πλήθει
3241 2396 3633 2465 ποιησάμενος,
3672 2396 3813 2449 ἀνίει
3844 2394 4012 2461 έντῷ

2419 2488 2554 2558 ὄρει,
2592 2489 2733 2559 μετᾶ
2755 2490 2906 2559 τρεῖς
2936 2489 3035 2556 μὲν
3070 2489 3288 2557 ἡμέρας
3331 2488 3713 2558 ἀρρωστήσας,
3766 2487 3909 2554 μετὰ
3951 2486 4011 2539 δὲ

2419 2582 2472 2635 δέ
2484 2600 2550 2636 κα
2575 2583 2742 2645 ἄλλας
2775 2582 3126 2650 τελευτήσας.

2496 2762 2630 2829 Ξςι.
2668 2760 2941 2830 Συναχθὲν
2970 2755 3063 2814 οὖν
3115 2759 3316 2829 πλῆθος
3356 2758 3617 2825 ἁξιοθέων
3648 2756 3861 2825 ἀνδρῶν
3914 2762 4013 2808 καὶ

2420 2856 2665 2909 εὐλαὸὡν
2695 2855 2789 2907 τοῦ
2818 2872 2873 2906 τε
2910 2854 3115 2923 κλήρου
3153 2853 3245 2904 καὶ
3275 2850 3382 2903 τῶν
3414 2850 3576 2921 πέριξ
3625 2848 4015 2919 μοναστηρίων

2424 2950 2520 3003 σὺν
2554 2950 2666 3014 τοῖς
2726 2946 3172 3014 σπουδαιοτέροις
3223 2943 3333 2996 τῶν
3387 2943 3671 3013 κοσμικῶν
3704 2943 4013 3010 ἐκήδευσαν

2423 3042 2585 3095 αὑτὸν
2600 3013 2669 3109 τῇ
2695 3036 3272 3108 τεσσαρεσκαιδεκάτῃ
3296 3035 3389 3087 τοῦ
3412 3034 3782 3104 Φεϐρουαρίου
3816 3034 4011 3101 μηνός·

2423 3135 2588 3188 τινῶν
2631 3137 2728 3203 μὲν
2762 3133 2854 3186 οὖν
2889 3133 3228 3204 βουλομένων
3250 3133 3344 3184 καὶ
3383 3131 3616 3198 μάλιστα
3638 3130 3746 3181 τῶν
3776 3129 3886 3179 ἀπὸ
3917 3125 4015 3178 τοῦ

741 3226 975 3278 maxime
1034 3227 1098 3281 iis
1153 3229 1240 3294 qui
1294 3240 1454 3281 erant
1517 3244 1581 3281 ex
1638 3232 1968 3286 monasterio
2018 3234 2309 3287 beatissimi

2428 3229 2790 3297 μοναστηρίου
2820 3227 2913 3279 τοῦ
2949 3227 3227 3294 μακαρίου
3272 3224 3565 3282 ’Υπατίου,
3625 3223 3683 3274 ὲν
3717 3215 3759 3287 ᾧ
3804 3220 3896 3271 καί
3933 3218 4016 3269 δερ

741 3317 977 3387 llypatii,
1033 3319 1085 3372 in
1139 3335 1247 3387 quo
1304 3332 1553 3377 versatus
1613 3332 1717 3387 est,
1773 3339 1892 3378 cum
1947 3324 2318 3379 descendisset

739 3419 959 3476 propter
990 3414 1278 3478 synodum,
1305 3415 1572 3481 pretiosas
1603 3415 1720 3483 ejus
1755 3416 2010 3484 reliquias
2051 3418 2319 3484 deponere

743 3498 796 3551 in
852 3500 1049 3567 templo
1122 3499 1445 3555 Sanctorum
1507 3505 1935 3572 Apostolorum,
1993 3508 2315 3575 quihusdam

747 3604 923 3642 autem
964 3592 1015 3643 in
1073 3594 1275 3661 templo
1334 3593 1393 3647 S.
1429 3594 1726 3659 Zachariae,
1784 3599 1927 3665 quod
1976 3609 2061 3653 est
2115 3599 2322 3669 aliquot

746 3685 1009 3738 tnilliariis
1040 3688 1186 3739 illinc
1215 3688 1381 3741 situm
1412 3688 1463 3741 in
1500 3691 1703 3757 prredio
1737 3692 1879 3759 quod
1909 3692 2110 3745 dicitur
2143 3691 2319 3746 Thea-

749 3790 780 3825 i.
799 3794 909 3830 nm.
943 3782 1069 3841 Quae
1096 3780 1161 3830 ah
1187 3794 1250 3833 eo
1290 3792 1617 3849 congregata
1641 3782 1870 3846 fuerant,
1897 3784 1962 3837 iis
1986 3786 2075 3852 qui
2100 3785 2323 3838 aderant

746 3869 1122 3935 Mlppllt'altttltl
1156 3888 1277 3925 cum
1336 3874 1521 3927 multis
1552 3874 1829 3944 lacrymis,
1870 3890 1937 3929 ne
1976 3876 2139 3933 Pater
2164 3893 2322 3945 sepa-

745 3972 957 4011 taretnr
990 3976 1017 4012 a
1052 3963 1194 4015 liliis.
1242 3963 1392 4017 Tunc
1450 3965 1539 4019 Dei
1579 3966 1855 4022 voluntate
1901 3968 1967 4022 ad
2000 3985 2188 4023 eorum
2230 3971 2320 4037 qui

754 4050 866 4102 illic
898 4061 1054 4103 erant
1080 4052 1334 4116 salutem,
1362 4055 1412 4107 in
1439 4057 1680 4109 oratorio
1704 4058 1771 4109 ab
1799 4073 1863 4112 eo
1898 4060 2117 4113 condito
2152 4061 2325 4115 instar

747 4145 1083 4202 monasterii,
1109 4158 1231 4195 cum
1268 4146 1657 4213 deposuerunt.
1704 4146 1869 4214 Cujus
1930 4150 2322 4205 monimentum

748 4251 840 4299 per
869 4237 1220 4303 multiplicem
1254 4238 1456 4294 Christi
1516 4242 1901 4312 benignitatem
1936 4245 2097 4299 elﬁcit
2154 4260 2319 4300 cura-

747 4330 925 4382 tiones
959 4344 1130 4399 usque
1163 4334 1216 4384 in
1244 4332 1564 4388 hodiernum
1590 4337 1752 4389 diem.

825 4419 1032 4475 LXVII.
1065 4420 1488 4479 Consummatus
1519 4437 1698 4480 autem
1746 4428 1847 4482 fuit
1879 4441 2101 4486 sanctus
2132 4442 2315 4487 noster

746 4514 1030 4582 presbyter
1078 4525 1130 4567 et
1156 4518 1581 4573 archimandrita
1622 4531 1676 4574 et
1725 4538 1953 4592 magnus
1986 4526 2126 4579 inter
2166 4541 2320 4580 exer-

2422 3322 2610 3390 έτριψε
2640 3320 2827 3382 δςαϐἅς
2860 3320 2945 3371 διὰ
2972 3317 3067 3387 τὴν
3101 3316 3319 3367 σύνοδον
3346 3315 3400 3365 ἐν
3431 3312 3508 3381 τῷ
3536 3312 3671 3379 οἴκῳ
3700 3310 3810 3362 τῶν
3837 3310 4018 3374 ἁγίων

2434 3414 2770 3466 Ἀποστόλων
2802 3412 2983 3480 τίμιον
3012 3406 3178 3460 αὑτοῦ
3213 3404 3466 3473 λείψανον
3488 3402 3807 3455 ἀποθέσθαι.
3835 3400 4018 3453 Τινῶν

2424 3510 2480 3560 δὲ
2520 3511 2576 3559 ὲν
2649 3506 2726 3574 τῳ
2785 3504 2917 3571 οἴκῳ
2973 3503 3067 3553 τοῦ
3122 3499 3278 3565 ἁγίου
3339 3495 3610 3565 Ζαχαρίου
3652 3494 3730 3564 τῷ
3780 3495 3895 3547 ὄντι
3939 3497 4020 3558 ὡς

2423 3602 2531 3654 ἀπὸ
2606 3597 2850 3665 σημείων
2887 3596 2943 3647 ὲν
2976 3594 3218 3662 κτήματι
3270 3589 3550 3658 λεγομένῳ
3581 3587 3903 3656 θεατρῲδει,
3960 3589 4021 3639 αἰ

2429 3694 2519 3746 ὑπ’
2554 3690 2717 3744 αὑτοῦ
2764 3687 3115 3755 συναχθεῖσαι
3178 3685 3314 3753 μετὰ
3369 3680 3564 3733 πολλοῦ
3615 3680 3853 3749 ὀδυρμοῦ
3886 3684 4017 3744 τοὺς

2425 3786 2704 3854 παρόντας
2767 3784 3033 3841 ἱκέτευον,
3064 3778 3138 3846 μὴ
3170 3776 3505 3848 χωρισθῆναι
3540 3775 3628 3826 τον
3662 3774 3879 3843 πατέρα
3907 3776 4017 3825 11v

2425 3880 2652 3931 τέκνων.
2680 3876 2813 3928 Τότε
2851 3872 2969 3925 κατ’
3006 3870 3255 3922 εἰδοκίαν
3293 3866 3387 3920 τοῦ
3418 3866 3553 3918 Θεοῦ
3596 3867 3731 3935 πρὶς
3780 3866 3879 3934 τὴν
3908 3865 4019 3915 τῶν

2432 3975 2612 4025 ἐκεῖσε
2669 3967 2949 4036 σωτηρίαν
3005 3966 3063 4015 ὲν
3112 3961 3190 4032 τῷ
3217 3961 3381 4014 αὐτοῦ
3408 3959 3682 4010 κτισθέντι
3738 3958 4022 4027 εὐκτηρίῳ

2426 4066 2505 4127 εἰς
2528 4062 2679 4125 τάξιν
2733 4057 3099 4129 μοναστηρίου
3127 4052 3416 4107 κατέθεντο
3442 4051 3625 4114 αὐτὸν,
3652 4046 3712 4103 οὗ
3736 4049 3794 4101 τὸ
3826 4052 4019 4118 μνῆμα,

2425 4156 2511 4209 διὰ
2570 4154 2669 4221 τῆς
2724 4149 3068 4217 πολυτρόπου
3145 4144 3555 4214 φιλανθρωπίας
3619 4142 3713 4194 τοῦ
3776 4140 4019 4210 Χριστοῦ

2428 4248 2553 4316 ἄχρι.
2612 4244 2706 4297 τοῦ
2770 4242 2864 4297 νῦν
2903 4242 3072 4301 ἰάσεις
3110 4238 3369 4291 ἐπιτελεῖ.

2499 4427 2616 4482 ΞΖ’.
2654 4422 2978 4492 Ἐτελειώθη
3007 4421 3065 4473 δὲ
3091 4422 3119 4473 δ
3151 4422 3207 4472 ὲν
3236 4420 3410 4486 ἁγίοις
3446 4417 3638 4485 Πατὴρ
3665 4416 3827 4484 ἡμων
3862 4433 4020 4484 πρεσο

2430 4520 2657 4586 δύτερος
2707 4517 2800 4569 καὶ
2830 4510 3264 4582 ἁρχιμανδρίτης
3304 4508 3400 4559 καὶ
3437 4505 3608 4572 μέγας
3654 4506 3711 4554 ἐν
3744 4506 4018 4572 ὰσκηταίς

744 4608 1003 4661 citatores
1031 4605 1330 4662 Auxentius
1362 4611 1411 4662 in
1443 4610 1670 4677 imperio
1688 4614 1758 4681 pii
1779 4626 1832 4669 et
1859 4616 2060 4671 Christi
2087 4621 2309 4673 amanti:

2428 4613 2717 4679 Δύξέντιος
2768 4611 2825 4661 ὲν
2882 4608 2947 4676 τῇ
2992 4602 3244 4674 βασιλεία
3300 4601 3392 4654 τοῦ
3443 4601 3796 4669 φιλοχρίστου
3847 4600 4013 4652 Δέον-

746 4698 999 4763 Zenonis,
1031 4698 1311 4754 Fehruarii
1338 4704 1541 4759 mensis
1570 4722 1679 4761 xtv.
1710 4706 1836 4763 Fuit
1865 4724 1997 4783 vero
2042 4712 2319 4779 depositus

747 4792 801 4843 in
837 4792 1095 4858 praedicto
1125 4796 1476 4860 monasterio,
1519 4800 1583 4851 ad
1616 4799 1845 4869 gloriam
1878 4800 1973 4856 Dei
2002 4804 2195 4868 nostri,
2227 4806 2314 4872 qui

746 4890 1003 4947 operatur
1026 4883 1164 4937 dona
1195 4883 1245 4936 in
1283 4888 1487 4941 sanctis
1514 4889 1646 4942 suis.
1684 4889 1949 4955 Quoniam
2002 4908 2123 4945 eum
2160 4894 2318 4947 decet

746 4974 915 5041 gloria
945 4990 1065 5027 cum
1104 4976 1261 5031 Patre
1292 4989 1345 5032 et
1371 4989 1558 5034 saneto
1582 4980 1809 5050 Spiritu,
1848 5001 1989 5040 nunc
2020 4996 2072 5040 et
2107 5001 2321 5053 semper

749 5075 801 5115 et
832 5066 881 5116 in
914 5066 1108 5120 smcula
1137 5072 1481 5124 smcnlorum.
1516 5074 1708 5128 Amen.

826 5340 857 5347 “’
909 5338 1079 5392 ICor.
1120 5354 1216 5404 vti,
1245 5342 1333 5394 54.

984 5497 1277 5570 Inter-pres,
1312 5500 1556 5570 Zenonis,
1590 5503 1678 5572 qtti
1724 5500 1892 5557 Leoni
1930 5503 2213 5558 successit.

2420 4722 2511 4767 τος
2540 4700 2685 4773 (1‘2),
2724 4700 2855 4769 μηνί
2883 4697 3238 4766 Φεϐρουαρίῳ
3283 4691 3887 4761 τεσσαρεσκαιδεκάτῃ,
3926 4692 4019 4741 καὶ

2420 4793 2689 4862 κατετέθη
2729 4795 2785 4844 έν
2850 4790 2927 4858 τῷ
2977 4786 3365 4858 προειρημένῳ
3412 4784 3687 4853 εὐκτηρίῳ
3745 4786 3827 4845 εἰς
3857 4782 4017 4846 δόξαν

2419 4886 2661 4959 Χριστοῦ
2698 4884 2793 4936 τοῦ
2827 4882 2963 4935 Θεοῦ
3019 4880 3176 4951 ἡμῶν
3208 4879 3302 4931 τοῦ
3350 4877 3778 4945 ὲνδοξαζομένου
3810 4878 3869 4927 ἐν
3904 4878 4019 4937 τοῖς

2422 4980 2601 5048 ἁγίοις
2628 4975 2818 5040 αὐτοῦ,
2851 4976 2934 5028 ὅτι
2959 4973 3108 5043 αύτῷ
3150 4972 3354 5041 πρέπει
3409 4969 3534 5032 δόξα
3568 4968 3663 5019 σὺν
3712 4966 3791 5036 τῷ
3842 4967 4021 5033 Haupt

2433 5076 2529 5128 καὶ
2592 5072 2670 5141 τῷ
2717 5070 2858 5139 ἁγίῳ
2895 5067 3199 5133 Πνεύματι,
3256 5064 3350 5116 νῦν
3402 5062 3494 5115 καὶ
3521 5060 3607 5113 ἀεὶ
3650 5059 3745 5113 καὶ
3782 5062 3862 5121 εἰς
3891 5058 4021 5110 toi;-

2432 5166 2631 5225 αἰῶνας
2658 5164 2765 5215 τῶν
2791 5162 3023 5215 αἰώνων.
3065 5158 3257 5226 Ἀμήν.
