4218 6482
251 421 388 487 143⁵1

1516 431 1699 493 νιΤΑ
1729 434 1790 495 8.
1822 434 2194 499 JULIANAZ.

3373 440 3509 508 1438

2320 590 2639 601 _..—-—__-

248 572 3229 618 ΜΨ

1482 775 2361 895 ΜΑΡΤΥΡΙΟΝ

886 1025 1105 1112 ΤΗΣ
1179 1018 1502 1114 ΑΓΙΑΣ
1574 1029 2158 1117 ΜΑΡΤΥΡΟΣ
2234 1025 2848 1119 ΙΟΥΛΙΑΝΗΣ

1501 1216 1641 1273 τΗΣ
1679 1219 1772 1274 EN
1810 1218 2226 1292 ΝΙΚΟΜΗΔΙᾼ.

1502 1564 2238 1660 MARTYBIUM

811 1772 1421 1890 SANCTXE
1496 1777 2149 1893 JULIANAE
2230 1779 2977 1893 MARTYRIS

1207 1998 1391 2072 QUIE
1434 1998 1516 2061 IN
1560 2000 2014 2062 NlCOMEDIA
2056 2002 2300 2064 PASSA
2335 2003 2505 2063 EST.

249 2168 451 2233 (latine
481 2167 609 2231 apud
634 2166 832 2217 Surium
857 2166 916 2216 ad
937 2166 1072 2216 diem
1096 2164 1155 2215 16
1176 2165 1436 2217 Februarii
1461 2164 1566 2231 (i);
1590 2166 1763 2219 Grece
1786 2166 1928 2217 nobis
1952 2168 2238 2231 suppeditat
2275 2170 2433 2218 codex
2461 2182 2552 2217 ms.
2580 2170 2706 2230 Reg.
2744 2168 2900 2219 Paris.
2940 2181 2993 2217 n.
3016 2168 3129 2217 921.
3165 2168 3301 2218 Eutr.
3332 2167 3511 2235 Pun.)

315 2480 394 2531 A'.
438 2476 547 2529 Kal.
570 2473 832 2545 καλλίστη
860 2473 967 2527 τῶν
994 2474 1252 2545 πόλεωνή
1290 2474 1638 2546 Νικομήδους
1673 2476 1819 2545 φημὶ

1995 2474 2036 2528 1.
2071 2473 2247 2527 Etiam
2301 2474 2578 2527 civitatum
2642 2471 3027 2542 pulcherrima,
3054 2470 3392 2538 Nicomedia,
3426 2474 3512 2526 iu-

245 2565 592 2635 Μαξιμιανοῦ
629 2563 720 2617 τοῦ
770 2563 1065 2627 δυσσεϐοῦς
1118 2564 1383 2633 ἄρξαντος
1424 2565 1826 2638 ὲμφιλοχηροῦν

244 2663 481 2730 τοσαύτη
516 2662 839 2723 κατείδωλος
880 2658 947 2729 ἦν
970 2680 983 2693 ο
1010 2661 1220 2714 ἐκεῖθεν
1244 2657 1338 2715 οὖν
1366 2662 1507 2732 ἁνήρ
1528 2680 1611 2725 τις
1639 2662 1826 2733 ὁρμώ-

252 2769 410 2823 μενος
438 2751 680 2821 τοῦνομα
724 2752 1017 2815 Ἐλεύσιος,
1048 2748 1127 2812 εἷς
1155 2753 1420 2823 ὑπάρχων
1448 2754 1557 2806 τῶν
1581 2757 1679 2822 τῆς
1706 2755 1825 2825 βου-

249 2846 347 2912 Λῆς
370 2844 469 2896 καὶ
502 2844 653 2909 φίλος
685 2845 783 2912 μὲν
811 2843 889 2914 τῷ
936 2844 1250 2913 κρατοῦντι,
1293 2844 1446 2913 φίλος
1479 2843 1536 2898 δὲ
1569 2844 1822 2914 δαίμοσι·

249 2935 612 3004 μνηστεύεται
670 2924 860 3005 κόρήν,
905 2936 1003 3002 τὴν
1042 2935 1192 3006 ὥραν
1239 2935 1519 3005 λαμπρὰν,
1564 2936 1625 2989 τὸ
1671 2940 1827 3005 γένος

245 3027 510 3095 ἐπιφανῆ,
541 3027 631 3081 τὸν
670 3027 870 3097 τρόπον
906 3028 1197 3099 ἐπαινετὴν
1246 3029 1341 3080 καὶ
1372 3028 1682 3099 φιλάρετον,
1719 3046 1827 3082 σω-

247 3117 524 3185 φροσύνης
577 3116 673 3185 οὐχ
719 3116 921 3185 ἥκιστα
968 3116 1439 3187 μεταποιουμένην
1487 3116 1581 3170 καὶ
1625 3115 1827 3187 ταύτην

245 3209 451 3277 κόσμον
489 3210 688 3277 ἑαυτῆς
735 3208 940 3261 εἰδυῖαν
966 3224 981 3239 ⁸
1017 3209 1077 3262 τὸ
1112 3209 1330 3262 πάντων
1382 3210 1569 3278 μεῖζον
1613 3211 1708 3261 καὶ
1738 3226 1826 3262 τεο

244 3299 516 3351 λεώτατον
550 3299 683 3351 πολὺ
722 3299 783 3351 τὸ
827 3298 1051 3360 εὐσεϐὲς
1077 3301 1157 3361 είς
1175 3298 1413 3368 Χριστὸν
1444 3300 1823 3368 κεκτημένηνο

244 3390 425 3441 καίτοι
450 3406 512 3456 γε
542 3390 603 3441 οὐ
631 3388 802 3450 καλὰς
826 3391 888 3441 ὲκ
916 3390 1256 3458 γεννητόρων
1282 3388 1479 3457 ἔχουσα
1510 3390 1644 3456 πρὸς
1669 3389 1828 3442 τοῦτο

240 3482 342 3543 τὰς
372 3482 626 3552 ἀφορμάς
654 3473 679 3513 θ’
700 3482 885 3551 πατὴρ
922 3482 1022 3551 μὲν
1073 3482 1184 3551 γὰρ
1230 3482 1366 3552 αὐτῇ
1408 3482 1493 3535 ἐπ’
1537 3484 1660 3549 ἴσης
1695 3482 1824 3536 ’Ἑλ-

243 3572 370 3641 λησί
398 3588 453 3623 τε
479 3572 631 3638 φίλος
656 3574 748 3625 καὶ
778 3574 1126 3641 Χριστιανοῖς
1154 3573 1367 3643 ἄμαχος
1399 3572 1612 3643 ἐχθρὸς,
1643 3575 1826 3644 μήτηρ

242 3666 302 3718 δὲ
369 3665 619 3736 μεθόριον
656 3665 982 3734 έλληνισμοῦ
1024 3666 1142 3734 ἅμα
1175 3666 1265 3718 καὶ
1290 3666 1595 3730 εὐσεϐείας,
1624 3666 1671 3717 εί
1702 3664 1824 3735 μηδ’

244 3758 420 3826 ἑτέρῳ
450 3756 509 3809 τὸ
542 3757 705 3809 πλέον
737 3759 975 3827 νέμουσα
998 3775 1009 3786 ·
1043 3756 1157 3809 ἀλλ’
1178 3758 1299 3825 οὐχὶ
1323 3758 1416 3810 καὶ
1445 3758 1476 3827 ἡ
1516 3758 1821 3826 πάνσεμνος

256 3848 518 3919 Ἰουλιανή
544 3865 558 3879 ’
591 3848 748 3902 τοῦτο
792 3851 900 3920 γὰρ
944 3850 1115 3920 ὄνομα
1161 3852 1229 3919 τῇ
1275 3850 1410 3920 κόρῃ
1434 3865 1447 3880 ·
1486 3848 1600 3901 ἀλλ’
1641 3850 1825 3919 ὁρῶσα

245 3944 338 3995 τὸν
367 3942 619 4013 οὐρανὸν,
648 3943 810 4013 ἀέρα,
845 3942 1142 4009 θάλασσαν,
1175 3943 1307 4013 πῦρ,
1342 3944 1522 4013 ἐζήτει
1553 3943 1643 3996 τὸν
1673 3943 1824 4014 δεδη-

250 4038 622 4107 μιουργηκότα
654 4038 746 4089 καὶ
779 4039 846 4090 δι’
873 4038 1056 4091 αὐτῶν
1083 4040 1264 4101 ὁποῖος
1291 4038 1357 4091 ἂν
1384 4039 1467 4108 εἴη
1495 4051 1508 4066 ⁸
1534 4038 1653 4090 λίαν
1693 4054 1821 4090 συν-

245 4130 387 4191 ετῶς
443 4130 871 4199 κατεμάνθανεν,
940 4131 1148 4183 Παῦλον
1197 4131 1395 4201 ἔχουσα
1460 4130 1778 4186 διδάσκαλον
1806 4171 1821 4197 ,

243 4226 339 4275 τὸν
372 4223 562 4292 σοφόν“
597 4224 667 4276 τὰ
695 4223 803 4292 γὰρ
844 4222 1049 4290 ἀόρατα
1088 4221 1276 4288 αὐτοῦ,
1307 4223 1473 4292 φησὶν
1518 4216 1693 4289 οὗτος,
1719 4223 1826 4276 ἀπὸ

246 4315 480 4376 κτίσεως
525 4317 729 4383 κόσμου
758 4316 869 4376 τοῖς
896 4315 1164 4382 ποιήμασι
1196 4314 1461 4384 νοούμενα
1488 4316 1789 4383 καθορᾶται
1808 4334 1823 4349 ο

245 4404 340 4458 διὰ
366 4404 575 4457 τοιοῦτο
615 4405 708 4456 καὶ
749 4403 840 4468 Εἷς
860 4407 968 4473 ἄρα
996 4406 1150 4469 Θεὸς,
1184 4407 1360 4471 ἔλεγε,
1391 4408 1487 4460 καὶ
1527 4408 1714 4461 τοῦτον
1746 4408 1829 4459 δεῖ

245 4499 576 4565 προσκυνεῖν
599 4511 611 4523 ·
648 4496 777 4559 τοὺς
806 4498 863 4549 δὲ
903 4497 1096 4561 ἄλλους
1131 4499 1229 4551 οὐκ
1264 4497 1329 4551 ἂν
1368 4498 1627 4569 Ἱουλιανὴ
1672 4498 1828 4562 θεοὺς

247 4586 395 4639 εἴποι
446 4588 574 4640 ποτὲ
631 4588 749 4640 οὐδὲ
796 4589 962 4659 τιμὴν
1014 4592 1105 4643 καὶ
1139 4591 1302 4651 σέϐας
1339 4590 1415 4651 ὡς
1456 4591 1595 4655 θεοῖς
1646 4592 1826 4654 αὐτοῖς

241 4679 518 4747 ἁπονείμη
542 4695 556 4709 ·
599 4679 771 4732 ταῦτα
797 4681 949 4748 ἔλεγε
983 4684 1076 4735 καὶ
1108 4682 1320 4752 συνῳδὰ
1347 4684 1458 4745 τοῖς
1486 4683 1671 4750 λόγοις
1700 4685 1827 4733 ἐπε-

241 4772 391 4822 τέλει
421 4771 488 4822 τὰ
518 4770 657 4840 ἔργα
676 4789 689 4801 ο
733 4772 1032 4841 φροντίδων
1070 4773 1166 4842 μὲν
1192 4772 1284 4826 οὖν
1316 4773 1425 4827 τῶν
1452 4774 1629 4828 ἄλλων
1664 4774 1825 4829 ἀπεί-

242 4877 373 4929 χετο
397 4879 411 4892 ο
443 4862 589 4927 τρισὶ
615 4862 671 4914 δὲ
702 4862 912 4925 τούτοις
939 4865 1029 4917 τὸν
1075 4865 1189 4933 βίον
1225 4866 1447 4935 ἐμέριζε
1474 4866 1567 4919 τὸν
1603 4868 1823 4933 οἰκεῖον,

240 4958 378 5025 εὖχῇ
408 4958 501 5009 καὶ
532 4960 678 5020 ναοῖς
706 4958 838 5010 Θεοῦ
884 4959 977 5011 καὶ
1010 4959 1169 5011 θείων
1196 4960 1428 5029 Γραφῶν
1462 4958 1822 5029 ἀναγνώσεσι,

1932 2581 2116 2635 quam,
2177 2580 2299 2619 cum
2356 2564 2446 2633 qui
2491 2563 2654 2632 impie
2687 2564 2991 2631 imperavit,
3033 2562 3395 2617 Maximianus
3446 2565 3511 2617 li-

1931 2657 2128 2711 benter
2168 2656 2217 2709 in
2250 2670 2311 2710 ea
2365 2656 2605 2723 degeret,
2638 2663 2760 2708 erat
2789 2654 2970 2708 dedita
3006 2655 3171 2708 cultui
3219 2656 3505 2710 idolorum.

1933 2748 2009 2801 Ex
2042 2762 2103 2801 ea
2133 2762 2262 2817 ergo
2294 2747 2377 2801 vir
2428 2747 2650 2815 quidam
2696 2747 2902 2801 ducens
2951 2748 3239 2815 originem,
3294 2749 3510 2801 nomine

1934 2842 2178 2896 Eleusius
2228 2840 2333 2909 (1),
2386 2840 2475 2907 qui
2543 2846 2661 2891 erat
2708 2854 2846 2891 unus
2879 2852 2944 2892 ex
2974 2846 3191 2904 senatu,
3217 2847 3271 2893 et
3298 2839 3510 2895 amicus

1932 2935 2149 3005 quidem
2211 2932 2569 3000 imperatori,
2628 2931 2838 2984 amicus
2902 2941 3081 2984 autem
3146 2931 3507 2997 daemonibus.

1931 3026 2227 3096 despondet
2254 3023 2692 3097 puellamspecie
2713 3022 3032 3087 formosam,
3052 3016 3252 3093 genere
3281 3023 3507 3087 claram,

1929 3120 2170 3197 moribus
2194 3116 2416 3189 probam
2456 3126 2511 3171 et
2551 3110 2901 3177 laudabilem.
2951 3116 3370 3185 temperantiam
3404 3117 3506 3172 sibi

1929 3208 2167 3279 utilium
2226 3208 2587 3281 vindicantem
2626 3218 2695 3282 let
2741 3208 3002 3276 scientem
3051 3223 3173 3264 eam
3199 3223 3321 3266 esse
3342 3224 3508 3264 suum

1929 3290 2333 3366 ornamentum,
2369 3304 2423 3356 et
2485 3301 2628 3368 quod
2684 3288 2769 3357 est
2814 3302 3057 3357 omnium
3106 3302 3412 3356 maximum
3455 3307 3511 3355 et

1929 3394 2432 3465 perfectissimum,
2499 3394 2551 3446 in
2609 3394 2885 3448 Christum
2945 3408 3194 3465 magnam
3252 3378 3507 3462 pietatem

1930 3487 2318 3558 possidentem,
2342 3487 2444 3539 etsi
2475 3500 2543 3540 ex
2571 3485 2893 3553 parentibus
2925 3485 2989 3539 ad
3019 3486 3118 3538 hoc
3162 3500 3266 3538 non
3310 3484 3506 3539 bonam

1930 3581 2155 3633 haberet
2190 3578 2554 3632 occasionem.
2607 3574 2740 3630 Nam
2792 3579 2839 3629 ei
2910 3576 3126 3643 quidem
3183 3584 3301 3628 erat
3333 3586 3506 3643 pater,

1928 3688 2080 3741 teque
2112 3680 2165 3726 et
2196 3671 2404 3724 amicus
2430 3670 2747 3739 gentilibus,
2781 3677 2836 3722 et
2869 3667 3197 3722 Christianis
3230 3664 3232 3666 ’
3261 3666 3510 3721 inimicus

1931 3763 2393 3833 inexpugnabilis.
2431 3762 2602 3816 Mater
2635 3777 2765 3815 vero
2797 3772 2911 3814 erat
2954 3760 3005 3813 in
3040 3758 3278 3813 confinio
3305 3760 3508 3811 utrius-

1930 3873 2057 3929 que,
2090 3873 2282 3927 nempe
2312 3868 2368 3912 et
2399 3856 2683 3927 gentilium
2709 3854 2914 3909 erroris
2949 3852 3110 3907 simul
3165 3862 3219 3905 et
3268 3852 3508 3920 pietatis,

1928 3960 1983 4006 et
2035 3950 2213 4004 neutri
2272 3940 2519 4003 tribuens
2574 3948 2695 4016 plus
2748 3962 2910 4016 quam
2943 3945 3122 3999 alteri.
3154 3944 3260 3997 Sed
3297 3959 3401 3997 non
3432 3944 3512 3998 sic

1930 4044 2317 4100 honestissima
2347 4042 2558 4096 Juliana
2593 4042 2717 4111 (hoc
2738 4043 2880 4094 enim
2912 4051 3030 4092 erat
3055 4053 3249 4092 nomen
3276 4037 3509 4105 puellm),

1929 4140 2024 4191 sed
2091 4138 2278 4189 videns
2310 4136 2532 4198 coelum,
2602 4143 2822 4196 terram,
2877 4146 3081 4194 aerem,
3111 4144 3279 4194 mare,
3310 4128 3507 4198 ignem,

1930 4229 2208 4299 quaerebat
2260 4242 2381 4280 eum
2425 4226 2517 4294 qui
2558 4240 2621 4279 ea
2662 4233 2745 4280 est
2786 4222 3106 4285 fabricatus,
3143 4230 3197 4276 et
3231 4236 3328 4289 per
3369 4221 3504 4288 ipsa,

1929 4320 2181 4390 quisnam
2221 4329 2384 4380 esset,
2422 4317 2577 4369 valde
2623 4316 2917 4383 prudenter
2955 4313 3167 4377 didicit,
3210 4312 3507 4380 sapientem

1930 4413 2155 4467 Paulum
2215 4412 2419 4465 habens
2474 4409 2817 4479 magistrum.
2850 4406 3144 4460 luvisibilia
3197 4404 3501 4470 enituejus.

1930 4505 2126 4572 inquit,
2153 4518 2181 4556 a
2206 4512 2456 4556 creatura
2484 4500 2665 4553 mundi
2692 4499 2946 4567 operibus
2993 4496 3263 4551 intellecta
3294 4494 3511 4561 conspi-

1930 4594 2152 4649 ciuntur
2179 4596 2217 4646 ί.
2255 4591 2551 4661 Propterea
2606 4607 2734 4659 ergo
2776 4590 3028 4643 dicebat:
3066 4588 3215 4643 Unus
3258 4598 3337 4641 est
3366 4588 3510 4641 Deus

1929 4701 2114 4745 verus.
2147 4694 2204 4739 et
2260 4701 2383 4739 eum
2439 4693 2655 4753 oportet
2690 4682 2939 4736 adorare.
2980 4680 3129 4734 Alios
3158 4690 3339 4733 autem
3372 4694 3510 4732 nun-

1927 4792 2088 4847 quam
2125 4778 2255 4831 deos
2286 4777 2482 4829 dixerit
2514 4775 2752 4837 Juliana,
2790 4788 2963 4843 neque
3007 4772 3208 4827 cultum
3251 4782 3305 4827 et
3343 4774 3510 4825 hono-

1930 4882 2043 4921 rctn
2077 4868 2158 4921 eis
2203 4877 2456 4934 tauquam
2514 4867 2618 4919 diis
2690 4865 2963 4919 tribuerit.
2996 4863 3124 4917 Hinc
3178 4862 3417 4925 dicebat,
3456 4868 3512 4913 ct

1929 4959 2109 5015 verbis
2138 4958 2516 5015 convenientia
2549 4956 2816 5011 eﬂiciebat
2842 4970 3025 5023 opera.
3059 4955 3234 5022 Atque
3278 4952 3345 5006 ab
3389 4952 3511 5005 aliis

243 5048 342 5099 καὶ
383 5047 527 5102 οὕτω
576 5050 669 5101 τὸν
715 5051 918 5119 μεταξὺ
954 5050 1131 5104 πάντα
1180 5051 1279 5120 τῆς
1328 5054 1625 5121 μνηστείας
1671 5053 1825 5124 διῆγε

1928 5050 2144 5118 quidem
2205 5050 2353 5103 curis
2404 5048 2745 5112 abstinebat;
2799 5046 2883 5099 his
2942 5060 3070 5098 vero
3129 5045 3298 5098 tribus
3354 5058 3508 5096 suam

241 5138 459 5208 καιρόν.

316 5398 393 5457 B'.
436 5403 588 5456 Ἐπεὶ
608 5405 662 5457 δὲ
693 5406 786 5459 καὶ
806 5409 832 5460 ὁ
869 5408 1138 5474 Ἑλεύσιος
1161 5414 1287 5477 τοὺς
1312 5414 1523 5486 γάμους
1558 5418 1830 5473 ἐπέσπευ-

319 5541 335 5572 ¹
373 5539 530 5595 Rom.
564 5556 604 5606 ι,
635 5540 723 5596 21.

312 5688 387 5757 (Ι)
426 5685 493 5742 Ut
536 5685 727 5757 Latina
760 5685 963 5757 habent
996 5683 1376 5757 Martyrologia
1436 5690 1578 5757 quod
1626 5700 1707 5744 est
1748 5692 1824 5745 lo-

1853 5169 1896 5227 (ἓ

1933 5146 2098 5197 vitam
2126 5140 2502 5211 dispertiebat,
2534 5140 2789 5203 orationi,
2829 5138 3043 5207 templis
3074 5136 3188 5202 Dei,
3209 5147 3259 5188 et
3289 5133 3507 5188 lectioni

1934 5249 2213 5289 sacrarum
2267 5233 2672 5303 Scripturarum
2710 5247 2725 5283 :
2770 5240 2825 5283 et
2872 5230 2956 5285 sic
3009 5236 3179 5283 totum
3250 5224 3510 5294 transegit

1933 5336 2147 5397 tempus
2172 5328 2315 5395 quod
2341 5326 2442 5379 fuit
2468 5326 2604 5377 inter
2634 5321 2931 5389 sponsalia.

2004 5420 2065 5476 Il.
2092 5421 2225 5476 Cum
2268 5429 2443 5474 autem
2480 5416 2726 5471 Eleusius
2760 5422 2979 5485 urgeret
3017 5421 3071 5467 et
3097 5420 3413 5483 properaret
3439 5408 3508 5463 ad

1931 5693 1990 5745 2|
2041 5690 2347 5749 Decembris
2397 5700 2581 5763 agunt.
2622 5690 2756 5747 Vide
2803 5699 2960 5744 notas
2996 5684 3210 5742 Barouii
3250 5683 3315 5738 ad
3353 5682 3497 5738 Mar-

237 5754 383 5841 stuni
441 5756 824 5841 translationis
870 5754 1010 5841 e195,
1062 5754 1326 5841 primum
1378 5754 1820 5841 Martyrologium
1932 5763 2276 5832 lyrologium.

233 5828 572 5883 Romanum.
599 5826 771 5883 Gmci
812 5826 863 5881 in
901 5825 1224 5902 Menologio,
1269 5832 1496 5885 natalem
1521 5825 1637 5900 'ejus
1674 5825 1816 5887 diem
