4218 6482
693 421 827 482 ιιδῡ

1958 422 2240 483 MENSIS
2274 422 2797 486 FEBRUARIUS.

3832 427 3983 496 1440

691 542 922 607 nuptias,
949 536 1060 589 haec
1092 537 1328 605 sapiens,
1359 544 1413 591 et
1434 550 1554 607 qua:
1592 548 1775 590 acrem
1804 536 1952 590 illum
1975 549 2273 593 amatorem

2400 555 2488 601 μεν,
2526 540 2558 607 ή
2608 537 2748 609 σοφὴ
2786 536 2926 607 αὕτη
2974 536 3069 591 καὶ
3118 536 3210 590 τὸν
3242 535 3443 606 θερμὸν
3487 536 3723 609 ἐραστὴν
3769 541 3983 593 ἐκεῖνον

690 642 878 701 potens
900 640 1019 683 erat
1053 631 1339 699 depellere,
1362 630 1427 682 ad
1461 643 1583 683 eum
1611 630 1830 684 mittens
1864 649 1877 684 :
1912 630 2051 695 Noli,
2075 631 2271 699 inquit,

691 734 740 775 te
781 737 972 788 parare
1000 721 1063 773 ad
1094 709 1333 789 n‘uptias,
1362 721 1540 775 sciens
1565 720 1697 783 fore,
1738 728 1789 772 ut
1840 736 1926 773 me
1954 736 2058 775 non
2097 720 2272 790 possis

692 814 848 865 aliter
880 814 1158 875 dttctnrus,
1188 811 1293 864 nisi
1332 810 1482 878 prius
1506 809 1743 879 prml'ecti
1778 825 1977 864 munus
1994 810 2274 879 acceperis

694 906 760 957 ab
814 904 1159 971 imperatore.
1202 900 1325 955 llmc
1361 901 1571 966 dicens,
1610 913 1798 970 aperte
1848 882 2168 957 ostendebat
2215 917 2274 957 se

697 996 854 1048 talem
893 996 1096 1049 habere
1137 1010 1384 1061 scopum,
1424 1004 1480 1048 ut
1510 995 1554 1047 si
1600 994 1689 1049 ille
1715 995 1932 1063 quidem
1969 1010 2075 1049 non
2112 1010 2275 1065 pare-

698 1097 893 1142 retaut
921 1090 1057 1141 forte
1084 1089 1245 1141 etiam
1279 1103 1384 1141 non
1414 1097 1615 1157 posset,
1640 1090 1753 1143 haec
1782 1104 1886 1141 non
1924 1088 2194 1143 imbecilla
2224 1088 2272 1143 ei

692 1192 833 1235 esset
864 1181 1076 1234 occasio
1102 1181 1167 1232 ad
1232 1181 1569 1248 repellendas
1621 1180 1818 1233 Eleusii
1873 1181 2110 1249 nuptias.
2176 1178 2273 1234 Sin

694 1284 872 1326 autem
911 1288 1031 1324 eum
1084 1272 1149 1324 ad
1212 1274 1313 1327 hoc
1370 1274 1594 1327 haheret
1651 1287 1856 1327 morem
1890 1283 2192 1341 gerentem,
2222 1281 2277 1326 et

693 1368 784 1428 qui
814 1367 863 1419 id
897 1367 1111 1434 assequi
1140 1376 1340 1435 posset,
1371 1366 1611 1420 secundo
1646 1365 1850 1432 aliquid
1879 1366 1925 1417 ei
1956 1365 2276 1433 imperaret,

694 1460 778 1511 cui
810 1460 851 1515 si
885 1461 1155 1528 paruisset
1181 1470 1235 1511 et
1270 1459 1317 1510 id
1368 1458 1608 1523 fecisset,
1644 1468 1698 1510 ct
1723 1458 1868 1511 illam
1920 1459 1971 1511 in
2036 1458 2276 1525 scipsum

695 1566 811 1607 erat
852 1556 1175 1605 lucralurus.
1216 1552 1310 1605 Sin
1346 1568 1471 1605 vero
1504 1568 1608 1606 non
1638 1551 1905 1618 paruisset
1934 1561 1988 1605 et
2028 1552 2278 1605 haasitas-

697 1657 799 1707 set,
844 1657 888 1699 ct
932 1663 989 1698 se
1034 1647 1288 1712 primum,
1338 1645 1532 1699 deinde
1579 1644 1695 1713 ejus
1750 1658 1965 1712 quoque
2027 1644 2279 1710 perderet

697 1740 933 1807 nuptias.
987 1739 1139 1803 Quod
1192 1751 1368 1791 autem
1410 1738 1534 1789 talis
1564 1744 1710 1790 esset
1742 1736 1859 1804 ejus
1893 1749 2111 1803 scopus,
2154 1749 2279 1787 mox

695 1830 942 1883 ostendet
973 1832 1164 1881 oratiu.
1207 1827 1337 1881 Nam
1372 1828 1459 1880 ille
1505 1827 1744 1894 quidem,
1776 1826 2030 1894 quoniam
2086 1836 2281 1895 captus

2378 630 2829 700 ἀποκρούσασθαι
2864 628 3066 701 δυνατὴ
3113 627 3506 692 ἁποστείλασα,
3550 628 3639 700 Μὴ
3669 628 3759 700 δὴ,
3804 631 3979 696 λέγει,

2380 722 2515 793 πρὸς
2543 724 2670 785 τοὺς
2696 723 2911 792 γάμους
2952 723 3149 776 σαυτὸν
3194 718 3609 793 παρασκεύαζε,
3662 722 3976 790 γινώσκων,

2379 815 2452 877 ὡς
2484 814 2587 869 οὐκ
2612 814 2678 869 ἀν
2707 815 2883 879 ἄλλως
2909 814 3010 886 ἐμὲ
3037 815 3341 886 ληψόμενος
3363 816 3412 868 εἰ
3443 814 3517 884 μὴ
3549 814 3649 883 τὴν
3671 814 3767 866 τοῦ
3804 816 3980 884 ἐπαρ-

2378 926 2475 979 χου
2523 907 2788 980 πρότερον
2847 911 2912 963 ὲκ
2972 908 3235 979 βασιλέως
3297 908 3486 970 λάϐοις
3539 908 3752 978 ἀρχήν¹
3803 906 3983 959 ταῦτα

2378 1000 2615 1068 λέγουσα
2639 1000 2772 1070 δήλη
2794 996 2863 1070 ἦν
2880 1001 3120 1055 τοιοῦτον
3139 1002 3338 1071 ἔχουσα
3357 1001 3446 1053 τδν
3466 1002 3690 1063 σκοπὸν,
3708 1000 3784 1063 ὠς
3807 1003 3856 1051 εἰ
3881 1000 3983 1071 μὲν

2384 1093 2592 1156 ἐκεῖνος
2614 1093 2675 1146 ού
2698 1091 2955 1156 πείθοιτο,
2981 1094 3015 1165 ἢ
3043 1093 3204 1164 τυχὸν
3224 1095 3320 1146 καὶ
3349 1094 3423 1162 μὴ
3452 1093 3671 1145 δύναιτο
3701 1094 3983 1164 πρόφασις

2380 1187 2518 1255 αὐτῇ
2558 1186 2660 1239 οὐκ
2690 1186 2981 1254 ἀνίσχυρος
3031 1184 3359 1239 ἀπώσασθαι
3399 1186 3524 1247 τοὺς
3564 1186 3843 1237 Ἐλευσίου
3878 1186 3981 1252 γά·

2386 1294 2543 1346 μους·
2566 1279 2613 1329 εί
2637 1274 2693 1331 δὲ
2714 1278 2869 1330 λάϐοι
2888 1277 3024 1347 πρδς
3041 1276 3197 1330 τοῦτο
3215 1276 3521 1346 καταπειθῆ
3541 1278 3634 1329 καὶ
3656 1278 3983 1346 δυνάμενον,

2380 1370 2525 1437 ἔχειν
2553 1387 2608 1422 τι
2641 1371 2739 1422 καὶ
2762 1371 3017 1440 δεύτερον
3044 1370 3382 1432 ἐπιτάττειν,
3407 1363 3450 1437 ᾧ
3478 1370 3721 1433 πεισθεὶς
3752 1370 3857 1438 μὲν
3886 1371 3985 1421 καὶ

2382 1463 2605 1530 δράσας,
2651 1462 2911 1531 κάκείνην
2943 1462 3200 1531 κερδήσει
3228 1463 3322 1514 καὶ
3352 1464 3546 1515 ἑαυτόν
3567 1480 3580 1493 ·
3622 1462 3697 1533 μὴ
3733 1463 3986 1525 πεισῦεὶς

2383 1555 2565 1609 δὲκαὶ
2610 1556 2935 1625 ἀποῤῥήσας
2963 1555 3157 1609 ἑαυτόν
3182 1572 3241 1606 τε
3281 1556 3520 1623 πρῶτον,
3564 1554 3682 1607 εἶτα
3722 1556 3819 1606 καὶ
3854 1556 3983 1615 τοὺς

2388 1647 2630 1709 ἐκείνους
2690 1647 2903 1715 γάμους
2959 1647 3395 1715 προσαπολέσει·
3450 1648 3533 1699 ὅτι
3584 1648 3640 1699 δὲ
3694 1649 3722 1697 ὁ
3776 1646 3987 1707 σκοπὸς

2383 1737 2647 1801 τοιοῦτος,
2686 1738 2908 1809 δηλήσει
2940 1741 3085 1793 κατά
3139 1740 3307 1801 πόδας
3336 1741 3363 1791 ό
3393 1740 3549 1805 λόγος
3574 1756 3587 1769 ·
3618 1742 3645 1791 ὁ
3697 1740 3797 1806 μὲν
3847 1739 3984 1804 γάρ,

2384 1831 2505 1883 ἐπεὶ
2540 1828 2746 1898 ταύτης
2796 1831 3081 1897 κατάκρας
3127 1830 3295 1894 ἑάλω,
3341 1831 3519 1882 πάντα
3567 1830 3713 1882 λίοον
3749 1833 3986 1899 κινήσας

699 1933 815 1973 erat
855 1936 1071 1985 Sltlnll:Q
1097 1918 1212 1985 ejus
1250 1935 1452 1983 amore,
1489 1934 1608 1972 cum
1657 1934 1871 1971 om-scm
1917 1919 2173 1972 movisset
2205 1922 2283 1971 la-

2400 1925 2483 1976 καὶ
2516 1923 2711 1976 πολλοῦ
2746 1923 2974 1993 χρυσίου
3004 1925 3102 1993 τὴν
3134 1925 3309 1994 ἀρχὴν
3355 1924 3733 1993 ὠνησάμενος.
3772 1926 3992 1991 πέμπει

701 2012 899 2079 pidem,
932 2020 983 2064 vt
1038 2012 1267 2079 plut-ima
1328 2011 1552 2077 pecunia
1605 2012 1829 2063 emisset
1874 2012 2273 2077 magistratum,

703 2103 868 2155 mittit
897 2102 962 2155 ad
991 2102 1241 2169 puellam,
1279 2102 1591 2170 signiﬁcans
1632 2113 1685 2153 et
1708 2117 1765 2154 sc
1798 2100 1845 2154 ei
1870 2116 2125 2169 Sponsum
2153 2117 2279 2154 eva-

700 2198 835 2250 sisse
867 2195 1174 2255 clariorem,
1200 2206 1252 2248 et
1284 2194 1393 2261 jam
1422 2194 1707 2261 postulans
1762 2194 1995 2260 nuptias.
2030 2193 2123 2246 llla
2151 2208 2280 2247 vero

701 2289 1032 2355 (necessario
1086 2289 1227 2340 enim
1290 2287 1484 2355 aperit,
1550 2287 1690 2354 quod
1734 2288 1914 2338 animo
1959 2287 2219 2355 agitabat)
2264 2304 2278 2339 :

702 2376 893 2435 Dicite,
941 2378 1016 2431 ait
1064 2378 1129 2430 iis
1162 2378 1251 2445 qui
1304 2377 1451 2430 missi
1508 2376 1723 2429 fuerant
1776 2376 1843 2429 ah
1874 2375 2089 2429 Eleusio
2122 2396 2134 2431 :
2170 2378 2283 2431 haec

701 2472 918 2534 quidem
987 2479 1133 2523 recte
1189 2484 1246 2522 sc
1308 2471 1636 2523 Itaheutztu
1689 2478 1866 2521 autem
1944 2468 2045 2522 nisi
2104 2484 2279 2522 meum

710 2564 875 2616 lteum
928 2564 1264 2624 adorat’eris,
1295 2572 1347 2615 et
1402 2577 1559 2629 quem
1597 2577 1695 2630 ego
1738 2562 1859 2615 colo
1892 2561 2196 2624 Dominum,
2228 2569 2281 2613 ιιι

704 2670 920 2724 quoque
978 2664 1127 2707 tuutn
1182 2670 1305 2709 esse
1357 2655 1527 2709 fueris
1578 2656 1881 2715 confessus,
1914 2670 2097 2722 quer
2123 2655 2283 2707 aliam

700 2734 825 2815 quae
847 2760 1023 2802 tecum
1067 2749 1267 2803 habitet
1296 2764 1311 2814 ;
1340 2750 1440 2802 hoc
1467 2749 1612 2801 enim
1635 2760 1717 2801 est
1743 2748 1823 2801 vel
1855 2748 2030 2803 solum
2055 2746 2286 2800 Julianus

707 2839 1147 2905 fundamentum,
1175 2851 1228 2894 et
1280 2840 1370 2907 qui
1400 2855 1508 2895 non
1535 2842 1747 2903 eadem,
1787 2855 1905 2909 qua:
1930 2854 2053 2909 ego,
2080 2838 2279 2907 opina-

707 2947 794 2986 tur
832 2935 993 2987 vadat
1020 2937 1082 2985 ad
1118 2934 1299 2987 aliam.
1324 2937 1498 3002 Atque
1520 2932 1591 2986 illi
1622 2934 1837 3001 quidem
1864 2932 2283 2985 renuntiarunt:

712 3030 803 3082 illo
836 3043 964 3081 vero
997 3028 1094 3081 fuit
1126 3027 1203 3079 ira
1225 3037 1548 3091 commotus,
1569 3034 1623 3079 et
1650 3042 1773 3079 cum
1812 3036 2020 3092 patrem
2049 3025 2167 3093 ejus
2197 3039 2287 3077 ac—

709 3119 1038 3177 cersitissct,
1090 3119 1267 3171 omnia
1315 3118 1577 3183 narravit,
1612 3126 1665 3170 et
1700 3117 1878 3170 verbis
1939 3130 2154 3185 quoque
2193 3116 2290 3167 ad-

704 3214 887 3281 junxit
911 3212 1106 3265 minas.

780 3304 868 3359 Ill.
905 3305 1037 3359 Cum
1069 3314 1246 3360 autem
1282 3306 1395 3359 haec
1425 3303 1515 3359 ille
1546 3304 1865 3369 audivisset,
1906 3305 2000 3373 qui
2035 3314 2153 3358 erat
2178 3305 2293 3373 ipse

710 3412 927 3467 quoque
958 3397 1170 3450 deditus
1201 3396 1480 3466 gentilium
1506 3395 1653 3449 falsa:
1674 3396 1941 3463 religioni,
1966 3411 2069 3448 non
2098 3395 2292 3449 minori

712 3504 874 3557 quam
945 3490 1063 3553 ipse
1099 3488 1285 3542 furore
1320 3488 1583 3557 percitus,
1613 3500 1666 3540 et
1694 3502 1810 3542 rem
1836 3488 2154 3543 rcscivisset
2188 3502 2292 3541 non

714 3582 887 3633 solum
925 3587 1125 3649 pra-ter
1171 3594 1343 3647 spem,
1374 3579 1467 3632 sed
1518 3581 1682 3632 etiam
1718 3587 1913 3648 prmter
1959 3579 2293 3650 opinionem,

715 3672 900 3727 dolore
966 3672 1181 3741 quidem
1242 3670 1473 3725 allicitur
1529 3681 1585 3724 ut
1650 3679 1822 3740 pater,
1857 3671 2111 3726 irascitur
2167 3686 2297 3724 vero

716 3776 938 3834 propter
969 3780 1161 3819 novam
1219 3764 1531 3829 religionem
1570 3784 1585 3818 :
1623 3772 1676 3818 ct
1712 3765 1893 3819 statim
1925 3778 2047 3818 cum
2075 3762 2296 3818 domum

716 3860 976 3923 venisset,
1006 3859 1239 3928 primum
1276 3858 1491 3927 quidem
1546 3856 1679 3911 nihil
1722 3871 1975 3925 asperum
2008 3872 2109 3911 nec
2139 3872 2297 3912 acer-

720 3955 843 4006 hmn
882 3952 1011 4006 dicit
1040 3951 1257 4019 virgini,
1284 3950 1535 4003 dubitans
1565 3965 1630 4005 ne
1668 3950 1748 4004 sic
1798 3951 1968 4017 magis
2000 3966 2119 4004 eam
2160 3950 2297 4005 inci-

722 4054 863 4100 taret
880 4045 945 4098 ad
964 4044 1322 4098 constantiam
1346 4058 1360 4105 ;
1388 4042 1480 4096 sed
1502 4040 1739 4110 jucunde
1761 4044 1939 4109 potius
1961 4052 2014 4097 et
2037 4051 2259 4109 paterne
2282 4060 2297 4097 :

725 4137 819 4191 Dic
882 4126 1036 4200 mihi,
1088 4135 1281 4203 inquit,
1335 4133 1444 4188 lilia
1493 4134 1855 4198 charissima,
1903 4144 1953 4189 et
1997 4144 2150 4203 grata
2209 4134 2303 4189 lux

722 4239 971 4280 meorum
1004 4223 1307 4289 oculorum,
1344 4238 1579 4293 quanam
1612 4224 1676 4277 de
1700 4239 1862 4279 causa
1883 4240 2027 4294 aegre
2058 4224 2170 4279 fers
2204 4239 2303 4277 nu-

724 4321 885 4388 ptias,
929 4326 983 4371 et
1039 4318 1259 4385 repellis
1309 4316 1801 4387 praelectum‘lllla
1864 4332 2016 4380 vero,
2058 4316 2303 4371 velutiin

725 4410 947 4464 auribus
974 4410 1205 4479 quodam
1250 4424 1503 4479 percussa
1548 4410 1769 4462 stimulo
1801 4428 1813 4462 :
1848 4408 2070 4471 Desine,
2106 4410 2302 4478 inquit,

727 4512 881 4569 pater
918 4500 1082 4569 :juro
1142 4501 1286 4552 enim
1318 4514 1492 4554 meam
1552 4484 1730 4567 spem,
1784 4500 2066 4553 Dominum
2125 4514 2302 4552 meum

2391 2014 2457 2084 τῇ
2492 2014 2627 2084 κόρῃ
2662 2015 3041 2085 λαμπρότερόν
3077 2033 3135 2067 τε
3169 2018 3261 2067 τὸν
3300 2018 3530 2085 νυμςρίον
3562 2016 3815 2081 γενέσθαι
3847 2019 3993 2085 αὐτῇ

2391 2103 2648 2173 μηνύων,
2688 2107 2785 2157 καὶ
2829 2106 2920 2157 τὸν
2975 2107 3153 2174 γάμον
3207 2107 3305 2175 ἥδη
3366 2107 3794 2175 προσαπαιτῶνο
3852 2110 3884 2174 ἡ
3934 2110 3992 2158 Cia

2390 2195 2643 2266 (καὶγὰρ
2695 2198 3010 2264 ἀναγκαίως
3068 2198 3401 2251 έκκαλύπτει
3451 2199 3512 2251 τὸ
3545 2198 3989 2268 βουλευόμενον),

2390 2288 2599 2341 Εἶπατε
2639 2290 2776 2356 πρὸς
2804 2291 2929 2353 τοὺς
2956 2290 3363 2353 ἀποσταλέντας
3401 2290 3682 2359 Ἐλευτίῳ,
3714 2292 3872 2359 φησὶ,
3908 2292 3996 2341 ὅτι

2392 2379 2566 2433 ταῦτα
2603 2382 2703 2450 μὲν
2736 2382 2912 2443 ἄλλως
2936 2398 2949 2413 ·
2992 2384 3055 2436 σὺ
3105 2383 3163 2436 δὲ
3196 2384 3261 2452 ἢν
3296 2385 3370 2453 μὴ
3402 2382 3481 2451 τῷ
3526 2383 3644 2452 ἐμῷ
3677 2385 3998 2451 προσκυνή-

2391 2488 2491 2546 σῃς
2520 2474 2639 2543 Θεῷ
2671 2474 2767 2526 καὶ
2796 2474 2854 2526 ὃν
2883 2474 2994 2541 ἐγὼ
3030 2475 3318 2544 πρεσϐεύοι
3342 2478 3623 2541 Δεσπότην
3646 2476 3995 2544 ὁμολογήσας

2401 2564 2515 2629 σὺν,
2567 2564 2761 2634 ἑτέραν
2803 2564 2954 2633 ζήτει
3000 2566 3101 2633 τὴν
3152 2566 3615 2635 συνοικήσουσαν·
3671 2566 3847 2618 ταῦτα
3883 2566 3996 2635 γὰρ

2393 2657 2487 2710 καὶ
2538 2657 2673 2724 μόνα
2718 2656 3009 2725 Ἰουλιανῆς
3068 2659 3211 2721 ἕδνα,
3284 2661 3377 2711 καὶ
3422 2662 3449 2711 ὸ
3508 2660 3583 2727 μὴ
3640 2658 3821 2710 ταύτὰ
3867 2658 3998 2726 ἐμοὶ

2393 2749 2629 2817 νομίζων
2660 2751 2788 2818 παρ’
2823 2750 3017 2819 ἑτέραν
3062 2751 3334 2821 χωρείτω.
3387 2752 3452 2803 Οἱ
3502 2750 3601 2818 μὲν
3635 2752 3952 2818 ἀπήγγελον
3977 2765 3992 2777 ο

2398 2841 2428 2893 ὁ
2454 2842 2509 2894 δὲ
2539 2842 2807 2910 ἐθυμοῦτο
2851 2845 2943 2893 καὶ
2972 2842 3064 2894 τὸν
3108 2842 3325 2912 πατέρα
3366 2840 3574 2912 ταύτης
3627 2841 3997 2911 μεταπεμψά-

2397 2953 2578 3005 μενος,
2613 2937 2790 2989 πάντα
2830 2953 2896 2989 τε
2944 2936 3190 3005 διηγεῖτο
3224 2938 3318 2988 καὶ
3363 2937 3480 2998 τοῖς
3521 2936 3702 3001 λόγοις
3755 2936 3997 3004 συνείρει

2402 3030 2498 3082 καὶ
2526 3030 2782 3092 ἀπειλάς.

2467 3292 2541 3348 1".
2552 3335 2566 3361 ,
2586 3294 2854 3357 Ἀκούσας
2890 3294 2947 3346 δὲ
2982 3295 3233 3355 κάκεῖνος
3265 3294 3553 3363 ἄνθρωπος
3584 3298 3712 3365 περὶ
3741 3298 3840 3367 τὴν
3880 3299 4005 3352 Ἐλ-

2395 3392 2627 3461 ληνικὴν
2670 3390 2991 3459 θρησκείαν,
3042 3389 3164 3441 κατ’
3211 3389 3325 3442 ἴσον
3369 3390 3519 3459 αὖτῷ
3578 3394 3841 3461 μεμηνὼς
3906 3396 4003 3446 καὶ

2406 3487 2639 3555 πρᾶγμα
2672 3485 2733 3537 οὐ
2768 3482 2897 3553 παρ’
2924 3482 3115 3535 ἐλπίδα
3148 3482 3330 3549 μόνον,
3365 3482 3501 3533 ἀλλὰ
3530 3484 3622 3534 καὶ
3652 3483 3882 3553 γνώμην
3910 3502 4006 3552 με·

2410 3575 2694 3645 μαθηκὼς,
2732 3574 2985 3628 λυπεῖται
3032 3575 3130 3644 μὲν
3161 3576 3235 3636 ὡς
3267 3574 3472 3644 πατὴρ,
3510 3575 3793 3645 ὀργίζεται
3819 3577 3876 3629 δὲ
3915 3578 4005 3629 δια

2398 3666 2497 3735 τὴν
2534 3666 2663 3734 περὶ
2691 3664 2751 3717 τὸ
2796 3664 2962 3726 σέϐας
2991 3663 3362 3733 καινοτομίαν,
3402 3665 3495 3715 καὶ¹
3542 3663 3860 3731 παραυτίκα
3907 3664 4006 3732 τὴν

2402 3758 2583 3810 οἰκίαν
2629 3756 2975 3820 καταλαϐὼν,
3018 3756 3213 3827 πρῶτα
3256 3756 3555 3824 μὲνρύὸὲν
3602 3756 3824 3823 ὀργίλον
3878 3759 4005 3809 οὐδὲ

2402 3850 2600 3918 πικρὸν
2630 3848 2782 3916 λέγει
2848 3849 2984 3918 πρὸς
3016 3850 3115 3917 τὴν
3168 3848 3459 3917 παρθένον,
3515 3849 3891 3913 ὑποπτεύσας,
3932 3850 4007 3917 μὴ

2401 3942 2462 3995 οὗ
2475 3961 2544 3996 τω
2577 3941 2779 4010 μᾶλλον
2799 3943 2937 4011 αὐτῇ
2956 3940 3053 4011 τὴν
3082 3942 3380 3995 ἀνάστασιν
3410 3940 3632 4011 ὲρεθίσῃ
3652 3959 3664 3969 ·
3713 3942 3925 4004 Ἡδέως
3950 3941 4006 3993 δὲ

2408 4036 2553 4107 μάλα
2588 4035 2684 4089 καὶ
2730 4034 3011 4105 πατρικῶς
3036 4048 3051 4065 ⁰
3084 4036 3224 4103 Λέγε
3277 4052 3387 4102 μοι,
3424 4034 3553 4103 ἔφη,
3589 4038 3690 4086 παῖ
3742 4037 4003 4103 φιλτάτη,

2412 4125 2509 4179 καὶ
2540 4124 2656 4194 φῶς
2689 4123 3021 4193 έπιχαριτῶν
3047 4124 3197 4191 ἐμῶν
3222 4123 3539 4191 ὀφθαλμῶν,
3567 4125 3692 4176 ὅτου
3723 4127 3886 4193 χάριν
3920 4127 4007 4177 τὸν

2404 4219 2585 4286 γάμον
2614 4234 2674 4269 τε
2704 4216 3081 4286 δυσχεραίνεις
3112 4214 3208 4268 καί⁵
3247 4216 3339 4267 τὸν
3369 4215 3607 4285 ἔπαρχον
3640 4215 3819 4284 ἀποοῇ
3843 4234 3855 4245 ·
3889 4219 3922 4285 ἡ
3952 4217 4009 4268 δὲ

2407 4311 2597 4379 ὥσπερ
2639 4327 2691 4363 τι
2741 4310 2954 4378 κέντρῳ
3004 4310 3275 4377 πληγεῖσα
3318 4307 3417 4375 τὴν
3468 4309 3679 4378 ἀκοήν·
3727 4309 4005 4376 Ἐπίτχες,

2408 4403 2535 4472 ἔφη,
2568 4402 2743 4469 πάτερ
2765 4415 2778 4429 ⁸
2811 4400 3015 4469 ὄμνυμι
3048 4401 3156 4471 γάρ
3186 4400 3284 4469 τὴν
3313 4399 3451 4469 ἐμὴν
3480 4400 3692 4463 ἐλπίδα,
3734 4402 3829 4452 τδν
3875 4401 4009 4467 ἐμὸν

2408 4495 2689 4562 Δεσπότην
2718 4492 2983 4563 Χριστὸν,
3024 4494 3070 4542 εί
3103 4494 3176 4562 μὴ
3204 4492 3307 4561 τῆς
3350 4492 3508 4559 δόξης
3559 4493 3855 4560 πρότερον,
3886 4493 4008 4544 οὐδὲ

724 4596 1022 4659 Christum,
1058 4593 1103 4649 si
1137 4609 1242 4647 non
1275 4594 1423 4662 prius
1454 4594 1615 4647 fuerit
1643 4608 1775 4647 mete
1800 4593 2094 4660 opinionis,
2128 4606 2283 4660 neqm

2410 4584 2506 4637 τοῦ
2559 4584 2741 4654 γάμου
2783 4582 3041 4645 κοινωνὸς
3091 4583 3285 4636 ἔσται’
3325 4583 3376 4635 τί
3428 4582 3536 4653 γὰρ
3590 4582 3656 4634 ἂν
3703 4583 3791 4651 εἴη
3850 4584 4010 4635 τοῦτο

725 4690 834 4741 erit
870 4703 1113 4742 mearum
1140 4687 1449 4755 nuptiarum
1482 4687 1774 4756 particeps.
1807 4686 1945 4749 Quid
1973 4686 2118 4738 enim
2142 4683 2308 4739 fuerit

729 4784 831 4836 huc
861 4781 1026 4843 aliud,
1064 4796 1225 4849 quam
1258 4794 1490 4847 corpore
1534 4778 1758 4831 omnino
1808 4778 2151 4846 conjunclos,
2186 4790 2309 4830 esse

731 4878 914 4928 hostes
944 4872 1182 4925 animis?
1205 4871 1321 4923 Non
1361 4870 1659 4925 tolerabilis
1692 4870 1768 4922 ira
1820 4878 2025 4936 patrem
2062 4868 2263 4921 invadit
2291 4884 2305 4932 ;

731 4974 806 5023 et.
838 4964 1141 5032 Desipisne,
1165 4964 1356 5030 inquit,
1380 4971 1434 5015 et
1460 4976 1612 5015 antas
1636 4968 1904 5013 tormenta
1929 4959 1952 5011 ?
1976 4957 2269 5012 Tormenta
2293 5000 2307 5022 ,

735 5058 886 5111 dixi?
918 5057 1020 5111 Per
1068 5056 1334 5110 maximos
1358 5056 1485 5110 deos
1518 5054 1817 5122 Apollinem
1840 5063 1891 5105 et
1912 5049 2156 5114 Dianam,
2183 5051 2313 5104 leris

737 5161 788 5203 et
854 5152 1079 5203 canihus
1141 5160 1288 5201 tuum
1346 5161 1546 5215 corpus
1595 5146 1847 5213 ohjiciam
1918 5144 2310 5199 devorandum.

740 5240 943 5310 Martyr
1003 5254 1171 5304 vero,
1225 5239 1361 5304 Quid
1443 5238 1771 5293 cunctaris?
1824 5238 2053 5306 inquit:
2095 5238 2316 5290 veniant

740 5350 923 5397 canes,
958 5333 1177 5387 veniant
1226 5332 1375 5393 ferae,
1420 5342 1583 5401 atque
1613 5334 1747 5385 adeo
1802 5332 1986 5387 multa:
2013 5343 2234 5390 mortes.
2270 5331 2315 5385 si

745 5433 856 5483 tieri
886 5429 1075 5496 possit,
1100 5444 1195 5499 pro
1216 5444 1341 5481 una.
1367 5426 1615 5481 Lmtabor
1633 5427 1801 5491 enim,
1820 5442 1960 5495 smpe
1984 5441 2079 5495 pro
2102 5425 2319 5480 Christo

751 5537 1010 5584 moriens,
1034 5528 1087 5575 et
1107 5520 1383 5589 accipiens
1421 5518 1617 5573 multas
1660 5519 2149 5572 remunerationes.
2180 5516 2320 5569 Bur-

749 5630 839 5669 sus
872 5624 1051 5666 autem
1105 5613 1192 5667 ille
1224 5612 1454 5666 callidus
1501 5626 1817 5678 generosam
1863 5611 2128 5680 virginem
2173 5609 2325 5664 varie

748 5706 1029 5768 invadens,
1057 5713 1317 5760 terrorem
1352 5705 1532 5758 statim
1559 5704 1815 5772 relinquit
1858 5714 1912 5755 et
1950 5703 2321 5771 asperitatem,

754 5806 805 5847 ct
836 5798 899 5847 ad
935 5796 1051 5859 priu
1078 5810 1163 5847 am
1208 5798 1347 5847 viam
1412 5789 1723 5857 rex-‘cttitur,
1767 5810 1890 5847 cum
1924 5803 1977 5846 et
2037 5802 2321 5861 paternum

754 5887 1081 5942 titibidt'litlln
1142 5896 1195 5940 et
1255 5885 1379 5939 hinc
1422 5884 1606 5954 religio
1674 5899 1739 5959 ex
1781 5898 1932 5953 aequo
1961 5899 2081 5938 cum
2123 5882 2321 5937 distra-

2411 4679 2621 4747 ἕτερον,
2656 4676 2688 4746 ἦ
2731 4674 2948 4745 σώματι
2980 4674 3203 4737 πάντως
3236 4675 3700 4743 συναπτομένους.
3734 4676 3859 4739 ταέ
3904 4676 4009 4742 ’ἕν’

2411 4771 2535 4839 χαῖς
2568 4767 2861 4837 πολεμίους
2911 4761 3087 4830 εἷναις
3124 4766 3309 4834 Θυμὸς
3369 4768 3586 4837 πατέρα
3640 4767 3919 4835 κατέσχεν
3947 4768 4008 4820 οὗ

2412 4864 2646 4933 φορητὸς
2676 4863 2791 4923 καὶ,
2825 4856 2897 4913 Ὦ
2924 4859 3087 4930 αὓτη,
3120 4862 3438 4930 μωραίνεις,
3472 4861 3595 4929 ἔφη’
3630 4860 3724 4910 καὶ
3756 4860 4011 4928 βασάνων

2413 4958 2567 5025 ἐρᾷς,
2625 4955 2874 5024 βασάνων
2918 4948 3111 5006 εἷπονο
3179 4952 3244 5022 νὴ
3304 4953 3430 5014 τοὺς
3507 4951 3802 5020 μεγίστους
3852 4951 4010 5012 θεοὺς

2426 5046 2741 5100 ’Δπόλλωνά
2770 5062 2829 5097 τε
2861 5046 2957 5097 καὶ
2995 5046 3288 5113 Ἄρτεμιν,
3331 5044 3496 5111 θηρσὶ
3539 5046 3632 5096 καὶ
3666 5044 3795 5095 κυσὶ
3824 5043 3887 5095 τὸ
3919 5043 4011 5095 σὺν

2417 5139 2578 5208 σῶμα
2613 5139 2799 5208 ἐφήσω
2841 5137 3031 5206 βοράν.
3061 5137 3172 5189 Καὶ
3210 5138 3242 5203 ἡ
3284 5136 3492 5205 μάρτυς
3515 5150 3527 5163 ·
3558 5134 3623 5185 Τί
3657 5133 3712 5185 δὲ
3752 5134 4007 5200 μέλ)εις;

2419 5233 2649 5283 εῖτωσαν
2681 5229 2831 5301 [[οτι.
2863 5228 3084 5295 ἴτωσαν]
3112 5228 3207 5281 καὶ
3234 5229 3414 5289 κύνες,
3442 5226 3674 5278 εῑτωσαν
3697 5225 3852 5296 [[ονι.
3887 5228 4010 5277 ίτω-

2424 5324 2542 5390 σαν)
2582 5326 2674 5373 καὶ
2707 5324 2891 5391 θῆρες,
2931 5322 3021 5372 καὶ
3046 5320 3265 5372 θάνατοι
3296 5318 3371 5381 δὲ,
3407 5320 3458 5370 εἴ
3495 5335 3577 5378 τις
3602 5317 3855 5384 δύναμις,
3893 5317 4010 5368 ἀνθ’

2423 5417 2540 5478 ἑνὸς
2573 5416 2790 5467 πολλοί·
2828 5414 3137 5485 ἡσθήσομαι
3168 5416 3277 5482 γὰρ
3304 5413 3562 5474 πολλάκις
3592 5413 3733 5480 ὑπὲρ
3768 5410 4010 5479 Χριστοῦ

2426 5508 2735 5577 θνήσκουσα
2786 5508 2880 5559 καὶ
2936 5506 3136 5568 πολλὰς
3195 5506 3526 5573 ἐκδεχομένη
3578 5504 3676 5566 τὰς
3747 5502 4011 5571 ἀμοιεάς.

2427 5601 2597 5656 Πάλιν
2628 5604 2655 5653 ὁ
2679 5600 2849 5663 δεινὸς
2878 5602 3082 5660 ἐκεῖνος
3120 5600 3378 5661 ποικίλως
3417 5597 3513 5668 τὴν
3557 5597 3811 5664 γενναίαν
3854 5613 4013 5663 περι-

2428 5693 2743 5763 ερχόμενος,
2776 5691 2836 5744 τὸ
2879 5692 2976 5760 μὲν
3012 5691 3239 5761 φοϐερὸν
3270 5692 3450 5744 έκεῖνο
3490 5691 3582 5742 καὶ
3613 5690 3787 5757 τραχὺ
3836 5704 4011 5739 κατα-

2428 5788 2625 5848 λείπει,
2660 5785 2752 5837 ὲπὶ
2784 5784 2839 5837 δὲ
2879 5783 2977 5853 τὴν
3021 5785 3244 5853 πρώτην
3275 5781 3471 5852 ἐχώρει
3515 5782 3739 5851 μέθών
3773 5781 3861 5831 ἐπ’
3887 5781 4011 5846 (an;

2430 5878 2524 5933 καὶ
2550 5876 2642 5932 τοῦ
2674 5876 2841 5931 πόθου
2873 5876 2964 5930 τοῦ
2993 5874 3260 5946 πατρικοῦ
3293 5875 3381 5928 καὶ
3408 5875 3504 5943 τῆς
3538 5871 3833 5943 θρησκείας
3859 5870 4014 5923 ἔνθεν
