  <div class='ocr_page' id='page_1' title='image "/cluster/home/n/w/nwhite01/storage/ocr_20150623/114/nnc1.0046980210/732.png"; bbox 0 0 4218 6482; ppageno 0'>
   <div class='ocr_carea' id='block_1_1' title="bbox 253 439 1919 511">
    <p class='ocr_par' dir='ltr' id='par_1_1' title="bbox 253 439 1919 503">
     <span class='ocr_line' id='line_1_1' title="bbox 253 439 1919 503; baseline 0.001 -3"><span class='ocrx_word' id='word_1_1' title='bbox 253 439 379 501; x_wconf 73' lang='grc' dir='ltr'><strong>ΜΗ</strong></span> <span class='ocrx_word' id='word_1_2' title='bbox 1516 442 1698 503; x_wconf 77' lang='grc' dir='ltr'>νιΤΑ</span> <span class='ocrx_word' id='word_1_3' title='bbox 1729 442 1792 503; x_wconf 92' lang='lat' dir='ltr'><strong>S.</strong></span> <span class='ocrx_word' id='word_1_4' title='bbox 1830 440 1919 502; x_wconf 75' lang='grc' dir='ltr'><strong>Π]</strong></span> 
     </span>
    </p>
   </div>
   <div class='ocr_carea' id='block_1_2' title="bbox 1848 439 3514 511">
    <p class='ocr_par' dir='ltr' id='par_1_2' title="bbox 1848 440 3514 511">
     <span class='ocr_line' id='line_1_2' title="bbox 1848 440 3514 511; baseline 0.006 -11"><span class='ocrx_word' id='word_1_5' title='bbox 1848 440 2205 502; x_wconf 66' lang='grc' dir='ltr'><strong>ῐΗΙᾸΑΝλΕ.</strong></span> <span class='ocrx_word' id='word_1_6' title='bbox 3381 447 3514 511; x_wconf 70' lang='grc'><strong>1442</strong></span> 
     </span>
    </p>
   </div>
   <div class='ocr_carea' id='block_1_3' title="bbox 245 544 1911 621">
    <p class='ocr_par' dir='ltr' id='par_1_3' title="bbox 245 544 1909 617">
     <span class='ocr_line' id='line_1_3' title="bbox 245 544 1909 617; baseline 0.001 -20"><span class='ocrx_word' id='word_1_7' title='bbox 245 544 626 617; x_wconf 71' lang='grc' dir='ltr'><strong>μεριζομένων</strong></span> <span class='ocrx_word' id='word_1_8' title='bbox 668 546 829 599; x_wconf 73' lang='grc' dir='ltr'>αὑτὸν</span> <span class='ocrx_word' id='word_1_9' title='bbox 870 548 965 601; x_wconf 79' lang='grc' dir='ltr'>καὶ</span> <span class='ocrx_word' id='word_1_10' title='bbox 1008 545 1353 599; x_wconf 80' lang='grc' dir='ltr'>παντοδαπὸν</span> <span class='ocrx_word' id='word_1_11' title='bbox 1389 550 1691 602; x_wconf 76' lang='grc' dir='ltr'><strong>ποιούντων</strong></span> <span class='ocrx_word' id='word_1_12' title='bbox 1740 548 1835 601; x_wconf 65' lang='grc' dir='ltr'><strong>καὶ⁵</strong></span> <span class='ocrx_word' id='word_1_13' title='bbox 1868 553 1909 607; x_wconf 77' lang='grc' dir='ltr'><strong>Α</strong></span> 
     </span>
    </p>
   </div>
   <div class='ocr_carea' id='block_1_4' title="bbox 1854 544 3520 621">
    <p class='ocr_par' dir='ltr' id='par_1_4' title="bbox 1868 548 3520 621">
     <span class='ocr_line' id='line_1_4' title="bbox 1868 548 3520 621; baseline 0.007 -22"><span class='ocrx_word' id='word_1_14' title='bbox 1868 553 1909 607; x_wconf 76' lang='grc' dir='ltr'><strong>Α</strong></span> <span class='ocrx_word' id='word_1_15' title='bbox 1944 548 2161 609; x_wconf 88' lang='lat' dir='ltr'><strong>herent,</strong></span> <span class='ocrx_word' id='word_1_16' title='bbox 2193 556 2247 600; x_wconf 91' lang='lat' dir='ltr'><strong>et</strong></span> <span class='ocrx_word' id='word_1_17' title='bbox 2276 557 2333 601; x_wconf 91' lang='lat' dir='ltr'><strong>ut</strong></span> <span class='ocrx_word' id='word_1_18' title='bbox 2381 564 2438 603; x_wconf 90' lang='lat' dir='ltr'><strong>sc</strong></span> <span class='ocrx_word' id='word_1_19' title='bbox 2476 548 2525 603; x_wconf 94' lang='lat' dir='ltr'><strong>in</strong></span> <span class='ocrx_word' id='word_1_20' title='bbox 2577 564 2793 608; x_wconf 81' lang='lat' dir='ltr'><strong>omnem</strong></span> <span class='ocrx_word' id='word_1_21' title='bbox 2854 562 3060 621; x_wconf 90' lang='lat' dir='ltr'><strong>partem</strong></span> <span class='ocrx_word' id='word_1_22' title='bbox 3127 564 3379 619; x_wconf 78' lang='lat' dir='ltr'><strong>verteret,</strong></span> <span class='ocrx_word' id='word_1_23' title='bbox 3411 559 3520 611; x_wconf 79' lang='lat' dir='ltr'><strong>etii-</strong></span> 
     </span>
    </p>
   </div>
   <div class='ocr_carea' id='block_1_5' title="bbox 240 636 1906 709">
    <p class='ocr_par' dir='ltr' id='par_1_5' title="bbox 240 636 1834 709">
     <span class='ocr_line' id='line_1_5' title="bbox 240 636 1834 709; baseline 0.002 -20"><span class='ocrx_word' id='word_1_24' title='bbox 240 636 331 690; x_wconf 82' lang='grc' dir='ltr'>διὰ</span> <span class='ocrx_word' id='word_1_25' title='bbox 360 636 521 690; x_wconf 83' lang='grc' dir='ltr'>τοῦτο</span> <span class='ocrx_word' id='word_1_26' title='bbox 549 637 731 691; x_wconf 76' lang='grc' dir='ltr'>πειθοῖ</span> <span class='ocrx_word' id='word_1_27' title='bbox 756 636 922 703; x_wconf 74' lang='grc' dir='ltr'>πάλιν</span> <span class='ocrx_word' id='word_1_28' title='bbox 955 637 1127 709; x_wconf 78' lang='grc' dir='ltr'>αὐτὴν</span> <span class='ocrx_word' id='word_1_29' title='bbox 1173 637 1267 689; x_wconf 75' lang='grc' dir='ltr'>καὶ</span> <span class='ocrx_word' id='word_1_30' title='bbox 1303 637 1616 698; x_wconf 79' lang='grc' dir='ltr'><strong>κολακείαις</strong></span> <span class='ocrx_word' id='word_1_31' title='bbox 1655 655 1834 709; x_wconf 83' lang='grc' dir='ltr'>παρα-</span> 
     </span>
    </p>
   </div>
   <div class='ocr_carea' id='block_1_6' title="bbox 1855 636 3521 709">
    <p class='ocr_par' dir='ltr' id='par_1_6' title="bbox 1942 637 3521 708">
     <span class='ocr_line' id='line_1_6' title="bbox 1942 637 3521 708; baseline 0.009 -18"><span class='ocrx_word' id='word_1_32' title='bbox 1942 648 2150 691; x_wconf 63' lang='lat' dir='ltr'><strong>cL-rent.</strong></span> <span class='ocrx_word' id='word_1_33' title='bbox 2179 637 2241 689; x_wconf 85' lang='lat' dir='ltr'><strong>Et</strong></span> <span class='ocrx_word' id='word_1_34' title='bbox 2277 639 2397 693; x_wconf 85' lang='lat' dir='ltr'><strong>idco</strong></span> <span class='ocrx_word' id='word_1_35' title='bbox 2429 643 2779 708; x_wconf 81' lang='lat' dir='ltr'><strong>persuasione</strong></span> <span class='ocrx_word' id='word_1_36' title='bbox 2808 653 2862 699; x_wconf 91' lang='lat' dir='ltr'><strong>et</strong></span> <span class='ocrx_word' id='word_1_37' title='bbox 2884 646 3156 701; x_wconf 87' lang='lat' dir='ltr'><strong>blanditiis</strong></span> <span class='ocrx_word' id='word_1_38' title='bbox 3178 662 3297 700; x_wconf 89' lang='lat' dir='ltr'><strong>eam</strong></span> <span class='ocrx_word' id='word_1_39' title='bbox 3333 664 3521 704; x_wconf 85' lang='lat' dir='ltr'><strong>rursus</strong></span> 
     </span>
    </p>
   </div>
   <div class='ocr_carea' id='block_1_7' title="bbox 243 729 1909 797">
    <p class='ocr_par' dir='ltr' id='par_1_7' title="bbox 243 729 751 797">
     <span class='ocr_line' id='line_1_7' title="bbox 243 729 751 797; baseline 0.004 -16"><span class='ocrx_word' id='word_1_40' title='bbox 243 732 436 797; x_wconf 87' lang='grc' dir='ltr'>γαγεῖν</span> <span class='ocrx_word' id='word_1_41' title='bbox 472 729 751 783; x_wconf 76' lang='grc' dir='ltr'><strong>ἔσπευδεν.</strong></span> 
     </span>
    </p>
   </div>
   <div class='ocr_carea' id='block_1_8' title="bbox 840 729 2506 797">
    <p class='ocr_par' dir='ltr' id='par_1_8' title="bbox 1937 731 2506 787">
     <span class='ocr_line' id='line_1_8' title="bbox 1937 731 2506 787; baseline 0.005 -3"><span class='ocrx_word' id='word_1_42' title='bbox 1937 731 2188 785; x_wconf 83' lang='lat' dir='ltr'><strong>studebat.</strong></span> <span class='ocrx_word' id='word_1_43' title='bbox 2221 732 2506 787; x_wconf 83' lang='lat' dir='ltr'><strong>inducere.</strong></span> 
     </span>
    </p>
   </div>
   <div class='ocr_carea' id='block_1_9' title="bbox 313 822 1979 899">
    <p class='ocr_par' dir='ltr' id='par_1_9' title="bbox 313 822 1833 895">
     <span class='ocr_line' id='line_1_9' title="bbox 313 822 1833 895; baseline 0.001 -21"><span class='ocrx_word' id='word_1_44' title='bbox 313 825 388 875; x_wconf 84' lang='lat' dir='ltr'><strong>A&#39;.</strong></span> <span class='ocrx_word' id='word_1_45' title='bbox 435 823 520 885; x_wconf 86' lang='grc' dir='ltr'>Ὠς</span> <span class='ocrx_word' id='word_1_46' title='bbox 543 823 599 876; x_wconf 84' lang='grc' dir='ltr'>δὲ</span> <span class='ocrx_word' id='word_1_47' title='bbox 626 825 659 893; x_wconf 78' lang='grc' dir='ltr'>ἡ</span> <span class='ocrx_word' id='word_1_48' title='bbox 694 825 792 894; x_wconf 79' lang='grc' dir='ltr'>μὲν</span> <span class='ocrx_word' id='word_1_49' title='bbox 826 825 1025 895; x_wconf 77' lang='grc' dir='ltr'>ἥκιστα</span> <span class='ocrx_word' id='word_1_50' title='bbox 1054 822 1220 890; x_wconf 76' lang='grc' dir='ltr'>εἶκεν,</span> <span class='ocrx_word' id='word_1_51' title='bbox 1256 828 1282 879; x_wconf 98' lang='lat'><strong>6</strong></span> <span class='ocrx_word' id='word_1_52' title='bbox 1311 826 1365 879; x_wconf 87' lang='grc' dir='ltr'>δὲ</span> <span class='ocrx_word' id='word_1_53' title='bbox 1395 825 1632 895; x_wconf 77' lang='grc' dir='ltr'>ἠνόχλει,</span> <span class='ocrx_word' id='word_1_54' title='bbox 1666 822 1833 893; x_wconf 84' lang='grc' dir='ltr'>φθέγ-</span> 
     </span>
    </p>
   </div>
   <div class='ocr_carea' id='block_1_10' title="bbox 1850 822 3516 899">
    <p class='ocr_par' dir='ltr' id='par_1_10' title="bbox 2009 822 3516 899">
     <span class='ocr_line' id='line_1_10' title="bbox 2009 822 3516 899; baseline 0.011 -25"><span class='ocrx_word' id='word_1_55' title='bbox 2009 822 2095 875; x_wconf 77' lang='grc' dir='ltr'><strong>ιν.</strong></span> <span class='ocrx_word' id='word_1_56' title='bbox 2131 823 2262 875; x_wconf 86' lang='lat' dir='ltr'><strong>Cum</strong></span> <span class='ocrx_word' id='word_1_57' title='bbox 2317 832 2497 878; x_wconf 87' lang='lat' dir='ltr'><strong>autem</strong></span> <span class='ocrx_word' id='word_1_58' title='bbox 2537 826 2623 879; x_wconf 83' lang='lat' dir='ltr'><strong>illa</strong></span> <span class='ocrx_word' id='word_1_59' title='bbox 2650 828 2867 896; x_wconf 89' lang='lat' dir='ltr'><strong>quidem</strong></span> <span class='ocrx_word' id='word_1_60' title='bbox 2898 831 3123 884; x_wconf 88' lang='lat' dir='ltr'><strong>minime</strong></span> <span class='ocrx_word' id='word_1_61' title='bbox 3148 833 3384 899; x_wconf 85' lang='lat' dir='ltr'><strong>cederet,</strong></span> <span class='ocrx_word' id='word_1_62' title='bbox 3424 835 3516 890; x_wconf 84' lang='lat' dir='ltr'><strong>ille</strong></span> 
     </span>
    </p>
   </div>
   <div class='ocr_carea' id='block_1_11' title="bbox 239 912 1905 993">
    <p class='ocr_par' dir='ltr' id='par_1_11' title="bbox 239 912 1828 989">
     <span class='ocr_line' id='line_1_11' title="bbox 239 912 1828 989; baseline 0.003 -25"><span class='ocrx_word' id='word_1_63' title='bbox 239 912 399 981; x_wconf 83' lang='grc' dir='ltr'>γεταί</span> <span class='ocrx_word' id='word_1_64' title='bbox 430 930 483 966; x_wconf 86' lang='grc' dir='ltr'><strong>τι</strong></span> <span class='ocrx_word' id='word_1_65' title='bbox 524 915 619 966; x_wconf 78' lang='grc' dir='ltr'><strong>καὶ</strong></span> <span class='ocrx_word' id='word_1_66' title='bbox 665 916 917 985; x_wconf 79' lang='grc' dir='ltr'>ἐτερονὴ</span> <span class='ocrx_word' id='word_1_67' title='bbox 962 918 1173 988; x_wconf 83' lang='grc' dir='ltr'><strong>μάρτυς</strong></span> <span class='ocrx_word' id='word_1_68' title='bbox 1221 918 1541 989; x_wconf 75' lang='grc' dir='ltr'>παρρησίας</span> <span class='ocrx_word' id='word_1_69' title='bbox 1592 918 1828 987; x_wconf 78' lang='grc' dir='ltr'>μεστόν·</span> 
     </span>
    </p>
   </div>
   <div class='ocr_carea' id='block_1_12' title="bbox 1850 912 3516 993">
    <p class='ocr_par' dir='ltr' id='par_1_12' title="bbox 1938 920 3516 993">
     <span class='ocr_line' id='line_1_12' title="bbox 1938 920 3516 993; baseline 0.013 -31"><span class='ocrx_word' id='word_1_70' title='bbox 1938 929 2066 967; x_wconf 72' lang='lat' dir='ltr'><strong>vero</strong></span> <span class='ocrx_word' id='word_1_71' title='bbox 2093 927 2338 984; x_wconf 87' lang='lat' dir='ltr'><strong>pergeret</strong></span> <span class='ocrx_word' id='word_1_72' title='bbox 2390 933 2510 972; x_wconf 61' lang='lat' dir='ltr'><strong>esse</strong></span> <span class='ocrx_word' id='word_1_73' title='bbox 2562 920 2846 983; x_wconf 67' lang='lat' dir='ltr'><strong>moltsms,</strong></span> <span class='ocrx_word' id='word_1_74' title='bbox 2885 932 3091 993; x_wconf 77' lang='lat' dir='ltr'><strong>martyr</strong></span> <span class='ocrx_word' id='word_1_75' title='bbox 3125 924 3327 993; x_wconf 90' lang='lat' dir='ltr'><strong>aliquid</strong></span> <span class='ocrx_word' id='word_1_76' title='bbox 3366 928 3516 984; x_wconf 86' lang='lat' dir='ltr'><strong>aliud</strong></span> 
     </span>
    </p>
   </div>
   <div class='ocr_carea' id='block_1_13' title="bbox 238 1006 1904 1087">
    <p class='ocr_par' dir='ltr' id='par_1_13' title="bbox 238 1006 1828 1081">
     <span class='ocr_line' id='line_1_13' title="bbox 238 1006 1828 1081; baseline -0.001 -19"><span class='ocrx_word' id='word_1_77' title='bbox 238 1009 454 1078; x_wconf 82' lang='grc' dir='ltr'>Μήτιγε</span> <span class='ocrx_word' id='word_1_78' title='bbox 484 1009 577 1061; x_wconf 78' lang='grc' dir='ltr'>καὶ</span> <span class='ocrx_word' id='word_1_79' title='bbox 606 1008 692 1074; x_wconf 80' lang='grc' dir='ltr'>σὺ,</span> <span class='ocrx_word' id='word_1_80' title='bbox 730 1010 971 1080; x_wconf 79' lang='grc' dir='ltr'><strong>φαμένη,</strong></span> <span class='ocrx_word' id='word_1_81' title='bbox 999 1013 1111 1073; x_wconf 87' lang='grc' dir='ltr'>τοῖς</span> <span class='ocrx_word' id='word_1_82' title='bbox 1138 1014 1247 1073; x_wconf 77' lang='grc' dir='ltr'>σοῖς</span> <span class='ocrx_word' id='word_1_83' title='bbox 1272 1012 1456 1079; x_wconf 79' lang='grc' dir='ltr'>ὅμοιος</span> <span class='ocrx_word' id='word_1_84' title='bbox 1481 1006 1625 1081; x_wconf 78' lang='grc' dir='ltr'>ἦσθα</span> <span class='ocrx_word' id='word_1_85' title='bbox 1666 1009 1828 1073; x_wconf 84' lang='grc' dir='ltr'>θεοῖς,</span> 
     </span>
    </p>
   </div>
   <div class='ocr_carea' id='block_1_14' title="bbox 1852 1006 3518 1087">
    <p class='ocr_par' dir='ltr' id='par_1_14' title="bbox 1936 1006 3518 1087">
     <span class='ocr_line' id='line_1_14' title="bbox 1936 1006 3518 1087; baseline 0.01 -30"><span class='ocrx_word' id='word_1_86' title='bbox 1936 1006 2192 1075; x_wconf 86' lang='lat' dir='ltr'><strong>loquitur,</strong></span> <span class='ocrx_word' id='word_1_87' title='bbox 2226 1008 2368 1076; x_wconf 80' lang='lat' dir='ltr'><strong>quod</strong></span> <span class='ocrx_word' id='word_1_88' title='bbox 2402 1011 2616 1077; x_wconf 89' lang='lat' dir='ltr'><strong>plenum</strong></span> <span class='ocrx_word' id='word_1_89' title='bbox 2662 1022 2777 1067; x_wconf 90' lang='lat' dir='ltr'><strong>erat</strong></span> <span class='ocrx_word' id='word_1_90' title='bbox 2819 1015 3015 1068; x_wconf 85' lang='lat' dir='ltr'><strong>liducia</strong></span> <span class='ocrx_word' id='word_1_91' title='bbox 3073 1027 3127 1071; x_wconf 91' lang='lat' dir='ltr'><strong>et</strong></span> <span class='ocrx_word' id='word_1_92' title='bbox 3164 1017 3416 1087; x_wconf 81' lang='lat' dir='ltr'><strong>loquendi</strong></span> <span class='ocrx_word' id='word_1_93' title='bbox 3451 1021 3518 1073; x_wconf 90' lang='lat' dir='ltr'><strong>li-</strong></span> 
     </span>
    </p>
   </div>
   <div class='ocr_carea' id='block_1_15' title="bbox 238 1092 1904 1173">
    <p class='ocr_par' dir='ltr' id='par_1_15' title="bbox 238 1092 1830 1171">
     <span class='ocr_line' id='line_1_15' title="bbox 238 1092 1830 1171; baseline 0.002 -20"><span class='ocrx_word' id='word_1_94' title='bbox 238 1092 357 1153; x_wconf 81' lang='grc' dir='ltr'><strong>ὢτα</strong></span> <span class='ocrx_word' id='word_1_95' title='bbox 408 1100 507 1168; x_wconf 81' lang='grc' dir='ltr'>μὲν</span> <span class='ocrx_word' id='word_1_96' title='bbox 556 1100 717 1168; x_wconf 78' lang='grc' dir='ltr'>ἔχων,</span> <span class='ocrx_word' id='word_1_97' title='bbox 749 1100 966 1155; x_wconf 86' lang='grc' dir='ltr'>ἀκούων</span> <span class='ocrx_word' id='word_1_98' title='bbox 1008 1100 1064 1155; x_wconf 84' lang='grc' dir='ltr'>δὲ</span> <span class='ocrx_word' id='word_1_99' title='bbox 1092 1102 1372 1171; x_wconf 41' lang='grc' dir='ltr'>οὐδαμῶῃ</span> <span class='ocrx_word' id='word_1_100' title='bbox 1407 1104 1468 1154; x_wconf 84' lang='grc' dir='ltr'><strong>ού</strong></span> <span class='ocrx_word' id='word_1_101' title='bbox 1521 1102 1697 1155; x_wconf 85' lang='grc' dir='ltr'>ταῦτά</span> <span class='ocrx_word' id='word_1_102' title='bbox 1748 1119 1830 1155; x_wconf 85' lang='grc' dir='ltr'><strong>σοι</strong></span> 
     </span>
    </p>
   </div>
   <div class='ocr_carea' id='block_1_16' title="bbox 1852 1092 3518 1173">
    <p class='ocr_par' dir='ltr' id='par_1_16' title="bbox 1935 1097 3518 1173">
     <span class='ocr_line' id='line_1_16' title="bbox 1935 1097 3518 1173; baseline 0.009 -22"><span class='ocrx_word' id='word_1_103' title='bbox 1935 1097 2144 1151; x_wconf 87' lang='lat' dir='ltr'><strong>bertate</strong></span> <span class='ocrx_word' id='word_1_104' title='bbox 2176 1116 2187 1151; x_wconf 94' lang='lat'>:</span> <span class='ocrx_word' id='word_1_105' title='bbox 2216 1097 2484 1169; x_wconf 76' lang='lat' dir='ltr'><strong>Numquid</strong></span> <span class='ocrx_word' id='word_1_106' title='bbox 2520 1114 2572 1156; x_wconf 92' lang='lat' dir='ltr'><strong>tu</strong></span> <span class='ocrx_word' id='word_1_107' title='bbox 2618 1119 2833 1173; x_wconf 89' lang='lat' dir='ltr'><strong>quoque</strong></span> <span class='ocrx_word' id='word_1_108' title='bbox 2863 1107 2993 1172; x_wconf 90' lang='lat' dir='ltr'><strong>eris,</strong></span> <span class='ocrx_word' id='word_1_109' title='bbox 3030 1108 3240 1173; x_wconf 89' lang='lat' dir='ltr'><strong>dicens,</strong></span> <span class='ocrx_word' id='word_1_110' title='bbox 3267 1110 3375 1163; x_wconf 90' lang='lat' dir='ltr'><strong>tuis</strong></span> <span class='ocrx_word' id='word_1_111' title='bbox 3413 1111 3518 1166; x_wconf 88' lang='lat' dir='ltr'><strong>diis</strong></span> 
     </span>
    </p>
   </div>
   <div class='ocr_carea' id='block_1_17' title="bbox 236 1190 1902 1266">
    <p class='ocr_par' dir='ltr' id='par_1_17' title="bbox 236 1191 1829 1266">
     <span class='ocr_line' id='line_1_17' title="bbox 236 1191 1829 1266; baseline 0.003 -23"><span class='ocrx_word' id='word_1_112' title='bbox 236 1191 471 1260; x_wconf 74' lang='grc' dir='ltr'>λέγουσα</span> <span class='ocrx_word' id='word_1_113' title='bbox 502 1194 608 1262; x_wconf 70' lang='grc' dir='ltr'>πρὸ</span> <span class='ocrx_word' id='word_1_114' title='bbox 641 1194 839 1265; x_wconf 78' lang='grc' dir='ltr'>μικροῦ</span> <span class='ocrx_word' id='word_1_115' title='bbox 864 1196 960 1249; x_wconf 80' lang='grc' dir='ltr'>καὶ</span> <span class='ocrx_word' id='word_1_116' title='bbox 988 1196 1152 1266; x_wconf 86' lang='grc' dir='ltr'>ὅρκον</span> <span class='ocrx_word' id='word_1_117' title='bbox 1177 1195 1401 1264; x_wconf 84' lang='grc' dir='ltr'>ἐπῆγον,</span> <span class='ocrx_word' id='word_1_118' title='bbox 1427 1196 1502 1258; x_wconf 81' lang='grc' dir='ltr'>ὡς</span> <span class='ocrx_word' id='word_1_119' title='bbox 1531 1195 1683 1250; x_wconf 80' lang='grc' dir='ltr'>οὐδὲν</span> <span class='ocrx_word' id='word_1_120' title='bbox 1707 1197 1829 1265; x_wconf 77' lang='grc' dir='ltr'>ἐμοὶ</span> 
     </span>
    </p>
   </div>
   <div class='ocr_carea' id='block_1_18' title="bbox 1852 1190 3518 1266">
    <p class='ocr_par' dir='ltr' id='par_1_18' title="bbox 1935 1190 3518 1260">
     <span class='ocr_line' id='line_1_18' title="bbox 1935 1190 3518 1260; baseline 0.009 -20"><span class='ocrx_word' id='word_1_121' title='bbox 1935 1190 2153 1253; x_wconf 84' lang='lat' dir='ltr'><strong>similis,</strong></span> <span class='ocrx_word' id='word_1_122' title='bbox 2186 1205 2345 1244; x_wconf 90' lang='lat' dir='ltr'><strong>aurcs</strong></span> <span class='ocrx_word' id='word_1_123' title='bbox 2377 1194 2591 1260; x_wconf 86' lang='lat' dir='ltr'><strong>quidem</strong></span> <span class='ocrx_word' id='word_1_124' title='bbox 2656 1197 2881 1260; x_wconf 64' lang='lat' dir='ltr'><strong>habens,</strong></span> <span class='ocrx_word' id='word_1_125' title='bbox 2925 1200 3153 1252; x_wconf 88' lang='lat' dir='ltr'><strong>minime</strong></span> <span class='ocrx_word' id='word_1_126' title='bbox 3199 1211 3378 1255; x_wconf 81' lang='lat' dir='ltr'><strong>autem</strong></span> <span class='ocrx_word' id='word_1_127' title='bbox 3424 1218 3518 1255; x_wconf 88' lang='lat' dir='ltr'><strong>au-</strong></span> 
     </span>
    </p>
   </div>
   <div class='ocr_carea' id='block_1_19' title="bbox 236 1279 1902 1359">
    <p class='ocr_par' dir='ltr' id='par_1_19' title="bbox 236 1285 1824 1357">
     <span class='ocr_line' id='line_1_19' title="bbox 236 1285 1824 1357; baseline 0.001 -20"><span class='ocrx_word' id='word_1_128' title='bbox 236 1288 334 1338; x_wconf 69' lang='grc' dir='ltr'>καὶ</span> <span class='ocrx_word' id='word_1_129' title='bbox 374 1285 633 1355; x_wconf 81' lang='grc' dir='ltr'>Ἐλευσίῳ</span> <span class='ocrx_word' id='word_1_130' title='bbox 693 1288 768 1356; x_wconf 85' lang='grc' dir='ltr'>μὴ</span> <span class='ocrx_word' id='word_1_131' title='bbox 823 1289 1103 1341; x_wconf 81' lang='grc' dir='ltr'><strong>πεισθέντι</strong></span> <span class='ocrx_word' id='word_1_132' title='bbox 1161 1288 1508 1356; x_wconf 74' lang='grc' dir='ltr'>προκυνῆσαι</span> <span class='ocrx_word' id='word_1_133' title='bbox 1553 1288 1824 1357; x_wconf 72' lang='grc' dir='ltr'>Χριστδνς</span> 
     </span>
    </p>
   </div>
   <div class='ocr_carea' id='block_1_20' title="bbox 1849 1279 3515 1359">
    <p class='ocr_par' dir='ltr' id='par_1_20' title="bbox 1933 1279 3515 1359">
     <span class='ocr_line' id='line_1_20' title="bbox 1933 1279 3515 1359; baseline 0.009 -26"><span class='ocrx_word' id='word_1_134' title='bbox 1933 1280 2132 1335; x_wconf 88' lang='lat' dir='ltr'><strong>diens?</strong></span> <span class='ocrx_word' id='word_1_135' title='bbox 2177 1279 2293 1335; x_wconf 86' lang='lat' dir='ltr'><strong>Non</strong></span> <span class='ocrx_word' id='word_1_136' title='bbox 2326 1285 2438 1337; x_wconf 66' lang='lat' dir='ltr'><strong>haec</strong></span> <span class='ocrx_word' id='word_1_137' title='bbox 2460 1284 2551 1337; x_wconf 87' lang='lat' dir='ltr'><strong>libi</strong></span> <span class='ocrx_word' id='word_1_138' title='bbox 2585 1287 2770 1339; x_wconf 79' lang='lat' dir='ltr'><strong>dit-ens</strong></span> <span class='ocrx_word' id='word_1_139' title='bbox 2792 1288 2949 1355; x_wconf 86' lang='lat' dir='ltr'><strong>paulo</strong></span> <span class='ocrx_word' id='word_1_140' title='bbox 2979 1289 3515 1359; x_wconf 80' lang='lat' dir='ltr'><strong>ante,jusjurandum</strong></span> 
     </span>
    </p>
   </div>
   <div class='ocr_carea' id='block_1_21' title="bbox 246 1375 1912 1450">
    <p class='ocr_par' dir='ltr' id='par_1_21' title="bbox 246 1378 1827 1450">
     <span class='ocr_line' id='line_1_21' title="bbox 246 1378 1827 1450; baseline 0 -18"><span class='ocrx_word' id='word_1_141' title='bbox 246 1378 403 1432; x_wconf 70' lang='grc' dir='ltr'>Ἐπεὶ</span> <span class='ocrx_word' id='word_1_142' title='bbox 432 1378 576 1431; x_wconf 74' lang='grc' dir='ltr'>οὕτω</span> <span class='ocrx_word' id='word_1_143' title='bbox 608 1378 872 1450; x_wconf 75' lang='grc' dir='ltr'><strong>λεγούσης</strong></span> <span class='ocrx_word' id='word_1_144' title='bbox 901 1381 1103 1450; x_wconf 69' lang='grc' dir='ltr'>ἤκουεν</span> <span class='ocrx_word' id='word_1_145' title='bbox 1137 1382 1164 1433; x_wconf 94' lang='lat'><strong>6</strong></span> <span class='ocrx_word' id='word_1_146' title='bbox 1192 1380 1397 1449; x_wconf 82' lang='grc' dir='ltr'>πατὴρ,</span> <span class='ocrx_word' id='word_1_147' title='bbox 1441 1379 1653 1450; x_wconf 76' lang='grc' dir='ltr'>φυλακῇ</span> <span class='ocrx_word' id='word_1_148' title='bbox 1691 1380 1827 1432; x_wconf 84' lang='grc' dir='ltr'>ταύ-</span> 
     </span>
    </p>
   </div>
   <div class='ocr_carea' id='block_1_22' title="bbox 1847 1375 3513 1450">
    <p class='ocr_par' dir='ltr' id='par_1_22' title="bbox 1932 1375 3513 1447">
     <span class='ocr_line' id='line_1_22' title="bbox 1932 1375 3513 1447; baseline 0.008 -23"><span class='ocrx_word' id='word_1_149' title='bbox 1932 1386 2148 1440; x_wconf 89' lang='lat' dir='ltr'><strong>quoque</strong></span> <span class='ocrx_word' id='word_1_150' title='bbox 2202 1375 2378 1439; x_wconf 86' lang='lat' dir='ltr'><strong>intuli,</strong></span> <span class='ocrx_word' id='word_1_151' title='bbox 2414 1377 2546 1430; x_wconf 93' lang='lat' dir='ltr'><strong>nihil</strong></span> <span class='ocrx_word' id='word_1_152' title='bbox 2600 1380 2730 1431; x_wconf 83' lang='lat' dir='ltr'><strong>mitti</strong></span> <span class='ocrx_word' id='word_1_153' title='bbox 2786 1380 2859 1432; x_wconf 87' lang='lat' dir='ltr'><strong>rei</strong></span> <span class='ocrx_word' id='word_1_154' title='bbox 2890 1380 3004 1434; x_wconf 79' lang='lat' dir='ltr'><strong>fore</strong></span> <span class='ocrx_word' id='word_1_155' title='bbox 3034 1399 3154 1434; x_wconf 88' lang='lat' dir='ltr'><strong>cum</strong></span> <span class='ocrx_word' id='word_1_156' title='bbox 3192 1383 3431 1447; x_wconf 77' lang='lat' dir='ltr'><strong>Eleusin,</strong></span> <span class='ocrx_word' id='word_1_157' title='bbox 3467 1385 3513 1441; x_wconf 88' lang='lat' dir='ltr'><strong>si</strong></span> 
     </span>
    </p>
   </div>
   <div class='ocr_carea' id='block_1_23' title="bbox 234 1465 1900 1542">
    <p class='ocr_par' dir='ltr' id='par_1_23' title="bbox 234 1468 1826 1542">
     <span class='ocr_line' id='line_1_23' title="bbox 234 1468 1826 1542; baseline 0.003 -21"><span class='ocrx_word' id='word_1_158' title='bbox 234 1487 337 1539; x_wconf 87' lang='grc' dir='ltr'><strong>την</strong></span> <span class='ocrx_word' id='word_1_159' title='bbox 375 1470 632 1524; x_wconf 88' lang='grc' dir='ltr'>δίδωσιν·</span> <span class='ocrx_word' id='word_1_160' title='bbox 671 1468 794 1524; x_wconf 75' lang='grc' dir='ltr'>εἷτα</span> <span class='ocrx_word' id='word_1_161' title='bbox 843 1475 1040 1535; x_wconf 86' lang='grc' dir='ltr'>νυκτὸς</span> <span class='ocrx_word' id='word_1_162' title='bbox 1082 1471 1245 1524; x_wconf 87' lang='grc' dir='ltr'>πάλιν</span> <span class='ocrx_word' id='word_1_163' title='bbox 1296 1472 1469 1542; x_wconf 74' lang='grc' dir='ltr'>αὐτὴν</span> <span class='ocrx_word' id='word_1_164' title='bbox 1538 1488 1826 1542; x_wconf 77' lang='grc' dir='ltr'>μεταπεμο</span> 
     </span>
    </p>
   </div>
   <div class='ocr_carea' id='block_1_24' title="bbox 1852 1465 3518 1542">
    <p class='ocr_par' dir='ltr' id='par_1_24' title="bbox 1934 1465 3518 1534">
     <span class='ocr_line' id='line_1_24' title="bbox 1934 1465 3518 1534; baseline 0.007 -18"><span class='ocrx_word' id='word_1_165' title='bbox 1934 1480 2038 1516; x_wconf 92' lang='lat' dir='ltr'><strong>non</strong></span> <span class='ocrx_word' id='word_1_166' title='bbox 2068 1465 2218 1532; x_wconf 84' lang='lat' dir='ltr'><strong>prius</strong></span> <span class='ocrx_word' id='word_1_167' title='bbox 2241 1466 2288 1519; x_wconf 90' lang='lat' dir='ltr'><strong>ei</strong></span> <span class='ocrx_word' id='word_1_168' title='bbox 2319 1482 2638 1534; x_wconf 82' lang='lat' dir='ltr'><strong>persuasum</strong></span> <span class='ocrx_word' id='word_1_169' title='bbox 2678 1468 2865 1534; x_wconf 81' lang='lat' dir='ltr'><strong>fuerit,</strong></span> <span class='ocrx_word' id='word_1_170' title='bbox 2895 1482 2952 1523; x_wconf 92' lang='lat' dir='ltr'><strong>ut</strong></span> <span class='ocrx_word' id='word_1_171' title='bbox 2980 1469 3255 1525; x_wconf 87' lang='lat' dir='ltr'><strong>Christum</strong></span> <span class='ocrx_word' id='word_1_172' title='bbox 3285 1473 3518 1527; x_wconf 86' lang='lat' dir='ltr'><strong>adoret?</strong></span> 
     </span>
    </p>
   </div>
   <div class='ocr_carea' id='block_1_25' title="bbox 235 1553 3523 1637">
    <p class='ocr_par' dir='ltr' id='par_1_25' title="bbox 235 1553 3523 1637">
     <span class='ocr_line' id='line_1_25' title="bbox 235 1553 3523 1637; baseline 0.005 -25"><span class='ocrx_word' id='word_1_173' title='bbox 235 1564 481 1632; x_wconf 69' lang='grc' dir='ltr'>ψάμενος</span> <span class='ocrx_word' id='word_1_174' title='bbox 508 1563 868 1634; x_wconf 73' lang='grc' dir='ltr'>ἀπεπειρᾶτο,</span> <span class='ocrx_word' id='word_1_175' title='bbox 897 1565 948 1617; x_wconf 80' lang='grc' dir='ltr'><strong>εί</strong></span> <span class='ocrx_word' id='word_1_176' title='bbox 967 1582 1017 1617; x_wconf 90' lang='grc' dir='ltr'><strong>τι</strong></span> <span class='ocrx_word' id='word_1_177' title='bbox 1051 1566 1143 1618; x_wconf 82' lang='grc' dir='ltr'>καὶ</span> <span class='ocrx_word' id='word_1_178' title='bbox 1166 1566 1194 1615; x_wconf 78' lang='grc' dir='ltr'>ὁ</span> <span class='ocrx_word' id='word_1_179' title='bbox 1220 1565 1408 1634; x_wconf 80' lang='grc' dir='ltr'>καιρὸς</span> <span class='ocrx_word' id='word_1_180' title='bbox 1440 1566 1657 1634; x_wconf 74' lang='grc' dir='ltr'>ὑφεῖλεν</span> <span class='ocrx_word' id='word_1_181' title='bbox 1685 1569 1823 1637; x_wconf 83' lang='grc' dir='ltr'>αύτῇ</span> <span class='ocrx_word' id='word_1_182' title='bbox 1930 1553 2225 1625; x_wconf 68' lang='grc' dir='ltr'>Ροδιίίυθηι</span> <span class='ocrx_word' id='word_1_183' title='bbox 2255 1574 2376 1612; x_wconf 62' lang='lat' dir='ltr'><strong>eam</strong></span> <span class='ocrx_word' id='word_1_184' title='bbox 2408 1570 2560 1627; x_wconf 58' lang='lat' dir='ltr'><strong>Paw&quot;</strong></span> <span class='ocrx_word' id='word_1_185' title='bbox 2586 1561 2797 1614; x_wconf 62' lang='lat' dir='ltr'><strong>3mm“</strong></span> <span class='ocrx_word' id='word_1_186' title='bbox 2818 1563 2898 1616; x_wconf 68' lang='grc' dir='ltr'>δίο</span> <span class='ocrx_word' id='word_1_187' title='bbox 2925 1562 3219 1632; x_wconf 65' lang='grc' dir='ltr'><strong>ιίίεθιηρρὲι</strong></span> <span class='ocrx_word' id='word_1_188' title='bbox 3248 1578 3368 1631; x_wconf 63' lang='grc' dir='ltr'>Ωιιιιι</span> <span class='ocrx_word' id='word_1_189' title='bbox 3397 1575 3523 1627; x_wconf 52' lang='lat' dir='ltr'><strong>U6-</strong></span> 
     </span>
    </p>
   </div>
   <div class='ocr_carea' id='block_1_26' title="bbox 228 1650 1894 1731">
    <p class='ocr_par' dir='ltr' id='par_1_26' title="bbox 228 1654 1822 1731">
     <span class='ocr_line' id='line_1_26' title="bbox 228 1654 1822 1731; baseline 0.004 -24"><span class='ocrx_word' id='word_1_190' title='bbox 228 1654 331 1720; x_wconf 83' lang='grc' dir='ltr'><strong>τῆς</strong></span> <span class='ocrx_word' id='word_1_191' title='bbox 372 1655 711 1719; x_wconf 82' lang='grc' dir='ltr'>ἐνστάσεως·</span> <span class='ocrx_word' id='word_1_192' title='bbox 748 1657 822 1720; x_wconf 85' lang='grc' dir='ltr'>ὡς</span> <span class='ocrx_word' id='word_1_193' title='bbox 846 1657 903 1710; x_wconf 84' lang='grc' dir='ltr'>δὲ</span> <span class='ocrx_word' id='word_1_194' title='bbox 940 1659 1247 1729; x_wconf 77' lang='grc' dir='ltr'>ἀνέκραγεν</span> <span class='ocrx_word' id='word_1_195' title='bbox 1281 1660 1443 1723; x_wconf 71' lang='grc' dir='ltr'>εὐθὺς</span> <span class='ocrx_word' id='word_1_196' title='bbox 1485 1663 1518 1731; x_wconf 77' lang='grc' dir='ltr'>ἡ</span> <span class='ocrx_word' id='word_1_197' title='bbox 1564 1660 1822 1728; x_wconf 89' lang='grc' dir='ltr'>γενναία·</span> 
     </span>
    </p>
   </div>
   <div class='ocr_carea' id='block_1_27' title="bbox 1849 1650 3515 1731">
    <p class='ocr_par' dir='ltr' id='par_1_27' title="bbox 1930 1650 3515 1710">
     <span class='ocr_line' id='line_1_27' title="bbox 1930 1650 3515 1710; baseline 0.005 -8"><span class='ocrx_word' id='word_1_198' title='bbox 1930 1650 2007 1702; x_wconf 92' lang='lat' dir='ltr'><strong>dit</strong></span> <span class='ocrx_word' id='word_1_199' title='bbox 2043 1650 2093 1703; x_wconf 94' lang='lat' dir='ltr'><strong>in</strong></span> <span class='ocrx_word' id='word_1_200' title='bbox 2128 1653 2456 1705; x_wconf 80' lang='lat' dir='ltr'><strong>custodiam.</strong></span> <span class='ocrx_word' id='word_1_201' title='bbox 2513 1653 2714 1707; x_wconf 82' lang='lat' dir='ltr'><strong>Delnde</strong></span> <span class='ocrx_word' id='word_1_202' title='bbox 2738 1668 2860 1708; x_wconf 91' lang='lat' dir='ltr'><strong>cum</strong></span> <span class='ocrx_word' id='word_1_203' title='bbox 2886 1666 3004 1707; x_wconf 78' lang='lat' dir='ltr'><strong>eam</strong></span> <span class='ocrx_word' id='word_1_204' title='bbox 3026 1664 3189 1709; x_wconf 90' lang='lat' dir='ltr'><strong>noctu</strong></span> <span class='ocrx_word' id='word_1_205' title='bbox 3218 1672 3402 1709; x_wconf 88' lang='lat' dir='ltr'><strong>rursus</strong></span> <span class='ocrx_word' id='word_1_206' title='bbox 3425 1672 3515 1710; x_wconf 87' lang='lat' dir='ltr'><strong>ac-</strong></span> 
     </span>
    </p>
   </div>
   <div class='ocr_carea' id='block_1_28' title="bbox 232 1745 1898 1821">
    <p class='ocr_par' dir='ltr' id='par_1_28' title="bbox 232 1746 1825 1821">
     <span class='ocr_line' id='line_1_28' title="bbox 232 1746 1825 1821; baseline 0.007 -24"><span class='ocrx_word' id='word_1_207' title='bbox 232 1746 309 1797; x_wconf 80' lang='grc' dir='ltr'>Ού</span> <span class='ocrx_word' id='word_1_208' title='bbox 340 1746 489 1799; x_wconf 84' lang='grc' dir='ltr'>θύσω</span> <span class='ocrx_word' id='word_1_209' title='bbox 543 1747 801 1811; x_wconf 74' lang='grc' dir='ltr'>εἰδώλοις,</span> <span class='ocrx_word' id='word_1_210' title='bbox 836 1750 897 1802; x_wconf 84' lang='grc' dir='ltr'><strong>ού</strong></span> <span class='ocrx_word' id='word_1_211' title='bbox 943 1753 1311 1821; x_wconf 79' lang='grc' dir='ltr'><strong>προσκυνήσω</strong></span> <span class='ocrx_word' id='word_1_212' title='bbox 1348 1753 1609 1821; x_wconf 79' lang='grc' dir='ltr'><strong>γλυπτοῖς</strong></span> <span class='ocrx_word' id='word_1_213' title='bbox 1632 1770 1649 1786; x_wconf 85' lang='grc'>⁶</span> <span class='ocrx_word' id='word_1_214' title='bbox 1691 1755 1825 1821; x_wconf 81' lang='grc' dir='ltr'>Χρι-</span> 
     </span>
    </p>
   </div>
   <div class='ocr_carea' id='block_1_29' title="bbox 1848 1745 3514 1821">
    <p class='ocr_par' dir='ltr' id='par_1_29' title="bbox 1929 1745 3514 1819">
     <span class='ocr_line' id='line_1_29' title="bbox 1929 1745 3514 1819; baseline 0.006 -24"><span class='ocrx_word' id='word_1_215' title='bbox 1929 1745 2262 1810; x_wconf 78' lang='lat' dir='ltr'><strong>cersiviSset,</strong></span> <span class='ocrx_word' id='word_1_216' title='bbox 2300 1745 2533 1798; x_wconf 73' lang='lat' dir='ltr'><strong>faciebat</strong></span> <span class='ocrx_word' id='word_1_217' title='bbox 2562 1746 2881 1813; x_wconf 87' lang='lat' dir='ltr'><strong>periculum,</strong></span> <span class='ocrx_word' id='word_1_218' title='bbox 2916 1764 3039 1800; x_wconf 87' lang='lat' dir='ltr'><strong>nunt</strong></span> <span class='ocrx_word' id='word_1_219' title='bbox 3072 1758 3283 1819; x_wconf 88' lang='lat' dir='ltr'><strong>tempus</strong></span> <span class='ocrx_word' id='word_1_220' title='bbox 3310 1748 3514 1818; x_wconf 85' lang='lat' dir='ltr'><strong>aliquid</strong></span> 
     </span>
    </p>
   </div>
   <div class='ocr_carea' id='block_1_30' title="bbox 234 1836 1900 1914">
    <p class='ocr_par' dir='ltr' id='par_1_30' title="bbox 234 1836 1822 1914">
     <span class='ocr_line' id='line_1_30' title="bbox 234 1836 1822 1914; baseline 0.008 -25"><span class='ocrx_word' id='word_1_221' title='bbox 234 1836 360 1890; x_wconf 85' lang='grc' dir='ltr'>στὸν</span> <span class='ocrx_word' id='word_1_222' title='bbox 389 1841 550 1909; x_wconf 65' lang='grc' dir='ltr'>μένον</span> <span class='ocrx_word' id='word_1_223' title='bbox 579 1842 895 1911; x_wconf 60' lang='grc' dir='ltr'>προσκυνῶ,</span> <span class='ocrx_word' id='word_1_224' title='bbox 922 1844 1158 1913; x_wconf 72' lang='grc' dir='ltr'>Χριστὸν</span> <span class='ocrx_word' id='word_1_225' title='bbox 1188 1844 1419 1914; x_wconf 74' lang='grc' dir='ltr'>σέϐομαι</span> <span class='ocrx_word' id='word_1_226' title='bbox 1444 1863 1458 1877; x_wconf 77' lang='grc'><strong><em>⁸</em></strong></span> <span class='ocrx_word' id='word_1_227' title='bbox 1493 1846 1613 1899; x_wconf 81' lang='grc' dir='ltr'>ἐπεὶ</span> <span class='ocrx_word' id='word_1_228' title='bbox 1645 1848 1822 1902; x_wconf 88' lang='grc' dir='ltr'>πάντα</span> 
     </span>
    </p>
   </div>
   <div class='ocr_carea' id='block_1_31' title="bbox 1848 1836 3514 1914">
    <p class='ocr_par' dir='ltr' id='par_1_31' title="bbox 1928 1837 3514 1909">
     <span class='ocr_line' id='line_1_31' title="bbox 1928 1837 3514 1909; baseline 0.006 -22"><span class='ocrx_word' id='word_1_229' title='bbox 1928 1837 2339 1891; x_wconf 75' lang='lat' dir='ltr'><strong>detraxissetde</strong></span> <span class='ocrx_word' id='word_1_230' title='bbox 2368 1838 2487 1906; x_wconf 89' lang='lat' dir='ltr'><strong>ejus</strong></span> <span class='ocrx_word' id='word_1_231' title='bbox 2509 1839 2833 1893; x_wconf 79' lang='lat' dir='ltr'><strong>cortstantia.</strong></span> <span class='ocrx_word' id='word_1_232' title='bbox 2882 1838 3169 1909; x_wconf 83' lang='lat' dir='ltr'><strong>Postquam</strong></span> <span class='ocrx_word' id='word_1_233' title='bbox 3210 1859 3339 1895; x_wconf 75' lang='lat' dir='ltr'><strong>vero</strong></span> <span class='ocrx_word' id='word_1_234' title='bbox 3390 1859 3514 1896; x_wconf 69' lang='lat' dir='ltr'><strong>rur~</strong></span> 
     </span>
    </p>
   </div>
   <div class='ocr_carea' id='block_1_32' title="bbox 229 1915 1895 2009">
    <p class='ocr_par' dir='ltr' id='par_1_32' title="bbox 229 1915 1895 2009">
     <span class='ocr_line' id='line_1_32' title="bbox 229 1915 1895 2009; baseline 0.008 -28"><span class='ocrx_word' id='word_1_235' title='bbox 229 1928 493 1999; x_wconf 81' lang='grc' dir='ltr'><strong>ἄπρακτα</strong></span> <span class='ocrx_word' id='word_1_236' title='bbox 530 1934 662 2003; x_wconf 80' lang='grc' dir='ltr'>παρ’</span> <span class='ocrx_word' id='word_1_237' title='bbox 695 1935 832 2005; x_wconf 74' lang='grc' dir='ltr'>αὐτῇ</span> <span class='ocrx_word' id='word_1_238' title='bbox 870 1936 965 1988; x_wconf 75' lang='grc' dir='ltr'>καὶ</span> <span class='ocrx_word' id='word_1_239' title='bbox 1005 1936 1295 2002; x_wconf 77' lang='grc' dir='ltr'>κολακείας</span> <span class='ocrx_word' id='word_1_240' title='bbox 1337 1937 1485 2009; x_wconf 83' lang='grc' dir='ltr'>ἐώρα</span> <span class='ocrx_word' id='word_1_241' title='bbox 1530 1938 1627 1993; x_wconf 81' lang='grc' dir='ltr'>καὶ</span> <span class='ocrx_word' id='word_1_242' title='bbox 1664 1941 1823 1994; x_wconf 79' lang='grc' dir='ltr'>άπει-</span> <span class='ocrx_word' id='word_1_243' title='bbox 1855 1915 1895 1970; x_wconf 75' lang='grc' dir='ltr'>Β</span> 
     </span>
    </p>
   </div>
   <div class='ocr_carea' id='block_1_33' title="bbox 1846 1915 3512 2009">
    <p class='ocr_par' dir='ltr' id='par_1_33' title="bbox 1855 1915 3512 1997">
     <span class='ocr_line' id='line_1_33' title="bbox 1855 1915 3512 1997; baseline 0.004 -16"><span class='ocrx_word' id='word_1_244' title='bbox 1855 1915 1898 1970; x_wconf 81' lang='grc' dir='ltr'>Β</span> <span class='ocrx_word' id='word_1_245' title='bbox 1928 1943 2024 1983; x_wconf 91' lang='lat' dir='ltr'><strong>sus</strong></span> <span class='ocrx_word' id='word_1_246' title='bbox 2046 1929 2371 1984; x_wconf 77' lang='lat' dir='ltr'><strong>exclamavit</strong></span> <span class='ocrx_word' id='word_1_247' title='bbox 2395 1944 2655 1997; x_wconf 80' lang='lat' dir='ltr'><strong>generosa</strong></span> <span class='ocrx_word' id='word_1_248' title='bbox 2690 1946 2704 1982; x_wconf 89' lang='lat'>:</span> <span class='ocrx_word' id='word_1_249' title='bbox 2738 1930 2851 1983; x_wconf 68' lang='lat' dir='ltr'><strong>Non</strong></span> <span class='ocrx_word' id='word_1_250' title='bbox 2873 1931 3195 1985; x_wconf 83' lang='lat' dir='ltr'><strong>sacrilicabo</strong></span> <span class='ocrx_word' id='word_1_251' title='bbox 3231 1932 3384 1985; x_wconf 83' lang='lat' dir='ltr'><strong>idolis</strong></span> <span class='ocrx_word' id='word_1_252' title='bbox 3408 1949 3512 1987; x_wconf 92' lang='lat' dir='ltr'><strong>non</strong></span> 
     </span>
    </p>
   </div>
   <div class='ocr_carea' id='block_1_34' title="bbox 233 2020 1899 2103">
    <p class='ocr_par' dir='ltr' id='par_1_34' title="bbox 233 2020 1823 2103">
     <span class='ocr_line' id='line_1_34' title="bbox 233 2020 1823 2103; baseline 0.009 -30"><span class='ocrx_word' id='word_1_253' title='bbox 233 2020 355 2084; x_wconf 84' lang='grc' dir='ltr'>λάς,</span> <span class='ocrx_word' id='word_1_254' title='bbox 387 2024 481 2076; x_wconf 74' lang='grc' dir='ltr'>ἐπὶ</span> <span class='ocrx_word' id='word_1_255' title='bbox 523 2024 623 2094; x_wconf 83' lang='grc' dir='ltr'>τὴν</span> <span class='ocrx_word' id='word_1_256' title='bbox 656 2029 855 2096; x_wconf 86' lang='grc' dir='ltr'>πεῖραν</span> <span class='ocrx_word' id='word_1_257' title='bbox 886 2027 992 2080; x_wconf 85' lang='grc' dir='ltr'>τῶν</span> <span class='ocrx_word' id='word_1_258' title='bbox 1028 2028 1217 2083; x_wconf 79' lang='grc' dir='ltr'>δεινῶν</span> <span class='ocrx_word' id='word_1_259' title='bbox 1251 2029 1448 2101; x_wconf 80' lang='grc' dir='ltr'>ἐχώρει</span> <span class='ocrx_word' id='word_1_260' title='bbox 1481 2033 1574 2086; x_wconf 76' lang='grc' dir='ltr'>καὶ</span> <span class='ocrx_word' id='word_1_261' title='bbox 1605 2032 1823 2103; x_wconf 75' lang='grc' dir='ltr'>πληγὰς</span> 
     </span>
    </p>
   </div>
   <div class='ocr_carea' id='block_1_35' title="bbox 1846 2020 3512 2103">
    <p class='ocr_par' dir='ltr' id='par_1_35' title="bbox 1932 2020 3512 2090">
     <span class='ocr_line' id='line_1_35' title="bbox 1932 2020 3512 2090; baseline 0.003 -15"><span class='ocrx_word' id='word_1_262' title='bbox 1932 2020 2169 2075; x_wconf 83' lang='lat' dir='ltr'><strong>adorabo</strong></span> <span class='ocrx_word' id='word_1_263' title='bbox 2192 2021 2461 2090; x_wconf 87' lang='lat' dir='ltr'><strong>sculptilia</strong></span> <span class='ocrx_word' id='word_1_264' title='bbox 2490 2040 2503 2075; x_wconf 91' lang='lat'><strong>:</strong></span> <span class='ocrx_word' id='word_1_265' title='bbox 2529 2022 2801 2077; x_wconf 84' lang='lat' dir='ltr'><strong>Christum</strong></span> <span class='ocrx_word' id='word_1_266' title='bbox 2825 2023 2996 2077; x_wconf 90' lang='lat' dir='ltr'><strong>solum</strong></span> <span class='ocrx_word' id='word_1_267' title='bbox 3021 2025 3209 2088; x_wconf 88' lang='lat' dir='ltr'><strong>adoro,</strong></span> <span class='ocrx_word' id='word_1_268' title='bbox 3235 2024 3512 2079; x_wconf 84' lang='lat' dir='ltr'><strong>Christum</strong></span> 
     </span>
    </p>
   </div>
   <div class='ocr_carea' id='block_1_36' title="bbox 229 2114 1895 2193">
    <p class='ocr_par' dir='ltr' id='par_1_36' title="bbox 229 2114 1822 2193">
     <span class='ocr_line' id='line_1_36' title="bbox 229 2114 1822 2193; baseline 0.008 -27"><span class='ocrx_word' id='word_1_269' title='bbox 229 2114 496 2179; x_wconf 85' lang='grc' dir='ltr'>ἐντείνας,</span> <span class='ocrx_word' id='word_1_270' title='bbox 523 2118 620 2186; x_wconf 79' lang='grc' dir='ltr'>ούχ</span> <span class='ocrx_word' id='word_1_271' title='bbox 652 2119 783 2182; x_wconf 79' lang='grc' dir='ltr'>ὅσας</span> <span class='ocrx_word' id='word_1_272' title='bbox 805 2119 868 2172; x_wconf 75' lang='grc' dir='ltr'>ἂν</span> <span class='ocrx_word' id='word_1_273' title='bbox 900 2120 1047 2183; x_wconf 73' lang='grc' dir='ltr'>ἕλεος</span> <span class='ocrx_word' id='word_1_274' title='bbox 1074 2121 1346 2191; x_wconf 74' lang='grc' dir='ltr'>ἐμέτρησε</span> <span class='ocrx_word' id='word_1_275' title='bbox 1375 2125 1680 2193; x_wconf 83' lang='grc' dir='ltr'>πατρικῶς,</span> <span class='ocrx_word' id='word_1_276' title='bbox 1705 2126 1822 2179; x_wconf 78' lang='grc' dir='ltr'>ἀλλ’</span> 
     </span>
    </p>
   </div>
   <div class='ocr_carea' id='block_1_37' title="bbox 1850 2114 3516 2193">
    <p class='ocr_par' dir='ltr' id='par_1_37' title="bbox 1928 2114 3516 2182">
     <span class='ocr_line' id='line_1_37' title="bbox 1928 2114 3516 2182; baseline 0.002 -15"><span class='ocrx_word' id='word_1_277' title='bbox 1928 2114 2049 2167; x_wconf 90' lang='lat' dir='ltr'><strong>colo</strong></span> <span class='ocrx_word' id='word_1_278' title='bbox 2081 2131 2096 2167; x_wconf 86' lang='lat'><strong>:</strong></span> <span class='ocrx_word' id='word_1_279' title='bbox 2142 2116 2231 2168; x_wconf 91' lang='lat' dir='ltr'><strong>ubi</strong></span> <span class='ocrx_word' id='word_1_280' title='bbox 2267 2115 2401 2167; x_wconf 73' lang='lat' dir='ltr'><strong>vidit</strong></span> <span class='ocrx_word' id='word_1_281' title='bbox 2434 2116 2572 2182; x_wconf 88' lang='lat' dir='ltr'><strong>apud</strong></span> <span class='ocrx_word' id='word_1_282' title='bbox 2597 2130 2713 2168; x_wconf 88' lang='lat' dir='ltr'><strong>eam</strong></span> <span class='ocrx_word' id='word_1_283' title='bbox 2749 2115 2879 2169; x_wconf 73' lang='lat' dir='ltr'><strong>nihil</strong></span> <span class='ocrx_word' id='word_1_284' title='bbox 2912 2116 3124 2171; x_wconf 81' lang='lat' dir='ltr'><strong>cﬂiccre</strong></span> <span class='ocrx_word' id='word_1_285' title='bbox 3158 2116 3516 2171; x_wconf 80' lang='lat' dir='ltr'><strong>blanditiaset</strong></span> 
     </span>
    </p>
   </div>
   <div class='ocr_carea' id='block_1_38' title="bbox 227 2200 1893 2287">
    <p class='ocr_par' dir='ltr' id='par_1_38' title="bbox 227 2200 1820 2287">
     <span class='ocr_line' id='line_1_38' title="bbox 227 2200 1820 2287; baseline 0.008 -31"><span class='ocrx_word' id='word_1_286' title='bbox 227 2203 360 2268; x_wconf 85' lang='grc' dir='ltr'>ὅσας</span> <span class='ocrx_word' id='word_1_287' title='bbox 411 2200 481 2276; x_wconf 84' lang='grc' dir='ltr'>ἦν</span> <span class='ocrx_word' id='word_1_288' title='bbox 533 2208 744 2263; x_wconf 77' lang='grc' dir='ltr'>οίδῶντι</span> <span class='ocrx_word' id='word_1_289' title='bbox 793 2210 949 2280; x_wconf 80' lang='grc' dir='ltr'>θυμῷ</span> <span class='ocrx_word' id='word_1_290' title='bbox 1000 2211 1365 2284; x_wconf 84' lang='grc' dir='ltr'>χαρίσασθαι’</span> <span class='ocrx_word' id='word_1_291' title='bbox 1414 2210 1533 2267; x_wconf 84' lang='grc' dir='ltr'>εἶτα</span> <span class='ocrx_word' id='word_1_292' title='bbox 1595 2217 1689 2268; x_wconf 70' lang='lat' dir='ltr'><strong>aut</strong></span> <span class='ocrx_word' id='word_1_293' title='bbox 1742 2216 1820 2287; x_wconf 83' lang='grc' dir='ltr'>τῷ</span> 
     </span>
    </p>
   </div>
   <div class='ocr_carea' id='block_1_39' title="bbox 1845 2200 3511 2287">
    <p class='ocr_par' dir='ltr' id='par_1_39' title="bbox 1927 2207 3511 2275">
     <span class='ocr_line' id='line_1_39' title="bbox 1927 2207 3511 2275; baseline 0.002 -15"><span class='ocrx_word' id='word_1_294' title='bbox 1927 2208 2125 2272; x_wconf 89' lang='lat' dir='ltr'><strong>minas,</strong></span> <span class='ocrx_word' id='word_1_295' title='bbox 2148 2208 2374 2262; x_wconf 76' lang='lat' dir='ltr'><strong>arcessit</strong></span> <span class='ocrx_word' id='word_1_296' title='bbox 2395 2212 2459 2259; x_wconf 86' lang='lat' dir='ltr'><strong>ad</strong></span> <span class='ocrx_word' id='word_1_297' title='bbox 2479 2207 2899 2273; x_wconf 86' lang='lat' dir='ltr'><strong>periclitandum</strong></span> <span class='ocrx_word' id='word_1_298' title='bbox 2917 2224 2978 2261; x_wconf 84' lang='lat' dir='ltr'><strong>ea</strong></span> <span class='ocrx_word' id='word_1_299' title='bbox 3009 2224 3128 2275; x_wconf 51' lang='lat' dir='ltr'><strong>quae.</strong></span> <span class='ocrx_word' id='word_1_300' title='bbox 3146 2219 3271 2262; x_wconf 88' lang='lat' dir='ltr'><strong>sunt</strong></span> <span class='ocrx_word' id='word_1_301' title='bbox 3288 2209 3511 2274; x_wconf 73' lang='lat' dir='ltr'><strong>gravia:</strong></span> 
     </span>
    </p>
   </div>
   <div class='ocr_carea' id='block_1_40' title="bbox 230 2299 1896 2379">
    <p class='ocr_par' dir='ltr' id='par_1_40' title="bbox 230 2300 1818 2379">
     <span class='ocr_line' id='line_1_40' title="bbox 230 2300 1818 2379; baseline 0.008 -33"><span class='ocrx_word' id='word_1_302' title='bbox 230 2300 506 2369; x_wconf 82' lang='grc' dir='ltr'>μνηστῆρι</span> <span class='ocrx_word' id='word_1_303' title='bbox 540 2300 710 2371; x_wconf 80' lang='grc' dir='ltr'>αὐτὴν</span> <span class='ocrx_word' id='word_1_304' title='bbox 741 2302 1042 2369; x_wconf 83' lang='grc' dir='ltr'>ἐκδίδωσιν,</span> <span class='ocrx_word' id='word_1_305' title='bbox 1070 2305 1144 2368; x_wconf 83' lang='grc' dir='ltr'>ὡς</span> <span class='ocrx_word' id='word_1_306' title='bbox 1177 2306 1385 2369; x_wconf 80' lang='grc' dir='ltr'>ἐκεῖνος</span> <span class='ocrx_word' id='word_1_307' title='bbox 1414 2306 1481 2360; x_wconf 77' lang='grc' dir='ltr'>ἂν</span> <span class='ocrx_word' id='word_1_308' title='bbox 1530 2307 1818 2379; x_wconf 79' lang='grc' dir='ltr'>βουληθείη</span> 
     </span>
    </p>
   </div>
   <div class='ocr_carea' id='block_1_41' title="bbox 1840 2299 3506 2379">
    <p class='ocr_par' dir='ltr' id='par_1_41' title="bbox 1926 2299 3506 2368">
     <span class='ocr_line' id='line_1_41' title="bbox 1926 2299 3506 2368; baseline 0 -14"><span class='ocrx_word' id='word_1_309' title='bbox 1926 2310 1979 2355; x_wconf 88' lang='lat' dir='ltr'><strong>et</strong></span> <span class='ocrx_word' id='word_1_310' title='bbox 2008 2316 2128 2353; x_wconf 88' lang='lat' dir='ltr'><strong>cum</strong></span> <span class='ocrx_word' id='word_1_311' title='bbox 2157 2299 2341 2368; x_wconf 73' lang='lat' dir='ltr'><strong>plagas</strong></span> <span class='ocrx_word' id='word_1_312' title='bbox 2370 2299 2797 2363; x_wconf 70' lang='lat' dir='ltr'><strong>iuﬂixissut,non</strong></span> <span class='ocrx_word' id='word_1_313' title='bbox 2828 2315 2961 2366; x_wconf 80' lang='lat' dir='ltr'><strong>quas</strong></span> <span class='ocrx_word' id='word_1_314' title='bbox 2996 2312 3216 2367; x_wconf 88' lang='lat' dir='ltr'><strong>paterna</strong></span> <span class='ocrx_word' id='word_1_315' title='bbox 3260 2302 3506 2354; x_wconf 85' lang='lat' dir='ltr'><strong>dimensa</strong></span> 
     </span>
    </p>
   </div>
   <div class='ocr_carea' id='block_1_42' title="bbox 231 2391 3514 2462">
    <p class='ocr_par' dir='ltr' id='par_1_42' title="bbox 231 2391 3514 2462">
     <span class='ocr_line' id='line_1_42' title="bbox 231 2391 3514 2462; baseline 0.001 -18"><span class='ocrx_word' id='word_1_316' title='bbox 231 2391 492 2461; x_wconf 79' lang='grc' dir='ltr'>χρῆσθαι.</span> <span class='ocrx_word' id='word_1_317' title='bbox 1925 2403 2007 2447; x_wconf 88' lang='lat' dir='ltr'><strong>est</strong></span> <span class='ocrx_word' id='word_1_318' title='bbox 2056 2394 2447 2450; x_wconf 84' lang='lat' dir='ltr'><strong>misericordia.</strong></span> <span class='ocrx_word' id='word_1_319' title='bbox 2487 2393 2579 2445; x_wconf 84' lang='lat' dir='ltr'><strong>sed</strong></span> <span class='ocrx_word' id='word_1_320' title='bbox 2606 2407 2739 2459; x_wconf 89' lang='lat' dir='ltr'><strong>quas</strong></span> <span class='ocrx_word' id='word_1_321' title='bbox 2765 2394 2993 2445; x_wconf 81' lang='lat' dir='ltr'><strong>tumenti</strong></span> <span class='ocrx_word' id='word_1_322' title='bbox 3032 2393 3215 2445; x_wconf 85' lang='lat' dir='ltr'><strong>animo</strong></span> <span class='ocrx_word' id='word_1_323' title='bbox 3244 2393 3514 2462; x_wconf 85' lang='lat' dir='ltr'><strong>largieba-</strong></span> 
     </span>
    </p>
   </div>
   <div class='ocr_carea' id='block_1_43' title="bbox 1926 2483 3508 2551">
    <p class='ocr_par' dir='ltr' id='par_1_43' title="bbox 1926 2483 3508 2551">
     <span class='ocr_line' id='line_1_43' title="bbox 1926 2483 3508 2551; baseline -0.001 -12"><span class='ocrx_word' id='word_1_324' title='bbox 1926 2494 2032 2549; x_wconf 88' lang='lat' dir='ltr'><strong>tur,</strong></span> <span class='ocrx_word' id='word_1_325' title='bbox 2050 2483 2243 2537; x_wconf 90' lang='lat' dir='ltr'><strong>deinde</strong></span> <span class='ocrx_word' id='word_1_326' title='bbox 2266 2500 2383 2536; x_wconf 88' lang='lat' dir='ltr'><strong>eam</strong></span> <span class='ocrx_word' id='word_1_327' title='bbox 2412 2484 2573 2536; x_wconf 81' lang='lat' dir='ltr'><strong>tradit</strong></span> <span class='ocrx_word' id='word_1_328' title='bbox 2591 2498 2813 2551; x_wconf 88' lang='lat' dir='ltr'><strong>sponso,</strong></span> <span class='ocrx_word' id='word_1_329' title='bbox 2836 2496 2892 2537; x_wconf 94' lang='lat' dir='ltr'><strong>ut</strong></span> <span class='ocrx_word' id='word_1_330' title='bbox 2913 2500 2974 2537; x_wconf 83' lang='lat' dir='ltr'><strong>ea</strong></span> <span class='ocrx_word' id='word_1_331' title='bbox 2996 2494 3240 2537; x_wconf 87' lang='lat' dir='ltr'><strong>uteretur</strong></span> <span class='ocrx_word' id='word_1_332' title='bbox 3263 2495 3319 2537; x_wconf 92' lang='lat' dir='ltr'><strong>ut</strong></span> <span class='ocrx_word' id='word_1_333' title='bbox 3348 2485 3508 2539; x_wconf 83' lang='lat' dir='ltr'><strong>volet.</strong></span> 
     </span>
    </p>
   </div>
   <div class='ocr_carea' id='block_1_44' title="bbox 300 2566 1966 2645">
    <p class='ocr_par' dir='ltr' id='par_1_44' title="bbox 300 2566 1816 2644">
     <span class='ocr_line' id='line_1_44' title="bbox 300 2566 1816 2644; baseline 0.004 -25"><span class='ocrx_word' id='word_1_334' title='bbox 300 2566 373 2621; x_wconf 85' lang='lat' dir='ltr'><strong>E&#39;.</strong></span> <span class='ocrx_word' id='word_1_335' title='bbox 420 2570 571 2623; x_wconf 82' lang='grc' dir='ltr'>Ἐπει</span> <span class='ocrx_word' id='word_1_336' title='bbox 613 2586 794 2624; x_wconf 87' lang='grc' dir='ltr'>τοινυν</span> <span class='ocrx_word' id='word_1_337' title='bbox 847 2570 927 2641; x_wconf 84' lang='grc' dir='ltr'>τῷ</span> <span class='ocrx_word' id='word_1_338' title='bbox 982 2573 1397 2644; x_wconf 86' lang='grc' dir='ltr'>παρεωραμένῳ</span> <span class='ocrx_word' id='word_1_339' title='bbox 1445 2571 1665 2643; x_wconf 80' lang='grc' dir='ltr'>νυμφίῳ</span> <span class='ocrx_word' id='word_1_340' title='bbox 1715 2574 1816 2642; x_wconf 81' lang='grc' dir='ltr'>τὴν</span> 
     </span>
    </p>
   </div>
   <div class='ocr_carea' id='block_1_45' title="bbox 1842 2566 3508 2645">
    <p class='ocr_par' dir='ltr' id='par_1_45' title="bbox 2000 2574 3508 2645">
     <span class='ocr_line' id='line_1_45' title="bbox 2000 2574 3508 2645; baseline 0.003 -18"><span class='ocrx_word' id='word_1_341' title='bbox 2000 2574 2062 2629; x_wconf 78' lang='grc' dir='ltr'><strong>ν.</strong></span> <span class='ocrx_word' id='word_1_342' title='bbox 2099 2576 2233 2630; x_wconf 90' lang='lat' dir='ltr'><strong>Cum</strong></span> <span class='ocrx_word' id='word_1_343' title='bbox 2282 2590 2415 2645; x_wconf 88' lang='lat' dir='ltr'><strong>ergo</strong></span> <span class='ocrx_word' id='word_1_344' title='bbox 2451 2587 2765 2645; x_wconf 79' lang='lat' dir='ltr'><strong>contempto</strong></span> <span class='ocrx_word' id='word_1_345' title='bbox 2816 2592 3016 2645; x_wconf 85' lang='lat' dir='ltr'><strong>sponso</strong></span> <span class='ocrx_word' id='word_1_346' title='bbox 3068 2586 3508 2631; x_wconf 74' lang='lat' dir='ltr'><strong>contemnentem</strong></span> 
     </span>
    </p>
   </div>
   <div class='ocr_carea' id='block_1_46' title="bbox 227 2657 1893 2737">
    <p class='ocr_par' dir='ltr' id='par_1_46' title="bbox 227 2657 1816 2734">
     <span class='ocr_line' id='line_1_46' title="bbox 227 2657 1816 2734; baseline 0.005 -26"><span class='ocrx_word' id='word_1_347' title='bbox 227 2657 563 2727; x_wconf 76' lang='grc' dir='ltr'>παρορῶσαν</span> <span class='ocrx_word' id='word_1_348' title='bbox 589 2658 829 2731; x_wconf 73' lang='grc' dir='ltr'>νύμφην,</span> <span class='ocrx_word' id='word_1_349' title='bbox 856 2662 1004 2732; x_wconf 77' lang='grc' dir='ltr'>ἐξῆν,</span> <span class='ocrx_word' id='word_1_350' title='bbox 1040 2664 1135 2715; x_wconf 82' lang='grc' dir='ltr'>ᾶτε</span> <span class='ocrx_word' id='word_1_351' title='bbox 1162 2662 1331 2716; x_wconf 76' lang='grc' dir='ltr'>δὲκαὶ</span> <span class='ocrx_word' id='word_1_352' title='bbox 1363 2664 1538 2733; x_wconf 79' lang='grc' dir='ltr'>ἀρχῆς</span> <span class='ocrx_word' id='word_1_353' title='bbox 1561 2664 1816 2734; x_wconf 86' lang='grc' dir='ltr'>τοιαύτης</span> 
     </span>
    </p>
   </div>
   <div class='ocr_carea' id='block_1_47' title="bbox 1932 2657 3598 2737">
    <p class='ocr_par' dir='ltr' id='par_1_47' title="bbox 1932 2666 3598 2737">
     <span class='ocr_line' id='line_1_47' title="bbox 1932 2666 3598 2737; baseline -0.002 -16"><span class='ocrx_word' id='word_1_354' title='bbox 1932 2682 2178 2736; x_wconf 83' lang='lat' dir='ltr'><strong>sponsam</strong></span> <span class='ocrx_word' id='word_1_355' title='bbox 2215 2667 2403 2720; x_wconf 82' lang='lat' dir='ltr'><strong>liceret</strong></span> <span class='ocrx_word' id='word_1_356' title='bbox 2444 2666 2711 2735; x_wconf 75' lang='lat' dir='ltr'><strong>judicare,</strong></span> <span class='ocrx_word' id='word_1_357' title='bbox 2743 2676 2802 2719; x_wconf 91' lang='lat' dir='ltr'><strong>ut</strong></span> <span class='ocrx_word' id='word_1_358' title='bbox 2853 2669 2941 2734; x_wconf 89' lang='lat' dir='ltr'><strong>qui</strong></span> <span class='ocrx_word' id='word_1_359' title='bbox 2989 2666 3147 2719; x_wconf 83' lang='lat' dir='ltr'><strong>talem</strong></span> <span class='ocrx_word' id='word_1_360' title='bbox 3181 2666 3509 2733; x_wconf 73' lang='lat' dir='ltr'><strong>suSt-episset</strong></span> <span class='ocrx_word' id='word_1_361' title='bbox 3596 2733 3598 2737; x_wconf 21' lang='grc' dir='ltr'><strong><em>τ</em></strong></span> 
     </span>
    </p>
   </div>
   <div class='ocr_carea' id='block_1_48' title="bbox 226 2746 1892 2831">
    <p class='ocr_par' dir='ltr' id='par_1_48' title="bbox 226 2746 1812 2826">
     <span class='ocr_line' id='line_1_48' title="bbox 226 2746 1812 2826; baseline 0.007 -29"><span class='ocrx_word' id='word_1_362' title='bbox 226 2746 614 2819; x_wconf 78' lang='grc' dir='ltr'>ἐπελημμένῳ,</span> <span class='ocrx_word' id='word_1_363' title='bbox 638 2753 904 2822; x_wconf 77' lang='grc' dir='ltr'>πρότερον</span> <span class='ocrx_word' id='word_1_364' title='bbox 934 2754 1032 2822; x_wconf 82' lang='grc' dir='ltr'>μὲν</span> <span class='ocrx_word' id='word_1_365' title='bbox 1062 2750 1213 2816; x_wconf 79' lang='grc' dir='ltr'>οὗτος</span> <span class='ocrx_word' id='word_1_366' title='bbox 1239 2755 1509 2822; x_wconf 61' lang='grc' dir='ltr'>ἐσράδαξε</span> <span class='ocrx_word' id='word_1_367' title='bbox 1531 2754 1607 2825; x_wconf 82' lang='grc' dir='ltr'>τῷ</span> <span class='ocrx_word' id='word_1_368' title='bbox 1632 2755 1812 2826; x_wconf 87' lang='grc' dir='ltr'>θυμῷ,</span> 
     </span>
    </p>
   </div>
   <div class='ocr_carea' id='block_1_49' title="bbox 1842 2746 3508 2831">
    <p class='ocr_par' dir='ltr' id='par_1_49' title="bbox 1924 2758 3508 2831">
     <span class='ocr_line' id='line_1_49' title="bbox 1924 2758 3508 2831; baseline -0.001 -17"><span class='ocrx_word' id='word_1_369' title='bbox 1924 2760 2321 2831; x_wconf 80' lang='lat' dir='ltr'><strong>magistratum,</strong></span> <span class='ocrx_word' id='word_1_370' title='bbox 2359 2760 2471 2827; x_wconf 81' lang='lat' dir='ltr'><strong>ipse</strong></span> <span class='ocrx_word' id='word_1_371' title='bbox 2502 2760 2723 2827; x_wconf 82' lang='lat' dir='ltr'><strong>quidem</strong></span> <span class='ocrx_word' id='word_1_372' title='bbox 2777 2760 2954 2829; x_wconf 89' lang='lat' dir='ltr'><strong>primo</strong></span> <span class='ocrx_word' id='word_1_373' title='bbox 3012 2762 3279 2812; x_wconf 54' lang='lat' dir='ltr'><strong>estnabat</strong></span> <span class='ocrx_word' id='word_1_374' title='bbox 3326 2758 3508 2812; x_wconf 90' lang='lat' dir='ltr'><strong>animo</strong></span> 
     </span>
    </p>
   </div>
   <div class='ocr_carea' id='block_1_50' title="bbox 224 2843 1890 2922">
    <p class='ocr_par' dir='ltr' id='par_1_50' title="bbox 224 2843 1815 2919">
     <span class='ocr_line' id='line_1_50' title="bbox 224 2843 1815 2919; baseline 0.006 -26"><span class='ocrx_word' id='word_1_375' title='bbox 224 2843 325 2894; x_wconf 71' lang='grc' dir='ltr'>καὶ</span> <span class='ocrx_word' id='word_1_376' title='bbox 352 2844 474 2905; x_wconf 70' lang='grc' dir='ltr'>τοὺς</span> <span class='ocrx_word' id='word_1_377' title='bbox 512 2844 728 2907; x_wconf 77' lang='grc' dir='ltr'>ὀδόντας</span> <span class='ocrx_word' id='word_1_378' title='bbox 760 2846 1027 2915; x_wconf 80' lang='grc' dir='ltr'>ὑπέπριεν</span> <span class='ocrx_word' id='word_1_379' title='bbox 1052 2861 1066 2875; x_wconf 77' lang='grc'><strong><em>⁸</em></strong></span> <span class='ocrx_word' id='word_1_380' title='bbox 1096 2846 1169 2909; x_wconf 82' lang='grc' dir='ltr'>ὡς</span> <span class='ocrx_word' id='word_1_381' title='bbox 1196 2847 1251 2900; x_wconf 81' lang='grc' dir='ltr'>δὲ</span> <span class='ocrx_word' id='word_1_382' title='bbox 1290 2851 1383 2900; x_wconf 71' lang='grc' dir='ltr'>καὶ</span> <span class='ocrx_word' id='word_1_383' title='bbox 1418 2849 1553 2918; x_wconf 74' lang='grc' dir='ltr'>πρὸς</span> <span class='ocrx_word' id='word_1_384' title='bbox 1580 2850 1640 2900; x_wconf 84' lang='grc' dir='ltr'>τὸ</span> <span class='ocrx_word' id='word_1_385' title='bbox 1660 2850 1815 2919; x_wconf 75' lang='grc' dir='ltr'>βῆμα</span> 
     </span>
    </p>
   </div>
   <div class='ocr_carea' id='block_1_51' title="bbox 1842 2843 3508 2922">
    <p class='ocr_par' dir='ltr' id='par_1_51' title="bbox 1922 2850 3508 2922">
     <span class='ocr_line' id='line_1_51' title="bbox 1922 2850 3508 2922; baseline -0.003 -15"><span class='ocrx_word' id='word_1_386' title='bbox 1922 2863 1977 2907; x_wconf 85' lang='lat' dir='ltr'><strong>et</strong></span> <span class='ocrx_word' id='word_1_387' title='bbox 2000 2855 2263 2907; x_wconf 86' lang='lat' dir='ltr'><strong>stridebat</strong></span> <span class='ocrx_word' id='word_1_388' title='bbox 2300 2853 2572 2906; x_wconf 84' lang='lat' dir='ltr'><strong>dentibus.</strong></span> <span class='ocrx_word' id='word_1_389' title='bbox 2626 2851 2918 2922; x_wconf 87' lang='lat' dir='ltr'><strong>Postquam</strong></span> <span class='ocrx_word' id='word_1_390' title='bbox 2987 2862 3167 2904; x_wconf 87' lang='lat' dir='ltr'><strong>autem</strong></span> <span class='ocrx_word' id='word_1_391' title='bbox 3204 2866 3266 2905; x_wconf 90' lang='lat' dir='ltr'><strong>ea</strong></span> <span class='ocrx_word' id='word_1_392' title='bbox 3295 2851 3393 2904; x_wconf 81' lang='lat' dir='ltr'><strong>fuit</strong></span> <span class='ocrx_word' id='word_1_393' title='bbox 3426 2850 3508 2903; x_wconf 55' lang='lat' dir='ltr'><strong>in.</strong></span> 
     </span>
    </p>
   </div>
   <div class='ocr_carea' id='block_1_52' title="bbox 224 2928 1890 3012">
    <p class='ocr_par' dir='ltr' id='par_1_52' title="bbox 224 2928 1811 3009">
     <span class='ocr_line' id='line_1_52' title="bbox 224 2928 1811 3009; baseline 0.005 -25"><span class='ocrx_word' id='word_1_394' title='bbox 224 2934 487 3001; x_wconf 76' lang='grc' dir='ltr'>ἠπείγετο</span> <span class='ocrx_word' id='word_1_395' title='bbox 521 2935 615 2988; x_wconf 82' lang='grc' dir='ltr'><strong>καί</strong></span> <span class='ocrx_word' id='word_1_396' title='bbox 643 2935 721 3005; x_wconf 84' lang='grc' dir='ltr'>τῷ</span> <span class='ocrx_word' id='word_1_397' title='bbox 766 2928 1090 3007; x_wconf 88' lang='grc' dir='ltr'>περικαλλεί</span> <span class='ocrx_word' id='word_1_398' title='bbox 1127 2938 1226 3009; x_wconf 84' lang='grc' dir='ltr'><strong>τῆς</strong></span> <span class='ocrx_word' id='word_1_399' title='bbox 1260 2938 1434 3009; x_wconf 68' lang='grc' dir='ltr'>ὅψεως</span> <span class='ocrx_word' id='word_1_400' title='bbox 1488 2941 1703 2994; x_wconf 83' lang='grc' dir='ltr'>πάντων</span> <span class='ocrx_word' id='word_1_401' title='bbox 1733 2944 1811 3004; x_wconf 79' lang='grc' dir='ltr'><strong>εἰς</strong></span> 
     </span>
    </p>
   </div>
   <div class='ocr_carea' id='block_1_53' title="bbox 1841 2928 3507 3012">
    <p class='ocr_par' dir='ltr' id='par_1_53' title="bbox 1921 2944 3507 3012">
     <span class='ocr_line' id='line_1_53' title="bbox 1921 2944 3507 3012; baseline -0.002 -13"><span class='ocrx_word' id='word_1_402' title='bbox 1921 2946 2169 2999; x_wconf 71' lang='lat' dir='ltr'><strong>traducta</strong></span> <span class='ocrx_word' id='word_1_403' title='bbox 2247 2944 2315 2999; x_wconf 88' lang='lat' dir='ltr'><strong>ad</strong></span> <span class='ocrx_word' id='word_1_404' title='bbox 2390 2945 2675 3008; x_wconf 88' lang='lat' dir='ltr'><strong>tribunal,</strong></span> <span class='ocrx_word' id='word_1_405' title='bbox 2723 2954 2777 2997; x_wconf 88' lang='lat' dir='ltr'><strong>et</strong></span> <span class='ocrx_word' id='word_1_406' title='bbox 2858 2945 3044 2998; x_wconf 70' lang='lat' dir='ltr'><strong>formae</strong></span> <span class='ocrx_word' id='word_1_407' title='bbox 3101 2944 3507 3012; x_wconf 85' lang='lat' dir='ltr'><strong>pulchritudine</strong></span> 
     </span>
    </p>
   </div>
   <div class='ocr_carea' id='block_1_54' title="bbox 223 3026 1889 3104">
    <p class='ocr_par' dir='ltr' id='par_1_54' title="bbox 223 3026 1810 3099">
     <span class='ocr_line' id='line_1_54' title="bbox 223 3026 1810 3099; baseline 0.004 -20"><span class='ocrx_word' id='word_1_408' title='bbox 223 3026 425 3093; x_wconf 69' lang='grc' dir='ltr'>ἑαυτὴν</span> <span class='ocrx_word' id='word_1_409' title='bbox 450 3026 637 3078; x_wconf 81' lang='grc' dir='ltr'>ἐκάλει</span> <span class='ocrx_word' id='word_1_410' title='bbox 660 3028 783 3089; x_wconf 72' lang='grc' dir='ltr'>τοὺς</span> <span class='ocrx_word' id='word_1_411' title='bbox 818 3029 1155 3098; x_wconf 70' lang='grc' dir='ltr'>ὀφθαλμοὺς,</span> <span class='ocrx_word' id='word_1_412' title='bbox 1189 3030 1521 3099; x_wconf 75' lang='grc' dir='ltr'>άμυλύνεται</span> <span class='ocrx_word' id='word_1_413' title='bbox 1559 3035 1810 3096; x_wconf 72' lang='grc' dir='ltr'>κάκεῖνος</span> 
     </span>
    </p>
   </div>
   <div class='ocr_carea' id='block_1_55' title="bbox 1837 3026 3503 3104">
    <p class='ocr_par' dir='ltr' id='par_1_55' title="bbox 1925 3034 3503 3104">
     <span class='ocr_line' id='line_1_55' title="bbox 1925 3034 3503 3104; baseline 0 -15"><span class='ocrx_word' id='word_1_414' title='bbox 1925 3036 2166 3089; x_wconf 87' lang='lat' dir='ltr'><strong>omnium</strong></span> <span class='ocrx_word' id='word_1_415' title='bbox 2220 3035 2269 3087; x_wconf 90' lang='lat' dir='ltr'><strong>in</strong></span> <span class='ocrx_word' id='word_1_416' title='bbox 2325 3050 2382 3087; x_wconf 89' lang='lat' dir='ltr'><strong>se</strong></span> <span class='ocrx_word' id='word_1_417' title='bbox 2434 3036 2705 3090; x_wconf 82' lang='lat' dir='ltr'><strong>convertit</strong></span> <span class='ocrx_word' id='word_1_418' title='bbox 2734 3034 2939 3097; x_wconf 86' lang='lat' dir='ltr'><strong>0Culos,</strong></span> <span class='ocrx_word' id='word_1_419' title='bbox 2998 3034 3142 3088; x_wconf 85' lang='lat' dir='ltr'><strong>illius</strong></span> <span class='ocrx_word' id='word_1_420' title='bbox 3176 3049 3392 3104; x_wconf 84' lang='lat' dir='ltr'><strong>quoque</strong></span> <span class='ocrx_word' id='word_1_421' title='bbox 3422 3035 3503 3089; x_wconf 89' lang='lat' dir='ltr'><strong>ira</strong></span> 
     </span>
    </p>
   </div>
   <div class='ocr_carea' id='block_1_56' title="bbox 221 3120 1887 3196">
    <p class='ocr_par' dir='ltr' id='par_1_56' title="bbox 221 3120 1810 3195">
     <span class='ocr_line' id='line_1_56' title="bbox 221 3120 1810 3195; baseline 0.004 -25"><span class='ocrx_word' id='word_1_422' title='bbox 221 3120 289 3187; x_wconf 77' lang='grc' dir='ltr'><strong>τῇ</strong></span> <span class='ocrx_word' id='word_1_423' title='bbox 319 3122 499 3189; x_wconf 60' lang='grc' dir='ltr'>μορςῇ</span> <span class='ocrx_word' id='word_1_424' title='bbox 529 3121 628 3189; x_wconf 82' lang='grc' dir='ltr'>τὴν</span> <span class='ocrx_word' id='word_1_425' title='bbox 661 3120 849 3191; x_wconf 79' lang='grc' dir='ltr'>ὀργῆν,</span> <span class='ocrx_word' id='word_1_426' title='bbox 885 3122 1029 3193; x_wconf 77' lang='grc' dir='ltr'>καὶὴ</span> <span class='ocrx_word' id='word_1_427' title='bbox 1064 3124 1327 3193; x_wconf 83' lang='grc' dir='ltr'>ἐπιθυμία</span> <span class='ocrx_word' id='word_1_428' title='bbox 1353 3125 1443 3177; x_wconf 78' lang='grc' dir='ltr'>τὸν</span> <span class='ocrx_word' id='word_1_429' title='bbox 1470 3125 1641 3194; x_wconf 76' lang='grc' dir='ltr'>Θυμδν</span> <span class='ocrx_word' id='word_1_430' title='bbox 1667 3128 1810 3195; x_wconf 79' lang='grc' dir='ltr'><strong>ἡμέ-</strong></span> 
     </span>
    </p>
   </div>
   <div class='ocr_carea' id='block_1_57' title="bbox 1834 3120 3500 3196">
    <p class='ocr_par' dir='ltr' id='par_1_57' title="bbox 1924 3126 3500 3196">
     <span class='ocr_line' id='line_1_57' title="bbox 1924 3126 3500 3196; baseline 0 -14"><span class='ocrx_word' id='word_1_431' title='bbox 1924 3128 2039 3196; x_wconf 88' lang='lat' dir='ltr'><strong>cjus</strong></span> <span class='ocrx_word' id='word_1_432' title='bbox 2064 3128 2242 3196; x_wconf 80' lang='lat' dir='ltr'><strong>specie</strong></span> <span class='ocrx_word' id='word_1_433' title='bbox 2268 3126 2608 3190; x_wconf 88' lang='lat' dir='ltr'><strong>obtunditur,</strong></span> <span class='ocrx_word' id='word_1_434' title='bbox 2642 3136 2695 3180; x_wconf 90' lang='lat' dir='ltr'><strong>et</strong></span> <span class='ocrx_word' id='word_1_435' title='bbox 2721 3127 2856 3180; x_wconf 89' lang='lat' dir='ltr'><strong>iram</strong></span> <span class='ocrx_word' id='word_1_436' title='bbox 2895 3126 3159 3196; x_wconf 77' lang='lat' dir='ltr'><strong>mitigatit</strong></span> <span class='ocrx_word' id='word_1_437' title='bbox 3208 3127 3500 3195; x_wconf 88' lang='lat' dir='ltr'><strong>cupiditas,</strong></span> 
     </span>
    </p>
   </div>
   <div class='ocr_carea' id='block_1_58' title="bbox 225 3213 1891 3288">
    <p class='ocr_par' dir='ltr' id='par_1_58' title="bbox 225 3213 1880 3288">
     <span class='ocr_line' id='line_1_58' title="bbox 225 3213 1880 3288; baseline 0.005 -24"><span class='ocrx_word' id='word_1_438' title='bbox 225 3230 345 3281; x_wconf 81' lang='grc' dir='ltr'>ρου,</span> <span class='ocrx_word' id='word_1_439' title='bbox 388 3214 481 3265; x_wconf 84' lang='grc' dir='ltr'><strong>καί</strong></span> <span class='ocrx_word' id='word_1_440' title='bbox 524 3213 715 3283; x_wconf 81' lang='grc' dir='ltr'>ὥσπερ</span> <span class='ocrx_word' id='word_1_441' title='bbox 753 3216 822 3267; x_wconf 85' lang='grc' dir='ltr'><strong>τά</strong></span> <span class='ocrx_word' id='word_1_442' title='bbox 858 3215 1077 3269; x_wconf 87' lang='grc' dir='ltr'>πάντων</span> <span class='ocrx_word' id='word_1_443' title='bbox 1126 3216 1392 3286; x_wconf 78' lang='grc' dir='ltr'>ῆδίστατά</span> <span class='ocrx_word' id='word_1_444' title='bbox 1417 3234 1473 3270; x_wconf 85' lang='grc' dir='ltr'><strong>τε</strong></span> <span class='ocrx_word' id='word_1_445' title='bbox 1512 3219 1605 3270; x_wconf 76' lang='grc' dir='ltr'>καὶ</span> <span class='ocrx_word' id='word_1_446' title='bbox 1639 3219 1811 3287; x_wconf 79' lang='grc' dir='ltr'>μάλα·</span> <span class='ocrx_word' id='word_1_447' title='bbox 1844 3277 1880 3288; x_wconf 47' lang='grc' dir='ltr'><strong><em>Α</em></strong></span> 
     </span>
    </p>
   </div>
   <div class='ocr_carea' id='block_1_59' title="bbox 1831 3213 3497 3288">
    <p class='ocr_par' dir='ltr' id='par_1_59' title="bbox 1844 3218 3497 3288">
     <span class='ocr_line' id='line_1_59' title="bbox 1844 3218 3497 3288; baseline -0.002 -14"><span class='ocrx_word' id='word_1_448' title='bbox 1844 3277 1880 3288; x_wconf 77' lang='lat'>_</span> <span class='ocrx_word' id='word_1_449' title='bbox 1919 3232 1972 3274; x_wconf 94' lang='lat' dir='ltr'><strong>et</strong></span> <span class='ocrx_word' id='word_1_450' title='bbox 2000 3230 2252 3285; x_wconf 83' lang='lat' dir='ltr'><strong>tanquam</strong></span> <span class='ocrx_word' id='word_1_451' title='bbox 2282 3221 2373 3288; x_wconf 89' lang='lat' dir='ltr'><strong>qui</strong></span> <span class='ocrx_word' id='word_1_452' title='bbox 2416 3218 2708 3273; x_wconf 86' lang='lat' dir='ltr'><strong>meditatus</strong></span> <span class='ocrx_word' id='word_1_453' title='bbox 2749 3227 2893 3271; x_wconf 88' lang='lat' dir='ltr'><strong>esset</strong></span> <span class='ocrx_word' id='word_1_454' title='bbox 2922 3218 3104 3272; x_wconf 86' lang='lat' dir='ltr'><strong>dicere</strong></span> <span class='ocrx_word' id='word_1_455' title='bbox 3140 3218 3497 3287; x_wconf 77' lang='lat' dir='ltr'><strong>onmiuinju-</strong></span> 
     </span>
    </p>
   </div>
   <div class='ocr_carea' id='block_1_60' title="bbox 224 3277 1890 3381">
    <p class='ocr_par' dir='ltr' id='par_1_60' title="bbox 224 3277 1881 3381">
     <span class='ocr_line' id='line_1_60' title="bbox 224 3277 1881 3381; baseline 0.005 -24"><span class='ocrx_word' id='word_1_456' title='bbox 224 3277 444 3357; x_wconf 66' lang='grc' dir='ltr'>κώτατα</span> <span class='ocrx_word' id='word_1_457' title='bbox 473 3305 604 3375; x_wconf 81' lang='grc' dir='ltr'>πρὸς</span> <span class='ocrx_word' id='word_1_458' title='bbox 655 3277 875 3377; x_wconf 73' lang='grc' dir='ltr'>ἐκείνην</span> <span class='ocrx_word' id='word_1_459' title='bbox 922 3277 1296 3379; x_wconf 68' lang='grc' dir='ltr'>ἐκμελετήσας</span> <span class='ocrx_word' id='word_1_460' title='bbox 1342 3310 1507 3381; x_wconf 84' lang='grc' dir='ltr'>ἐρεῖν,</span> <span class='ocrx_word' id='word_1_461' title='bbox 1553 3277 1810 3381; x_wconf 81' lang='grc' dir='ltr'>ιΙείσθητί</span> <span class='ocrx_word' id='word_1_462' title='bbox 1839 3277 1881 3334; x_wconf 77' lang='lat' dir='ltr'><strong>c&#39;</strong></span> 
     </span>
    </p>
   </div>
   <div class='ocr_carea' id='block_1_61' title="bbox 1835 3277 3501 3381">
    <p class='ocr_par' dir='ltr' id='par_1_61' title="bbox 1839 3277 3501 3377">
     <span class='ocr_line' id='line_1_61' title="bbox 1839 3277 3501 3377; baseline -0.001 -13"><span class='ocrx_word' id='word_1_463' title='bbox 1839 3277 1881 3334; x_wconf 62' lang='grc' dir='ltr'>Ο</span> <span class='ocrx_word' id='word_1_464' title='bbox 1916 3311 2250 3364; x_wconf 84' lang='lat' dir='ltr'><strong>cundissima</strong></span> <span class='ocrx_word' id='word_1_465' title='bbox 2301 3277 2359 3363; x_wconf 71' lang='lat' dir='ltr'><strong>et</strong></span> <span class='ocrx_word' id='word_1_466' title='bbox 2386 3310 2700 3362; x_wconf 90' lang='lat' dir='ltr'><strong>mollissima</strong></span> <span class='ocrx_word' id='word_1_467' title='bbox 2734 3326 2747 3363; x_wconf 88' lang='lat'><strong>:</strong></span> <span class='ocrx_word' id='word_1_468' title='bbox 2799 3308 2972 3363; x_wconf 84' lang='lat' dir='ltr'><strong>Crede</strong></span> <span class='ocrx_word' id='word_1_469' title='bbox 3006 3310 3161 3372; x_wconf 91' lang='lat' dir='ltr'><strong>mihi,</strong></span> <span class='ocrx_word' id='word_1_470' title='bbox 3209 3310 3441 3377; x_wconf 88' lang='lat' dir='ltr'><strong>dicebat,</strong></span> <span class='ocrx_word' id='word_1_471' title='bbox 3465 3324 3501 3369; x_wconf 88' lang='grc' dir='ltr'><strong>ο</strong></span> 
     </span>
    </p>
   </div>
   <div class='ocr_carea' id='block_1_62' title="bbox 225 3398 1891 3474">
    <p class='ocr_par' dir='ltr' id='par_1_62' title="bbox 225 3398 1812 3474">
     <span class='ocr_line' id='line_1_62' title="bbox 225 3398 1812 3474; baseline 0.005 -25"><span class='ocrx_word' id='word_1_472' title='bbox 225 3414 340 3467; x_wconf 89' lang='grc' dir='ltr'>μοι,</span> <span class='ocrx_word' id='word_1_473' title='bbox 363 3398 694 3469; x_wconf 79' lang='grc' dir='ltr'>γλυκυτάτη,</span> <span class='ocrx_word' id='word_1_474' title='bbox 715 3398 941 3467; x_wconf 71' lang='grc' dir='ltr'>ἔφασκε,</span> <span class='ocrx_word' id='word_1_475' title='bbox 966 3403 1265 3469; x_wconf 81' lang='grc' dir='ltr'>γυναικῶν,</span> <span class='ocrx_word' id='word_1_476' title='bbox 1291 3404 1384 3455; x_wconf 76' lang='grc' dir='ltr'>καὶ</span> <span class='ocrx_word' id='word_1_477' title='bbox 1416 3404 1507 3456; x_wconf 79' lang='grc' dir='ltr'><strong>τὸν</strong></span> <span class='ocrx_word' id='word_1_478' title='bbox 1539 3403 1671 3474; x_wconf 71' lang='grc' dir='ltr'>ἐμὸν</span> <span class='ocrx_word' id='word_1_479' title='bbox 1694 3406 1812 3458; x_wconf 77' lang='grc' dir='ltr'>ἐλο-</span> 
     </span>
    </p>
   </div>
   <div class='ocr_carea' id='block_1_63' title="bbox 1830 3398 3496 3474">
    <p class='ocr_par' dir='ltr' id='par_1_63' title="bbox 1915 3402 3496 3471">
     <span class='ocr_line' id='line_1_63' title="bbox 1915 3402 3496 3471; baseline 0.001 -16"><span class='ocrx_word' id='word_1_480' title='bbox 1915 3402 2203 3456; x_wconf 88' lang='lat' dir='ltr'><strong>mulierum</strong></span> <span class='ocrx_word' id='word_1_481' title='bbox 2236 3402 2582 3466; x_wconf 83' lang='lat' dir='ltr'><strong>suavissima,</strong></span> <span class='ocrx_word' id='word_1_482' title='bbox 2607 3411 2660 3455; x_wconf 88' lang='lat' dir='ltr'><strong>et</strong></span> <span class='ocrx_word' id='word_1_483' title='bbox 2684 3418 2809 3455; x_wconf 91' lang='lat' dir='ltr'><strong>cum</strong></span> <span class='ocrx_word' id='word_1_484' title='bbox 2834 3417 2983 3455; x_wconf 90' lang='lat' dir='ltr'><strong>meas</strong></span> <span class='ocrx_word' id='word_1_485' title='bbox 3008 3402 3237 3471; x_wconf 79' lang='lat' dir='ltr'><strong>elegeris</strong></span> <span class='ocrx_word' id='word_1_486' title='bbox 3256 3404 3496 3471; x_wconf 79' lang='lat' dir='ltr'><strong>nuptias,</strong></span> 
     </span>
    </p>
   </div>
   <div class='ocr_carea' id='block_1_64' title="bbox 221 3491 1887 3565">
    <p class='ocr_par' dir='ltr' id='par_1_64' title="bbox 221 3491 1811 3565">
     <span class='ocr_line' id='line_1_64' title="bbox 221 3491 1811 3565; baseline 0.008 -26"><span class='ocrx_word' id='word_1_487' title='bbox 221 3491 361 3562; x_wconf 60' lang='grc' dir='ltr'>μάνη</span> <span class='ocrx_word' id='word_1_488' title='bbox 392 3494 593 3561; x_wconf 89' lang='grc' dir='ltr'>γάμον,</span> <span class='ocrx_word' id='word_1_489' title='bbox 634 3492 884 3563; x_wconf 83' lang='grc' dir='ltr'>βασάνων</span> <span class='ocrx_word' id='word_1_490' title='bbox 907 3496 1121 3565; x_wconf 83' lang='grc' dir='ltr'>πικρῶν</span> <span class='ocrx_word' id='word_1_491' title='bbox 1137 3496 1483 3565; x_wconf 78' lang='grc' dir='ltr'>ἀπαλλάγηθι</span> <span class='ocrx_word' id='word_1_492' title='bbox 1504 3516 1517 3529; x_wconf 87' lang='grc'><strong>·</strong></span> <span class='ocrx_word' id='word_1_493' title='bbox 1551 3501 1600 3551; x_wconf 91' lang='grc' dir='ltr'><strong>εί</strong></span> <span class='ocrx_word' id='word_1_494' title='bbox 1634 3499 1690 3551; x_wconf 87' lang='grc' dir='ltr'>δὲ</span> <span class='ocrx_word' id='word_1_495' title='bbox 1715 3499 1811 3554; x_wconf 63' lang='grc' dir='ltr'><strong>καλ¹</strong></span> 
     </span>
    </p>
   </div>
   <div class='ocr_carea' id='block_1_65' title="bbox 1834 3491 3500 3565">
    <p class='ocr_par' dir='ltr' id='par_1_65' title="bbox 1915 3493 3500 3560">
     <span class='ocr_line' id='line_1_65' title="bbox 1915 3493 3500 3560; baseline 0.003 -13"><span class='ocrx_word' id='word_1_496' title='bbox 1915 3494 2146 3549; x_wconf 80' lang='lat' dir='ltr'><strong>liberare</strong></span> <span class='ocrx_word' id='word_1_497' title='bbox 2170 3494 2237 3548; x_wconf 84' lang='lat' dir='ltr'><strong>ab</strong></span> <span class='ocrx_word' id='word_1_498' title='bbox 2273 3496 2489 3548; x_wconf 81' lang='lat' dir='ltr'><strong>acerbis</strong></span> <span class='ocrx_word' id='word_1_499' title='bbox 2523 3495 2832 3548; x_wconf 86' lang='lat' dir='ltr'><strong>tormentis.</strong></span> <span class='ocrx_word' id='word_1_500' title='bbox 2873 3493 3028 3560; x_wconf 85' lang='lat' dir='ltr'><strong>Quod</strong></span> <span class='ocrx_word' id='word_1_501' title='bbox 3057 3496 3103 3549; x_wconf 90' lang='lat' dir='ltr'><strong>si</strong></span> <span class='ocrx_word' id='word_1_502' title='bbox 3132 3497 3295 3549; x_wconf 89' lang='lat' dir='ltr'><strong>etiam</strong></span> <span class='ocrx_word' id='word_1_503' title='bbox 3359 3496 3500 3552; x_wconf 83' lang='lat' dir='ltr'><strong>nolis</strong></span> 
     </span>
    </p>
   </div>
   <div class='ocr_carea' id='block_1_66' title="bbox 222 3584 1888 3663">
    <p class='ocr_par' dir='ltr' id='par_1_66' title="bbox 222 3584 1809 3663">
     <span class='ocr_line' id='line_1_66' title="bbox 222 3584 1809 3663; baseline 0.006 -28"><span class='ocrx_word' id='word_1_504' title='bbox 222 3584 301 3654; x_wconf 82' lang='grc' dir='ltr'>μὴ</span> <span class='ocrx_word' id='word_1_505' title='bbox 328 3587 437 3647; x_wconf 89' lang='grc' dir='ltr'>τοῖς</span> <span class='ocrx_word' id='word_1_506' title='bbox 471 3584 611 3649; x_wconf 80' lang='grc' dir='ltr'>θεοῖς</span> <span class='ocrx_word' id='word_1_507' title='bbox 646 3586 795 3639; x_wconf 86' lang='grc' dir='ltr'>θύειν</span> <span class='ocrx_word' id='word_1_508' title='bbox 822 3587 1044 3650; x_wconf 78' lang='grc' dir='ltr'>ἐθέλεις,</span> <span class='ocrx_word' id='word_1_509' title='bbox 1075 3588 1339 3658; x_wconf 75' lang='grc' dir='ltr'>οὐδεμίαν</span> <span class='ocrx_word' id='word_1_510' title='bbox 1386 3591 1496 3643; x_wconf 75' lang='grc' dir='ltr'>οὐδ’</span> <span class='ocrx_word' id='word_1_511' title='bbox 1536 3593 1700 3663; x_wconf 79' lang='grc' dir='ltr'>ἡμεῖς</span> <span class='ocrx_word' id='word_1_512' title='bbox 1728 3609 1809 3646; x_wconf 86' lang='grc' dir='ltr'><strong>σοι</strong></span> 
     </span>
    </p>
   </div>
   <div class='ocr_carea' id='block_1_67' title="bbox 1831 3584 3497 3663">
    <p class='ocr_par' dir='ltr' id='par_1_67' title="bbox 1912 3585 3497 3649">
     <span class='ocr_line' id='line_1_67' title="bbox 1912 3585 3497 3649; baseline 0.001 -10"><span class='ocrx_word' id='word_1_513' title='bbox 1912 3588 2016 3639; x_wconf 87' lang='lat' dir='ltr'><strong>diis</strong></span> <span class='ocrx_word' id='word_1_514' title='bbox 2041 3587 2372 3649; x_wconf 80' lang='lat' dir='ltr'><strong>sacriﬁcare,</strong></span> <span class='ocrx_word' id='word_1_515' title='bbox 2420 3600 2519 3639; x_wconf 87' lang='lat' dir='ltr'><strong>nos</strong></span> <span class='ocrx_word' id='word_1_516' title='bbox 2553 3586 2648 3638; x_wconf 91' lang='lat' dir='ltr'><strong>tibi</strong></span> <span class='ocrx_word' id='word_1_517' title='bbox 2680 3586 2883 3638; x_wconf 87' lang='lat' dir='ltr'><strong>nullam</strong></span> <span class='ocrx_word' id='word_1_518' title='bbox 2906 3588 3014 3639; x_wconf 82' lang='lat' dir='ltr'><strong>vim</strong></span> <span class='ocrx_word' id='word_1_519' title='bbox 3072 3585 3361 3642; x_wconf 78' lang='lat' dir='ltr'><strong>al&#39;l&#39;eremus</strong></span> <span class='ocrx_word' id='word_1_520' title='bbox 3393 3605 3406 3641; x_wconf 90' lang='lat'><strong>:</strong></span> <span class='ocrx_word' id='word_1_521' title='bbox 3441 3597 3497 3641; x_wconf 77' lang='lat' dir='ltr'><strong>tu</strong></span> 
     </span>
    </p>
   </div>
   <div class='ocr_carea' id='block_1_68' title="bbox 217 3674 1883 3748">
    <p class='ocr_par' dir='ltr' id='par_1_68' title="bbox 217 3674 1808 3748">
     <span class='ocr_line' id='line_1_68' title="bbox 217 3674 1808 3748; baseline 0.004 -22"><span class='ocrx_word' id='word_1_522' title='bbox 217 3674 345 3745; x_wconf 84' lang='grc' dir='ltr'>βίαν</span> <span class='ocrx_word' id='word_1_523' title='bbox 372 3675 646 3745; x_wconf 75' lang='grc' dir='ltr'>ἐπάξομεν</span> <span class='ocrx_word' id='word_1_524' title='bbox 669 3694 684 3709; x_wconf 80' lang='grc' dir='ltr'><strong><em>ο</em></strong></span> <span class='ocrx_word' id='word_1_525' title='bbox 717 3679 780 3730; x_wconf 75' lang='grc' dir='ltr'>σὺ</span> <span class='ocrx_word' id='word_1_526' title='bbox 805 3678 861 3730; x_wconf 83' lang='grc' dir='ltr'>δὲ</span> <span class='ocrx_word' id='word_1_527' title='bbox 889 3679 1050 3746; x_wconf 75' lang='grc' dir='ltr'>μόνον</span> <span class='ocrx_word' id='word_1_528' title='bbox 1090 3679 1215 3747; x_wconf 73' lang='grc' dir='ltr'>ἐμοὶ</span> <span class='ocrx_word' id='word_1_529' title='bbox 1242 3679 1333 3730; x_wconf 74' lang='grc' dir='ltr'>τὸν</span> <span class='ocrx_word' id='word_1_530' title='bbox 1361 3680 1541 3748; x_wconf 82' lang='grc' dir='ltr'>γάμον</span> <span class='ocrx_word' id='word_1_531' title='bbox 1580 3681 1672 3732; x_wconf 73' lang='grc' dir='ltr'><strong>τὸν</strong></span> <span class='ocrx_word' id='word_1_532' title='bbox 1713 3681 1808 3733; x_wconf 67' lang='grc' dir='ltr'><strong>σὸν</strong></span> 
     </span>
    </p>
   </div>
   <div class='ocr_carea' id='block_1_69' title="bbox 1825 3674 3491 3748">
    <p class='ocr_par' dir='ltr' id='par_1_69' title="bbox 1912 3676 3491 3747">
     <span class='ocr_line' id='line_1_69' title="bbox 1912 3676 3491 3747; baseline 0 -15"><span class='ocrx_word' id='word_1_533' title='bbox 1912 3680 2085 3733; x_wconf 84' lang='lat' dir='ltr'><strong>solum</strong></span> <span class='ocrx_word' id='word_1_534' title='bbox 2122 3680 2253 3731; x_wconf 89' lang='lat' dir='ltr'><strong>mihi</strong></span> <span class='ocrx_word' id='word_1_535' title='bbox 2281 3692 2459 3731; x_wconf 85' lang='lat' dir='ltr'><strong>annue</strong></span> <span class='ocrx_word' id='word_1_536' title='bbox 2487 3678 2725 3746; x_wconf 87' lang='lat' dir='ltr'><strong>nuptias.</strong></span> <span class='ocrx_word' id='word_1_537' title='bbox 2753 3676 2832 3729; x_wconf 82' lang='lat' dir='ltr'><strong>Ad</strong></span> <span class='ocrx_word' id='word_1_538' title='bbox 2863 3678 2979 3731; x_wconf 69' lang='lat' dir='ltr'><strong>haec</strong></span> <span class='ocrx_word' id='word_1_539' title='bbox 3011 3690 3217 3747; x_wconf 89' lang='lat' dir='ltr'><strong>martyr</strong></span> <span class='ocrx_word' id='word_1_540' title='bbox 3242 3677 3445 3732; x_wconf 86' lang='lat' dir='ltr'><strong>Christi</strong></span> <span class='ocrx_word' id='word_1_541' title='bbox 3477 3695 3491 3731; x_wconf 93' lang='lat'><strong>:</strong></span> 
     </span>
    </p>
   </div>
   <div class='ocr_carea' id='block_1_70' title="bbox 214 3767 1880 3842">
    <p class='ocr_par' dir='ltr' id='par_1_70' title="bbox 214 3767 1806 3839">
     <span class='ocr_line' id='line_1_70' title="bbox 214 3767 1806 3839; baseline 0.001 -20"><span class='ocrx_word' id='word_1_542' title='bbox 214 3768 525 3819; x_wconf 79' lang='grc' dir='ltr'>ἐπίνευσον.</span> <span class='ocrx_word' id='word_1_543' title='bbox 568 3768 710 3837; x_wconf 77' lang='grc' dir='ltr'>ιΙρδς</span> <span class='ocrx_word' id='word_1_544' title='bbox 740 3767 912 3820; x_wconf 85' lang='grc' dir='ltr'>ταῦτα</span> <span class='ocrx_word' id='word_1_545' title='bbox 942 3769 973 3838; x_wconf 73' lang='grc' dir='ltr'><strong>ἠ</strong></span> <span class='ocrx_word' id='word_1_546' title='bbox 1001 3767 1094 3820; x_wconf 84' lang='grc' dir='ltr'><strong>τοῦ</strong></span> <span class='ocrx_word' id='word_1_547' title='bbox 1122 3768 1364 3838; x_wconf 83' lang='grc' dir='ltr'>Χριστοῦ</span> <span class='ocrx_word' id='word_1_548' title='bbox 1400 3769 1636 3839; x_wconf 79' lang='grc' dir='ltr'>μάρτυς,</span> <span class='ocrx_word' id='word_1_549' title='bbox 1669 3767 1806 3822; x_wconf 79' lang='grc' dir='ltr'>Οὔτε</span> 
     </span>
    </p>
   </div>
   <div class='ocr_carea' id='block_1_71' title="bbox 1825 3767 3491 3842">
    <p class='ocr_par' dir='ltr' id='par_1_71' title="bbox 1910 3772 3491 3842">
     <span class='ocr_line' id='line_1_71' title="bbox 1910 3772 3491 3842; baseline -0.003 -14"><span class='ocrx_word' id='word_1_550' title='bbox 1910 3774 2098 3842; x_wconf 73' lang='lat' dir='ltr'><strong>Neque</strong></span> <span class='ocrx_word' id='word_1_551' title='bbox 2133 3773 2236 3825; x_wconf 85' lang='lat' dir='ltr'><strong>ulla</strong></span> <span class='ocrx_word' id='word_1_552' title='bbox 2279 3789 2395 3837; x_wconf 89' lang='lat' dir='ltr'><strong>nos,</strong></span> <span class='ocrx_word' id='word_1_553' title='bbox 2452 3772 2649 3841; x_wconf 87' lang='lat' dir='ltr'><strong>inquit,</strong></span> <span class='ocrx_word' id='word_1_554' title='bbox 2680 3772 2879 3835; x_wconf 83' lang='lat' dir='ltr'><strong>oratio,</strong></span> <span class='ocrx_word' id='word_1_555' title='bbox 2925 3787 3103 3842; x_wconf 81' lang='lat' dir='ltr'><strong>neque</strong></span> <span class='ocrx_word' id='word_1_556' title='bbox 3138 3781 3491 3834; x_wconf 87' lang='lat' dir='ltr'><strong>tormentum,</strong></span> 
     </span>
    </p>
   </div>
   <div class='ocr_carea' id='block_1_72' title="bbox 213 3858 1879 3932">
    <p class='ocr_par' dir='ltr' id='par_1_72' title="bbox 213 3858 1807 3930">
     <span class='ocr_line' id='line_1_72' title="bbox 213 3858 1807 3930; baseline 0.002 -19"><span class='ocrx_word' id='word_1_557' title='bbox 213 3858 375 3926; x_wconf 85' lang='grc' dir='ltr'>λόγος</span> <span class='ocrx_word' id='word_1_558' title='bbox 408 3861 573 3928; x_wconf 75' lang='grc' dir='ltr'>ἡμᾶς,</span> <span class='ocrx_word' id='word_1_559' title='bbox 609 3861 736 3927; x_wconf 62' lang='grc' dir='ltr'>ἔφη,</span> <span class='ocrx_word' id='word_1_560' title='bbox 768 3861 849 3923; x_wconf 76' lang='grc' dir='ltr'>τὶς</span> <span class='ocrx_word' id='word_1_561' title='bbox 896 3860 1016 3914; x_wconf 74' lang='grc' dir='ltr'>οὔτε</span> <span class='ocrx_word' id='word_1_562' title='bbox 1048 3860 1303 3930; x_wconf 72' lang='grc' dir='ltr'>βάσχνος,</span> <span class='ocrx_word' id='word_1_563' title='bbox 1359 3862 1458 3912; x_wconf 70' lang='grc' dir='ltr'>οὐκ</span> <span class='ocrx_word' id='word_1_564' title='bbox 1498 3863 1657 3923; x_wconf 67' lang='grc' dir='ltr'>αὐτὸς</span> <span class='ocrx_word' id='word_1_565' title='bbox 1690 3861 1754 3914; x_wconf 84' lang='grc' dir='ltr'>ἂν</span> <span class='ocrx_word' id='word_1_566' title='bbox 1779 3862 1807 3914; x_wconf 90' lang='lat'><strong>6</strong></span> 
     </span>
    </p>
   </div>
   <div class='ocr_carea' id='block_1_73' title="bbox 1828 3858 3494 3932">
    <p class='ocr_par' dir='ltr' id='par_1_73' title="bbox 1911 3863 3494 3932">
     <span class='ocr_line' id='line_1_73' title="bbox 1911 3863 3494 3932; baseline 0 -15"><span class='ocrx_word' id='word_1_567' title='bbox 1911 3880 2014 3917; x_wconf 88' lang='lat' dir='ltr'><strong>non</strong></span> <span class='ocrx_word' id='word_1_568' title='bbox 2050 3866 2160 3932; x_wconf 86' lang='lat' dir='ltr'><strong>ipsa</strong></span> <span class='ocrx_word' id='word_1_569' title='bbox 2203 3864 2438 3931; x_wconf 90' lang='lat' dir='ltr'><strong>denique</strong></span> <span class='ocrx_word' id='word_1_570' title='bbox 2490 3878 2637 3916; x_wconf 87' lang='lat' dir='ltr'><strong>mors</strong></span> <span class='ocrx_word' id='word_1_571' title='bbox 2699 3864 3035 3928; x_wconf 87' lang='lat' dir='ltr'><strong>persuaserit</strong></span> <span class='ocrx_word' id='word_1_572' title='bbox 3059 3864 3152 3915; x_wconf 88' lang='lat' dir='ltr'><strong>tibi</strong></span> <span class='ocrx_word' id='word_1_573' title='bbox 3180 3863 3331 3930; x_wconf 88' lang='lat' dir='ltr'><strong>prius</strong></span> <span class='ocrx_word' id='word_1_574' title='bbox 3359 3878 3494 3917; x_wconf 86' lang='lat' dir='ltr'><strong>con-</strong></span> 
     </span>
    </p>
   </div>
   <div class='ocr_carea' id='block_1_74' title="bbox 214 3951 1880 4025">
    <p class='ocr_par' dir='ltr' id='par_1_74' title="bbox 214 3951 1806 4025">
     <span class='ocr_line' id='line_1_74' title="bbox 214 3951 1806 4025; baseline 0 -20"><span class='ocrx_word' id='word_1_575' title='bbox 214 3951 449 4013; x_wconf 76' lang='grc' dir='ltr'>θάνατος</span> <span class='ocrx_word' id='word_1_576' title='bbox 482 3952 734 4014; x_wconf 80' lang='grc' dir='ltr'>πείσωσι,</span> <span class='ocrx_word' id='word_1_577' title='bbox 764 3954 1031 4023; x_wconf 88' lang='grc' dir='ltr'>πρότερον</span> <span class='ocrx_word' id='word_1_578' title='bbox 1069 3953 1406 4023; x_wconf 78' lang='grc' dir='ltr'>συναφθῆναί</span> <span class='ocrx_word' id='word_1_579' title='bbox 1440 3970 1519 4005; x_wconf 92' lang='grc' dir='ltr'><strong>σοι</strong></span> <span class='ocrx_word' id='word_1_580' title='bbox 1559 3953 1591 4025; x_wconf 76' lang='grc' dir='ltr'>ἢ</span> <span class='ocrx_word' id='word_1_581' title='bbox 1627 3954 1716 4005; x_wconf 72' lang='grc' dir='ltr'>καὶ</span> <span class='ocrx_word' id='word_1_582' title='bbox 1746 3954 1806 4007; x_wconf 80' lang='grc' dir='ltr'>σὲ</span> 
     </span>
    </p>
   </div>
   <div class='ocr_carea' id='block_1_75' title="bbox 1824 3951 3490 4025">
    <p class='ocr_par' dir='ltr' id='par_1_75' title="bbox 1903 3954 3490 4025">
     <span class='ocr_line' id='line_1_75' title="bbox 1903 3954 3490 4025; baseline -0.002 -17"><span class='ocrx_word' id='word_1_583' title='bbox 1903 3956 2081 4025; x_wconf 86' lang='lat' dir='ltr'><strong>jungi,</strong></span> <span class='ocrx_word' id='word_1_584' title='bbox 2122 3972 2283 4025; x_wconf 90' lang='lat' dir='ltr'><strong>quam</strong></span> <span class='ocrx_word' id='word_1_585' title='bbox 2337 3967 2389 4009; x_wconf 95' lang='lat' dir='ltr'><strong>tu</strong></span> <span class='ocrx_word' id='word_1_586' title='bbox 2422 3955 2600 4009; x_wconf 78' lang='lat' dir='ltr'><strong>factus</strong></span> <span class='ocrx_word' id='word_1_587' title='bbox 2626 3954 2797 4010; x_wconf 77' lang='lat' dir='ltr'><strong>fueris</strong></span> <span class='ocrx_word' id='word_1_588' title='bbox 2824 3957 2926 4009; x_wconf 85' lang='lat' dir='ltr'><strong>mei</strong></span> <span class='ocrx_word' id='word_1_589' title='bbox 2985 3954 3191 4009; x_wconf 86' lang='lat' dir='ltr'><strong>Christi</strong></span> <span class='ocrx_word' id='word_1_590' title='bbox 3231 3957 3490 4023; x_wconf 88' lang='lat' dir='ltr'><strong>partium,</strong></span> 
     </span>
    </p>
   </div>
   <div class='ocr_carea' id='block_1_76' title="bbox 216 4043 1882 4118">
    <p class='ocr_par' dir='ltr' id='par_1_76' title="bbox 216 4043 1804 4117">
     <span class='ocr_line' id='line_1_76' title="bbox 216 4043 1804 4117; baseline 0.001 -21"><span class='ocrx_word' id='word_1_591' title='bbox 216 4045 316 4113; x_wconf 82' lang='grc' dir='ltr'><strong>τῆς</strong></span> <span class='ocrx_word' id='word_1_592' title='bbox 355 4043 448 4096; x_wconf 89' lang='grc' dir='ltr'><strong>τοῦ</strong></span> <span class='ocrx_word' id='word_1_593' title='bbox 484 4044 617 4113; x_wconf 83' lang='grc' dir='ltr'>ἐμοῦ</span> <span class='ocrx_word' id='word_1_594' title='bbox 648 4044 886 4114; x_wconf 71' lang='grc' dir='ltr'>Χριστοῦ</span> <span class='ocrx_word' id='word_1_595' title='bbox 912 4045 1167 4112; x_wconf 80' lang='grc' dir='ltr'>γενέσθαι</span> <span class='ocrx_word' id='word_1_596' title='bbox 1196 4045 1414 4116; x_wconf 85' lang='grc' dir='ltr'>μερίδος</span> <span class='ocrx_word' id='word_1_597' title='bbox 1446 4048 1543 4099; x_wconf 73' lang='grc' dir='ltr'>καὶ</span> <span class='ocrx_word' id='word_1_598' title='bbox 1572 4046 1649 4116; x_wconf 80' lang='grc' dir='ltr'>τῷ</span> <span class='ocrx_word' id='word_1_599' title='bbox 1672 4047 1804 4117; x_wconf 80' lang='grc' dir='ltr'>θείῳ</span> 
     </span>
    </p>
   </div>
   <div class='ocr_carea' id='block_1_77' title="bbox 1827 4043 3493 4118">
    <p class='ocr_par' dir='ltr' id='par_1_77' title="bbox 1908 4048 3493 4118">
     <span class='ocr_line' id='line_1_77' title="bbox 1908 4048 3493 4118; baseline 0.001 -16"><span class='ocrx_word' id='word_1_600' title='bbox 1908 4060 1955 4102; x_wconf 90' lang='lat' dir='ltr'><strong>et</strong></span> <span class='ocrx_word' id='word_1_601' title='bbox 1984 4058 2397 4102; x_wconf 86' lang='lat' dir='ltr'><strong>consummatus</strong></span> <span class='ocrx_word' id='word_1_602' title='bbox 2417 4048 2584 4101; x_wconf 81' lang='lat' dir='ltr'><strong>lueris</strong></span> <span class='ocrx_word' id='word_1_603' title='bbox 2627 4051 2747 4118; x_wconf 86' lang='lat' dir='ltr'><strong>ejus</strong></span> <span class='ocrx_word' id='word_1_604' title='bbox 2788 4048 2968 4102; x_wconf 85' lang='lat' dir='ltr'><strong>divino</strong></span> <span class='ocrx_word' id='word_1_605' title='bbox 3006 4049 3351 4116; x_wconf 87' lang='lat' dir='ltr'><strong>baptismate.</strong></span> <span class='ocrx_word' id='word_1_606' title='bbox 3386 4050 3493 4103; x_wconf 86' lang='lat' dir='ltr'><strong>Sed</strong></span> 
     </span>
    </p>
   </div>
   <div class='ocr_carea' id='block_1_78' title="bbox 212 4133 1878 4207">
    <p class='ocr_par' dir='ltr' id='par_1_78' title="bbox 212 4133 1804 4203">
     <span class='ocr_line' id='line_1_78' title="bbox 212 4133 1804 4203; baseline 0.002 -17"><span class='ocrx_word' id='word_1_607' title='bbox 212 4133 382 4186; x_wconf 67' lang='grc' dir='ltr'>αὐτοῦ</span> <span class='ocrx_word' id='word_1_608' title='bbox 426 4134 779 4202; x_wconf 72' lang='grc' dir='ltr'>τελειωθῆναι</span> <span class='ocrx_word' id='word_1_609' title='bbox 808 4133 1170 4203; x_wconf 77' lang='grc' dir='ltr'>βαπτίσματι.</span> <span class='ocrx_word' id='word_1_610' title='bbox 1220 4134 1382 4187; x_wconf 78' lang='grc' dir='ltr'><strong>Ἀλλὰ</strong></span> <span class='ocrx_word' id='word_1_611' title='bbox 1428 4136 1707 4188; x_wconf 73' lang='grc' dir='ltr'>καὶτοῦτο</span> <span class='ocrx_word' id='word_1_612' title='bbox 1738 4137 1804 4189; x_wconf 88' lang='grc' dir='ltr'>ἂν</span> 
     </span>
    </p>
   </div>
   <div class='ocr_carea' id='block_1_79' title="bbox 1829 4133 3495 4207">
    <p class='ocr_par' dir='ltr' id='par_1_79' title="bbox 1908 4136 3495 4207">
     <span class='ocr_line' id='line_1_79' title="bbox 1908 4136 3495 4207; baseline 0.003 -18"><span class='ocrx_word' id='word_1_613' title='bbox 1908 4138 2014 4189; x_wconf 90' lang='lat' dir='ltr'><strong>hoc</strong></span> <span class='ocrx_word' id='word_1_614' title='bbox 2050 4152 2266 4204; x_wconf 90' lang='lat' dir='ltr'><strong>quoque</strong></span> <span class='ocrx_word' id='word_1_615' title='bbox 2298 4136 2623 4203; x_wconf 81' lang='lat' dir='ltr'><strong>faceremus,</strong></span> <span class='ocrx_word' id='word_1_616' title='bbox 2682 4152 2715 4191; x_wconf 90' lang='grc' dir='ltr'><strong>ο</strong></span> <span class='ocrx_word' id='word_1_617' title='bbox 2750 4139 3097 4201; x_wconf 86' lang='lat' dir='ltr'><strong>charissima,</strong></span> <span class='ocrx_word' id='word_1_618' title='bbox 3132 4140 3303 4207; x_wconf 89' lang='lat' dir='ltr'><strong>inquit</strong></span> <span class='ocrx_word' id='word_1_619' title='bbox 3356 4155 3495 4207; x_wconf 73' lang='lat' dir='ltr'><strong>prae-</strong></span> 
     </span>
    </p>
   </div>
   <div class='ocr_carea' id='block_1_80' title="bbox 210 4225 1876 4299">
    <p class='ocr_par' dir='ltr' id='par_1_80' title="bbox 210 4225 1803 4299">
     <span class='ocr_line' id='line_1_80' title="bbox 210 4225 1803 4299; baseline 0.002 -21"><span class='ocrx_word' id='word_1_620' title='bbox 210 4225 560 4295; x_wconf 72' lang='grc' dir='ltr'>ἐπραξάμην,</span> <span class='ocrx_word' id='word_1_621' title='bbox 597 4227 850 4294; x_wconf 74' lang='grc' dir='ltr'>φιλτάτη,</span> <span class='ocrx_word' id='word_1_622' title='bbox 888 4230 1055 4297; x_wconf 77' lang='grc' dir='ltr'>φησὶν</span> <span class='ocrx_word' id='word_1_623' title='bbox 1086 4230 1113 4279; x_wconf 92' lang='lat'><strong>6</strong></span> <span class='ocrx_word' id='word_1_624' title='bbox 1142 4226 1400 4299; x_wconf 77' lang='grc' dir='ltr'>ἔπαρχος,</span> <span class='ocrx_word' id='word_1_625' title='bbox 1432 4231 1479 4280; x_wconf 83' lang='grc' dir='ltr'><strong>εί</strong></span> <span class='ocrx_word' id='word_1_626' title='bbox 1517 4228 1591 4298; x_wconf 77' lang='grc' dir='ltr'>μὴ</span> <span class='ocrx_word' id='word_1_627' title='bbox 1632 4228 1803 4298; x_wconf 78' lang='grc' dir='ltr'>βαρὺς</span> 
     </span>
    </p>
   </div>
   <div class='ocr_carea' id='block_1_81' title="bbox 1824 4225 3490 4299">
    <p class='ocr_par' dir='ltr' id='par_1_81' title="bbox 1907 4228 3490 4297">
     <span class='ocr_line' id='line_1_81' title="bbox 1907 4228 3490 4297; baseline 0.001 -15"><span class='ocrx_word' id='word_1_628' title='bbox 1907 4230 2100 4293; x_wconf 75' lang='lat' dir='ltr'><strong>fectus,</strong></span> <span class='ocrx_word' id='word_1_629' title='bbox 2135 4229 2235 4281; x_wconf 89' lang='lat' dir='ltr'><strong>nisi</strong></span> <span class='ocrx_word' id='word_1_630' title='bbox 2269 4244 2434 4297; x_wconf 87' lang='lat' dir='ltr'><strong>grave</strong></span> <span class='ocrx_word' id='word_1_631' title='bbox 2466 4228 2533 4281; x_wconf 85' lang='lat' dir='ltr'><strong>ab</strong></span> <span class='ocrx_word' id='word_1_632' title='bbox 2586 4229 2917 4296; x_wconf 84' lang='lat' dir='ltr'><strong>imperatore</strong></span> <span class='ocrx_word' id='word_1_633' title='bbox 2973 4231 3127 4284; x_wconf 89' lang='lat' dir='ltr'><strong>nobis</strong></span> <span class='ocrx_word' id='word_1_634' title='bbox 3182 4231 3490 4284; x_wconf 88' lang='lat' dir='ltr'><strong>immineret</strong></span> 
     </span>
    </p>
   </div>
   <div class='ocr_carea' id='block_1_82' title="bbox 210 4319 1876 4390">
    <p class='ocr_par' dir='ltr' id='par_1_82' title="bbox 210 4320 1803 4390">
     <span class='ocr_line' id='line_1_82' title="bbox 210 4320 1803 4390; baseline 0 -19"><span class='ocrx_word' id='word_1_635' title='bbox 210 4321 347 4389; x_wconf 79' lang='grc' dir='ltr'>ἡμῖν</span> <span class='ocrx_word' id='word_1_636' title='bbox 384 4325 445 4371; x_wconf 78' lang='grc' dir='ltr'><strong>ἐκ</strong></span> <span class='ocrx_word' id='word_1_637' title='bbox 478 4320 572 4371; x_wconf 85' lang='grc' dir='ltr'><strong>τοῦ</strong></span> <span class='ocrx_word' id='word_1_638' title='bbox 605 4320 930 4389; x_wconf 78' lang='grc' dir='ltr'>κρατοῦντος</span> <span class='ocrx_word' id='word_1_639' title='bbox 974 4320 1258 4390; x_wconf 84' lang='grc' dir='ltr'>ἐπήρτητο</span> <span class='ocrx_word' id='word_1_640' title='bbox 1298 4320 1561 4383; x_wconf 86' lang='grc' dir='ltr'>κίνδυνος.</span> <span class='ocrx_word' id='word_1_641' title='bbox 1601 4322 1662 4373; x_wconf 80' lang='lat' dir='ltr'><strong>Ei</strong></span> <span class='ocrx_word' id='word_1_642' title='bbox 1693 4322 1803 4390; x_wconf 87' lang='grc' dir='ltr'><strong>γάρ</strong></span> 
     </span>
    </p>
   </div>
   <div class='ocr_carea' id='block_1_83' title="bbox 1820 4319 3486 4390">
    <p class='ocr_par' dir='ltr' id='par_1_83' title="bbox 1906 4319 3486 4388">
     <span class='ocr_line' id='line_1_83' title="bbox 1906 4319 3486 4388; baseline 0.001 -17"><span class='ocrx_word' id='word_1_643' title='bbox 1906 4320 2228 4387; x_wconf 89' lang='lat' dir='ltr'><strong>periculum.</strong></span> <span class='ocrx_word' id='word_1_644' title='bbox 2260 4321 2317 4372; x_wconf 75' lang='lat' dir='ltr'><strong>Si</strong></span> <span class='ocrx_word' id='word_1_645' title='bbox 2362 4320 2505 4373; x_wconf 89' lang='lat' dir='ltr'><strong>enim</strong></span> <span class='ocrx_word' id='word_1_646' title='bbox 2546 4319 2648 4373; x_wconf 84' lang='lat' dir='ltr'><strong>tale</strong></span> <span class='ocrx_word' id='word_1_647' title='bbox 2696 4321 2823 4388; x_wconf 90' lang='lat' dir='ltr'><strong>quid</strong></span> <span class='ocrx_word' id='word_1_648' title='bbox 2879 4321 3062 4374; x_wconf 88' lang='lat' dir='ltr'><strong>veniat</strong></span> <span class='ocrx_word' id='word_1_649' title='bbox 3124 4323 3189 4374; x_wconf 89' lang='lat' dir='ltr'><strong>ad</strong></span> <span class='ocrx_word' id='word_1_650' title='bbox 3242 4322 3486 4375; x_wconf 84' lang='lat' dir='ltr'><strong>notitiam</strong></span> 
     </span>
    </p>
   </div>
   <div class='ocr_carea' id='block_1_84' title="bbox 212 4409 1878 4484">
    <p class='ocr_par' dir='ltr' id='par_1_84' title="bbox 212 4411 1801 4484">
     <span class='ocr_line' id='line_1_84' title="bbox 212 4411 1801 4484; baseline -0.001 -18"><span class='ocrx_word' id='word_1_651' title='bbox 212 4431 267 4466; x_wconf 77' lang='grc' dir='ltr'><strong>τι</strong></span> <span class='ocrx_word' id='word_1_652' title='bbox 303 4411 545 4465; x_wconf 84' lang='grc' dir='ltr'>τοιοῦτον</span> <span class='ocrx_word' id='word_1_653' title='bbox 587 4414 663 4475; x_wconf 84' lang='grc' dir='ltr'><strong>είς</strong></span> <span class='ocrx_word' id='word_1_654' title='bbox 713 4413 915 4480; x_wconf 81' lang='grc' dir='ltr'>γνῶσιν</span> <span class='ocrx_word' id='word_1_655' title='bbox 954 4412 1097 4465; x_wconf 75' lang='grc' dir='ltr'>ἔλθοι</span> <span class='ocrx_word' id='word_1_656' title='bbox 1129 4414 1207 4484; x_wconf 81' lang='grc' dir='ltr'>τῷ</span> <span class='ocrx_word' id='word_1_657' title='bbox 1258 4413 1489 4483; x_wconf 80' lang='grc' dir='ltr'>βασιλεῖ.</span> <span class='ocrx_word' id='word_1_658' title='bbox 1540 4415 1599 4465; x_wconf 84' lang='grc' dir='ltr'><strong>ού</strong></span> <span class='ocrx_word' id='word_1_659' title='bbox 1634 4416 1801 4483; x_wconf 86' lang='grc' dir='ltr'>τιμῆς</span> 
     </span>
    </p>
   </div>
   <div class='ocr_carea' id='block_1_85' title="bbox 1818 4409 3484 4484">
    <p class='ocr_par' dir='ltr' id='par_1_85' title="bbox 1904 4409 3484 4480">
     <span class='ocr_line' id='line_1_85' title="bbox 1904 4409 3484 4480; baseline 0.003 -18"><span class='ocrx_word' id='word_1_660' title='bbox 1904 4409 2277 4478; x_wconf 88' lang='lat' dir='ltr'><strong>imperatoris,</strong></span> <span class='ocrx_word' id='word_1_661' title='bbox 2305 4424 2411 4463; x_wconf 89' lang='lat' dir='ltr'><strong>non</strong></span> <span class='ocrx_word' id='word_1_662' title='bbox 2457 4412 2632 4463; x_wconf 85' lang='lat' dir='ltr'><strong>solum</strong></span> <span class='ocrx_word' id='word_1_663' title='bbox 2689 4412 2919 4477; x_wconf 77' lang='lat' dir='ltr'><strong>honore,</strong></span> <span class='ocrx_word' id='word_1_664' title='bbox 2951 4416 3043 4466; x_wconf 89' lang='lat' dir='ltr'><strong>sed</strong></span> <span class='ocrx_word' id='word_1_665' title='bbox 3074 4428 3195 4467; x_wconf 91' lang='lat' dir='ltr'><strong>cum</strong></span> <span class='ocrx_word' id='word_1_666' title='bbox 3230 4412 3347 4480; x_wconf 89' lang='lat' dir='ltr'><strong>ipso</strong></span> <span class='ocrx_word' id='word_1_667' title='bbox 3380 4413 3484 4466; x_wconf 71' lang='lat' dir='ltr'><strong>vita</strong></span> 
     </span>
    </p>
   </div>
   <div class='ocr_carea' id='block_1_86' title="bbox 212 4501 1878 4576">
    <p class='ocr_par' dir='ltr' id='par_1_86' title="bbox 212 4501 1795 4576">
     <span class='ocr_line' id='line_1_86' title="bbox 212 4501 1795 4576; baseline 0.003 -22"><span class='ocrx_word' id='word_1_668' title='bbox 212 4504 400 4571; x_wconf 78' lang='grc' dir='ltr'>μόνον,</span> <span class='ocrx_word' id='word_1_669' title='bbox 434 4502 567 4554; x_wconf 67' lang='grc' dir='ltr'>ἀλλὰ</span> <span class='ocrx_word' id='word_1_670' title='bbox 601 4505 697 4555; x_wconf 74' lang='grc' dir='ltr'>σὺν</span> <span class='ocrx_word' id='word_1_671' title='bbox 729 4504 863 4573; x_wconf 81' lang='grc' dir='ltr'>αὐτῇ</span> <span class='ocrx_word' id='word_1_672' title='bbox 900 4506 1153 4572; x_wconf 77' lang='grc' dir='ltr'>στερήσει</span> <span class='ocrx_word' id='word_1_673' title='bbox 1188 4505 1398 4574; x_wconf 74' lang='grc' dir='ltr'>καὶτῆς</span> <span class='ocrx_word' id='word_1_674' title='bbox 1434 4505 1579 4576; x_wconf 80' lang='grc' dir='ltr'>ζωῆς</span> <span class='ocrx_word' id='word_1_675' title='bbox 1610 4522 1623 4535; x_wconf 76' lang='grc' dir='ltr'><strong>ο</strong></span> <span class='ocrx_word' id='word_1_676' title='bbox 1655 4501 1795 4572; x_wconf 75' lang='grc' dir='ltr'>εἶτα,</span> 
     </span>
    </p>
   </div>
   <div class='ocr_carea' id='block_1_87' title="bbox 1819 4501 3485 4576">
    <p class='ocr_par' dir='ltr' id='par_1_87' title="bbox 1904 4505 3485 4575">
     <span class='ocr_line' id='line_1_87' title="bbox 1904 4505 3485 4575; baseline 0.003 -20"><span class='ocrx_word' id='word_1_677' title='bbox 1904 4519 2121 4573; x_wconf 90' lang='lat' dir='ltr'><strong>quoque</strong></span> <span class='ocrx_word' id='word_1_678' title='bbox 2147 4505 2400 4573; x_wconf 85' lang='lat' dir='ltr'><strong>privabit.</strong></span> <span class='ocrx_word' id='word_1_679' title='bbox 2438 4505 2641 4558; x_wconf 81' lang='lat' dir='ltr'><strong>Deinde</strong></span> <span class='ocrx_word' id='word_1_680' title='bbox 2675 4516 2725 4557; x_wconf 92' lang='lat' dir='ltr'><strong>tu</strong></span> <span class='ocrx_word' id='word_1_681' title='bbox 2758 4506 2996 4572; x_wconf 89' lang='lat' dir='ltr'><strong>quidetn,</strong></span> <span class='ocrx_word' id='word_1_682' title='bbox 3019 4506 3195 4574; x_wconf 89' lang='lat' dir='ltr'><strong>inquit</strong></span> <span class='ocrx_word' id='word_1_683' title='bbox 3223 4507 3312 4558; x_wconf 89' lang='lat' dir='ltr'><strong>illa</strong></span> <span class='ocrx_word' id='word_1_684' title='bbox 3337 4506 3485 4575; x_wconf 74' lang='lat' dir='ltr'><strong>virgo</strong></span> 
     </span>
    </p>
   </div>
   <div class='ocr_carea' id='block_1_88' title="bbox 209 4595 1875 4686">
    <p class='ocr_par' dir='ltr' id='par_1_88' title="bbox 209 4595 1875 4686">
     <span class='ocr_line' id='line_1_88' title="bbox 209 4595 1875 4686; baseline 0.003 -40"><span class='ocrx_word' id='word_1_685' title='bbox 209 4596 284 4647; x_wconf 67' lang='grc' dir='ltr'>Σ)</span> <span class='ocrx_word' id='word_1_686' title='bbox 324 4595 442 4664; x_wconf 85' lang='grc' dir='ltr'>μὲν,</span> <span class='ocrx_word' id='word_1_687' title='bbox 481 4597 510 4664; x_wconf 79' lang='grc' dir='ltr'><strong>ἡ</strong></span> <span class='ocrx_word' id='word_1_688' title='bbox 541 4596 758 4663; x_wconf 81' lang='grc' dir='ltr'>γενναία</span> <span class='ocrx_word' id='word_1_689' title='bbox 783 4596 909 4665; x_wconf 73' lang='grc' dir='ltr'>ἔφη,</span> <span class='ocrx_word' id='word_1_690' title='bbox 946 4597 1036 4649; x_wconf 80' lang='grc' dir='ltr'>τὸν</span> <span class='ocrx_word' id='word_1_691' title='bbox 1069 4596 1260 4667; x_wconf 75' lang='grc' dir='ltr'>Θνητὸν</span> <span class='ocrx_word' id='word_1_692' title='bbox 1290 4597 1481 4649; x_wconf 86' lang='grc' dir='ltr'>τοῦτον</span> <span class='ocrx_word' id='word_1_693' title='bbox 1505 4599 1598 4650; x_wconf 71' lang='grc' dir='ltr'>καὶ</span> <span class='ocrx_word' id='word_1_694' title='bbox 1628 4601 1797 4668; x_wconf 74' lang='grc' dir='ltr'><strong>προσ·⁹</strong></span> <span class='ocrx_word' id='word_1_695' title='bbox 1826 4627 1875 4686; x_wconf 79' lang='lat' dir='ltr'><strong>D</strong></span> 
     </span>
    </p>
   </div>
   <div class='ocr_carea' id='block_1_89' title="bbox 1818 4595 3484 4686">
    <p class='ocr_par' dir='ltr' id='par_1_89' title="bbox 1826 4596 3484 4686">
     <span class='ocr_line' id='line_1_89' title="bbox 1826 4596 3484 4686; baseline 0.002 -40"><span class='ocrx_word' id='word_1_696' title='bbox 1826 4627 1877 4686; x_wconf 67' lang='grc' dir='ltr'>Β</span> <span class='ocrx_word' id='word_1_697' title='bbox 1908 4597 2189 4665; x_wconf 67' lang='grc' dir='ltr'>ριωοΙίιτει,</span> <span class='ocrx_word' id='word_1_698' title='bbox 2220 4598 2362 4650; x_wconf 90' lang='lat' dir='ltr'><strong>hunc</strong></span> <span class='ocrx_word' id='word_1_699' title='bbox 2416 4596 2725 4659; x_wconf 83' lang='lat' dir='ltr'><strong>mortalem,</strong></span> <span class='ocrx_word' id='word_1_700' title='bbox 2756 4608 2810 4649; x_wconf 91' lang='lat' dir='ltr'><strong>et</strong></span> <span class='ocrx_word' id='word_1_701' title='bbox 2861 4598 2949 4665; x_wconf 93' lang='lat' dir='ltr'><strong>qui</strong></span> <span class='ocrx_word' id='word_1_702' title='bbox 3003 4607 3089 4650; x_wconf 91' lang='lat' dir='ltr'><strong>est</strong></span> <span class='ocrx_word' id='word_1_703' title='bbox 3124 4599 3189 4650; x_wconf 89' lang='lat' dir='ltr'><strong>ad</strong></span> <span class='ocrx_word' id='word_1_704' title='bbox 3245 4607 3484 4666; x_wconf 87' lang='lat' dir='ltr'><strong>tempus,</strong></span> 
     </span>
    </p>
   </div>
   <div class='ocr_carea' id='block_1_90' title="bbox 208 4687 1874 4759">
    <p class='ocr_par' dir='ltr' id='par_1_90' title="bbox 208 4687 1799 4759">
     <span class='ocr_line' id='line_1_90' title="bbox 208 4687 1799 4759; baseline 0.002 -19"><span class='ocrx_word' id='word_1_705' title='bbox 208 4704 403 4756; x_wconf 83' lang='grc' dir='ltr'>καιρον</span> <span class='ocrx_word' id='word_1_706' title='bbox 453 4688 679 4757; x_wconf 57' lang='grc' dir='ltr'>βασιλέα</span> <span class='ocrx_word' id='word_1_707' title='bbox 715 4688 806 4739; x_wconf 79' lang='grc' dir='ltr'><strong>καὶ</strong></span> <span class='ocrx_word' id='word_1_708' title='bbox 859 4687 1108 4757; x_wconf 84' lang='grc' dir='ltr'>σώματος</span> <span class='ocrx_word' id='word_1_709' title='bbox 1163 4689 1343 4757; x_wconf 86' lang='grc' dir='ltr'>μόνον,</span> <span class='ocrx_word' id='word_1_710' title='bbox 1377 4690 1490 4741; x_wconf 71' lang='grc' dir='ltr'>ἀλλ’</span> <span class='ocrx_word' id='word_1_711' title='bbox 1541 4692 1661 4759; x_wconf 77' lang='grc' dir='ltr'><strong>οὐχὶ</strong></span> <span class='ocrx_word' id='word_1_712' title='bbox 1709 4692 1799 4743; x_wconf 74' lang='grc' dir='ltr'>καὶ</span> 
     </span>
    </p>
   </div>
   <div class='ocr_carea' id='block_1_91' title="bbox 1818 4687 3484 4759">
    <p class='ocr_par' dir='ltr' id='par_1_91' title="bbox 1906 4688 3484 4757">
     <span class='ocr_line' id='line_1_91' title="bbox 1906 4688 3484 4757; baseline 0.003 -18"><span class='ocrx_word' id='word_1_713' title='bbox 1906 4704 2109 4756; x_wconf 75' lang='lat' dir='ltr'><strong>regem,</strong></span> <span class='ocrx_word' id='word_1_714' title='bbox 2150 4700 2203 4743; x_wconf 91' lang='lat' dir='ltr'><strong>et</strong></span> <span class='ocrx_word' id='word_1_715' title='bbox 2237 4688 2328 4755; x_wconf 88' lang='lat' dir='ltr'><strong>qui</strong></span> <span class='ocrx_word' id='word_1_716' title='bbox 2382 4699 2465 4742; x_wconf 81' lang='lat' dir='ltr'><strong>est</strong></span> <span class='ocrx_word' id='word_1_717' title='bbox 2499 4688 2756 4742; x_wconf 85' lang='lat' dir='ltr'><strong>deminus</strong></span> <span class='ocrx_word' id='word_1_718' title='bbox 2812 4697 3019 4742; x_wconf 85' lang='lat' dir='ltr'><strong>tantum</strong></span> <span class='ocrx_word' id='word_1_719' title='bbox 3068 4691 3337 4757; x_wconf 84' lang='lat' dir='ltr'><strong>corporis,</strong></span> <span class='ocrx_word' id='word_1_720' title='bbox 3381 4705 3484 4745; x_wconf 92' lang='lat' dir='ltr'><strong>non</strong></span> 
     </span>
    </p>
   </div>
   <div class='ocr_carea' id='block_1_92' title="bbox 204 4778 1870 4853">
    <p class='ocr_par' dir='ltr' id='par_1_92' title="bbox 204 4781 1800 4853">
     <span class='ocr_line' id='line_1_92' title="bbox 204 4781 1800 4853; baseline -0.001 -18"><span class='ocrx_word' id='word_1_721' title='bbox 204 4782 388 4853; x_wconf 57' lang='grc' dir='ltr'>ψυχῆς</span> <span class='ocrx_word' id='word_1_722' title='bbox 424 4784 624 4853; x_wconf 73' lang='grc' dir='ltr'>Κύριον</span> <span class='ocrx_word' id='word_1_723' title='bbox 658 4782 801 4836; x_wconf 79' lang='grc' dir='ltr'>οὕτω</span> <span class='ocrx_word' id='word_1_724' title='bbox 851 4785 1125 4852; x_wconf 76' lang='grc' dir='ltr'>φρίσσεις,</span> <span class='ocrx_word' id='word_1_725' title='bbox 1152 4782 1262 4851; x_wconf 85' lang='grc' dir='ltr'>ἐγὼ</span> <span class='ocrx_word' id='word_1_726' title='bbox 1308 4782 1361 4834; x_wconf 84' lang='grc' dir='ltr'>δὲ</span> <span class='ocrx_word' id='word_1_727' title='bbox 1413 4781 1503 4834; x_wconf 79' lang='grc' dir='ltr'>τὸν</span> <span class='ocrx_word' id='word_1_728' title='bbox 1534 4782 1800 4835; x_wconf 69' lang='grc' dir='ltr'>ἀθάνατον</span> 
     </span>
    </p>
   </div>
   <div class='ocr_carea' id='block_1_93' title="bbox 1818 4778 3484 4853">
    <p class='ocr_par' dir='ltr' id='par_1_93' title="bbox 1901 4778 3484 4848">
     <span class='ocr_line' id='line_1_93' title="bbox 1901 4778 3484 4848; baseline 0.001 -15"><span class='ocrx_word' id='word_1_729' title='bbox 1901 4780 2065 4833; x_wconf 88' lang='lat' dir='ltr'><strong>etiam</strong></span> <span class='ocrx_word' id='word_1_730' title='bbox 2120 4782 2334 4843; x_wconf 61' lang='lat' dir='ltr'><strong>animae,</strong></span> <span class='ocrx_word' id='word_1_731' title='bbox 2386 4778 2587 4833; x_wconf 79' lang='lat' dir='ltr'><strong>times?</strong></span> <span class='ocrx_word' id='word_1_732' title='bbox 2623 4795 2721 4848; x_wconf 88' lang='lat' dir='ltr'><strong>ego</strong></span> <span class='ocrx_word' id='word_1_733' title='bbox 2778 4790 2957 4833; x_wconf 90' lang='lat' dir='ltr'><strong>autem</strong></span> <span class='ocrx_word' id='word_1_734' title='bbox 3022 4780 3379 4833; x_wconf 82' lang='lat' dir='ltr'><strong>immortalem</strong></span> <span class='ocrx_word' id='word_1_735' title='bbox 3430 4791 3484 4838; x_wconf 90' lang='lat' dir='ltr'><strong>et</strong></span> 
     </span>
    </p>
   </div>
   <div class='ocr_carea' id='block_1_94' title="bbox 206 4872 1872 4945">
    <p class='ocr_par' dir='ltr' id='par_1_94' title="bbox 206 4874 1799 4945">
     <span class='ocr_line' id='line_1_94' title="bbox 206 4874 1799 4945; baseline -0.001 -16"><span class='ocrx_word' id='word_1_736' title='bbox 206 4878 308 4929; x_wconf 78' lang='grc' dir='ltr'>καὶ</span> <span class='ocrx_word' id='word_1_737' title='bbox 344 4878 561 4931; x_wconf 76' lang='grc' dir='ltr'>πάντων</span> <span class='ocrx_word' id='word_1_738' title='bbox 596 4876 694 4945; x_wconf 81' lang='grc' dir='ltr'>μὲν</span> <span class='ocrx_word' id='word_1_739' title='bbox 718 4876 985 4945; x_wconf 75' lang='grc' dir='ltr'>βασιλέων</span> <span class='ocrx_word' id='word_1_740' title='bbox 1014 4875 1313 4945; x_wconf 87' lang='grc' dir='ltr'>Δεσπότην,</span> <span class='ocrx_word' id='word_1_741' title='bbox 1343 4876 1522 4944; x_wconf 83' lang='grc' dir='ltr'>πάσης</span> <span class='ocrx_word' id='word_1_742' title='bbox 1546 4874 1601 4927; x_wconf 81' lang='grc' dir='ltr'>δὲ</span> <span class='ocrx_word' id='word_1_743' title='bbox 1632 4876 1799 4944; x_wconf 89' lang='grc' dir='ltr'>πνοῆς</span> 
     </span>
    </p>
   </div>
   <div class='ocr_carea' id='block_1_95' title="bbox 1820 4872 3486 4945">
    <p class='ocr_par' dir='ltr' id='par_1_95' title="bbox 1902 4872 3486 4940">
     <span class='ocr_line' id='line_1_95' title="bbox 1902 4872 3486 4940; baseline 0.003 -17"><span class='ocrx_word' id='word_1_744' title='bbox 1902 4872 2190 4925; x_wconf 88' lang='lat' dir='ltr'><strong>Dominum</strong></span> <span class='ocrx_word' id='word_1_745' title='bbox 2248 4872 2489 4925; x_wconf 89' lang='lat' dir='ltr'><strong>omniutu</strong></span> <span class='ocrx_word' id='word_1_746' title='bbox 2540 4887 2749 4939; x_wconf 77' lang='lat' dir='ltr'><strong>regum,</strong></span> <span class='ocrx_word' id='word_1_747' title='bbox 2780 4879 2833 4925; x_wconf 88' lang='lat' dir='ltr'><strong>et</strong></span> <span class='ocrx_word' id='word_1_748' title='bbox 2882 4872 2973 4940; x_wconf 91' lang='lat' dir='ltr'><strong>qui</strong></span> <span class='ocrx_word' id='word_1_749' title='bbox 3017 4872 3163 4924; x_wconf 79' lang='lat' dir='ltr'><strong>einui</strong></span> <span class='ocrx_word' id='word_1_750' title='bbox 3193 4873 3404 4940; x_wconf 87' lang='lat' dir='ltr'><strong>spiritui</strong></span> <span class='ocrx_word' id='word_1_751' title='bbox 3431 4882 3486 4929; x_wconf 85' lang='lat' dir='ltr'><strong>ct</strong></span> 
     </span>
    </p>
   </div>
   <div class='ocr_carea' id='block_1_96' title="bbox 206 4962 1872 5037">
    <p class='ocr_par' dir='ltr' id='par_1_96' title="bbox 206 4966 1797 5037">
     <span class='ocr_line' id='line_1_96' title="bbox 206 4966 1797 5037; baseline -0.003 -16"><span class='ocrx_word' id='word_1_752' title='bbox 206 4970 303 5021; x_wconf 76' lang='grc' dir='ltr'>καὶ</span> <span class='ocrx_word' id='word_1_753' title='bbox 336 4968 519 5036; x_wconf 67' lang='grc' dir='ltr'>ψυχῆς</span> <span class='ocrx_word' id='word_1_754' title='bbox 558 4968 883 5035; x_wconf 84' lang='grc' dir='ltr'>κυριεύοντα</span> <span class='ocrx_word' id='word_1_755' title='bbox 917 4968 1045 5037; x_wconf 85' lang='grc' dir='ltr'>παρ’</span> <span class='ocrx_word' id='word_1_756' title='bbox 1077 4966 1229 5019; x_wconf 81' lang='grc' dir='ltr'>οὐδὲν</span> <span class='ocrx_word' id='word_1_757' title='bbox 1271 4966 1509 5037; x_wconf 77' lang='grc' dir='ltr'>θήσομαι</span> <span class='ocrx_word' id='word_1_758' title='bbox 1549 4967 1644 5019; x_wconf 75' lang='grc' dir='ltr'>καὶ</span> <span class='ocrx_word' id='word_1_759' title='bbox 1686 4970 1797 5028; x_wconf 81' lang='grc' dir='ltr'>τοῖς</span> 
     </span>
    </p>
   </div>
   <div class='ocr_carea' id='block_1_97' title="bbox 1818 4962 3484 5037">
    <p class='ocr_par' dir='ltr' id='par_1_97' title="bbox 1900 4962 3484 5019">
     <span class='ocr_line' id='line_1_97' title="bbox 1900 4962 3484 5019; baseline 0.003 -5"><span class='ocrx_word' id='word_1_760' title='bbox 1900 4964 2097 5016; x_wconf 65' lang='lat' dir='ltr'><strong>animae</strong></span> <span class='ocrx_word' id='word_1_761' title='bbox 2160 4964 2474 5017; x_wconf 88' lang='lat' dir='ltr'><strong>dominatur</strong></span> <span class='ocrx_word' id='word_1_762' title='bbox 2528 4963 2681 5016; x_wconf 89' lang='lat' dir='ltr'><strong>nihili</strong></span> <span class='ocrx_word' id='word_1_763' title='bbox 2736 4962 2975 5016; x_wconf 77' lang='lat' dir='ltr'><strong>faciam?</strong></span> <span class='ocrx_word' id='word_1_764' title='bbox 3026 4974 3079 5016; x_wconf 85' lang='lat' dir='ltr'><strong>et</strong></span> <span class='ocrx_word' id='word_1_765' title='bbox 3135 4964 3484 5019; x_wconf 81' lang='lat' dir='ltr'><strong>matrimonio</strong></span> 
     </span>
    </p>
   </div>
   <div class='ocr_carea' id='block_1_98' title="bbox 204 5052 1870 5129">
    <p class='ocr_par' dir='ltr' id='par_1_98' title="bbox 204 5058 1795 5129">
     <span class='ocr_line' id='line_1_98' title="bbox 204 5058 1795 5129; baseline 0 -18"><span class='ocrx_word' id='word_1_766' title='bbox 204 5061 587 5129; x_wconf 69' lang='grc' dir='ltr'>ἐξυϐρίζουσιν</span> <span class='ocrx_word' id='word_1_767' title='bbox 617 5061 777 5112; x_wconf 76' lang='grc' dir='ltr'>αὑτὸν</span> <span class='ocrx_word' id='word_1_768' title='bbox 809 5060 944 5128; x_wconf 64' lang='grc' dir='ltr'>πρὸς</span> <span class='ocrx_word' id='word_1_769' title='bbox 975 5060 1154 5129; x_wconf 88' lang='grc' dir='ltr'>γάμον</span> <span class='ocrx_word' id='word_1_770' title='bbox 1201 5058 1551 5127; x_wconf 73' lang='grc' dir='ltr'>ἀχθήσομαις</span> <span class='ocrx_word' id='word_1_771' title='bbox 1600 5058 1631 5128; x_wconf 77' lang='grc' dir='ltr'>ἢ</span> <span class='ocrx_word' id='word_1_772' title='bbox 1674 5058 1795 5129; x_wconf 78' lang='grc' dir='ltr'>οὐχὶ</span> 
     </span>
    </p>
   </div>
   <div class='ocr_carea' id='block_1_99' title="bbox 1816 5052 3482 5129">
    <p class='ocr_par' dir='ltr' id='par_1_99' title="bbox 1898 5052 3482 5124">
     <span class='ocr_line' id='line_1_99' title="bbox 1898 5052 3482 5124; baseline 0.001 -17"><span class='ocrx_word' id='word_1_773' title='bbox 1898 5054 2198 5124; x_wconf 78' lang='lat' dir='ltr'><strong>eoiq&#39;ungar</strong></span> <span class='ocrx_word' id='word_1_774' title='bbox 2233 5070 2355 5107; x_wconf 91' lang='lat' dir='ltr'><strong>cum</strong></span> <span class='ocrx_word' id='word_1_775' title='bbox 2398 5054 2464 5108; x_wconf 87' lang='lat' dir='ltr'><strong>iis</strong></span> <span class='ocrx_word' id='word_1_776' title='bbox 2493 5054 2585 5122; x_wconf 92' lang='lat' dir='ltr'><strong>qui</strong></span> <span class='ocrx_word' id='word_1_777' title='bbox 2615 5054 2789 5123; x_wconf 77' lang='lat' dir='ltr'><strong>ipsum</strong></span> <span class='ocrx_word' id='word_1_778' title='bbox 2826 5054 3065 5108; x_wconf 82' lang='lat' dir='ltr'><strong>adiciunt</strong></span> <span class='ocrx_word' id='word_1_779' title='bbox 3095 5052 3293 5121; x_wconf 84' lang='lat' dir='ltr'><strong>injuria</strong></span> <span class='ocrx_word' id='word_1_780' title='bbox 3322 5054 3482 5108; x_wconf 76' lang='lat' dir='ltr'><strong>?An~</strong></span> 
     </span>
    </p>
   </div>
   <div class='ocr_carea' id='block_1_100' title="bbox 205 5146 1871 5220">
    <p class='ocr_par' dir='ltr' id='par_1_100' title="bbox 205 5148 1795 5220">
     <span class='ocr_line' id='line_1_100' title="bbox 205 5148 1795 5220; baseline -0.001 -17"><span class='ocrx_word' id='word_1_781' title='bbox 205 5154 304 5204; x_wconf 78' lang='grc' dir='ltr'>καὶ</span> <span class='ocrx_word' id='word_1_782' title='bbox 348 5153 429 5203; x_wconf 75' lang='grc' dir='ltr'>σοὶ</span> <span class='ocrx_word' id='word_1_783' title='bbox 480 5151 633 5220; x_wconf 75' lang='grc' dir='ltr'>ῦδρις</span> <span class='ocrx_word' id='word_1_784' title='bbox 684 5148 825 5203; x_wconf 82' lang='grc' dir='ltr'>εἶναι</span> <span class='ocrx_word' id='word_1_785' title='bbox 866 5151 1035 5215; x_wconf 85' lang='grc' dir='ltr'>δοκεῖ,</span> <span class='ocrx_word' id='word_1_786' title='bbox 1094 5150 1200 5203; x_wconf 85' lang='grc' dir='ltr'>τῶν</span> <span class='ocrx_word' id='word_1_787' title='bbox 1232 5150 1434 5203; x_wconf 77' lang='grc' dir='ltr'>δούλων</span> <span class='ocrx_word' id='word_1_788' title='bbox 1469 5149 1523 5200; x_wconf 83' lang='grc' dir='ltr'>εἴ</span> <span class='ocrx_word' id='word_1_789' title='bbox 1574 5165 1658 5213; x_wconf 86' lang='grc' dir='ltr'><strong>τις</strong></span> <span class='ocrx_word' id='word_1_790' title='bbox 1686 5150 1795 5203; x_wconf 84' lang='grc' dir='ltr'>τῶν</span> 
     </span>
    </p>
   </div>
   <div class='ocr_carea' id='block_1_101' title="bbox 1814 5146 3480 5220">
    <p class='ocr_par' dir='ltr' id='par_1_101' title="bbox 1898 5146 3480 5217">
     <span class='ocr_line' id='line_1_101' title="bbox 1898 5146 3480 5217; baseline 0.003 -18"><span class='ocrx_word' id='word_1_791' title='bbox 1898 5162 2004 5200; x_wconf 91' lang='lat' dir='ltr'><strong>non</strong></span> <span class='ocrx_word' id='word_1_792' title='bbox 2067 5148 2158 5201; x_wconf 87' lang='lat' dir='ltr'><strong>tibi</strong></span> <span class='ocrx_word' id='word_1_793' title='bbox 2193 5163 2314 5202; x_wconf 85' lang='lat' dir='ltr'><strong>esse</strong></span> <span class='ocrx_word' id='word_1_794' title='bbox 2348 5148 2562 5202; x_wconf 86' lang='lat' dir='ltr'><strong>videtur</strong></span> <span class='ocrx_word' id='word_1_795' title='bbox 2622 5146 2843 5215; x_wconf 85' lang='lat' dir='ltr'><strong>injuria,</strong></span> <span class='ocrx_word' id='word_1_796' title='bbox 2879 5148 2922 5201; x_wconf 89' lang='lat' dir='ltr'><strong>si</strong></span> <span class='ocrx_word' id='word_1_797' title='bbox 2951 5148 3072 5217; x_wconf 87' lang='lat' dir='ltr'><strong>quis</strong></span> <span class='ocrx_word' id='word_1_798' title='bbox 3102 5163 3132 5202; x_wconf 89' lang='lat' dir='ltr'><strong>e</strong></span> <span class='ocrx_word' id='word_1_799' title='bbox 3162 5148 3270 5202; x_wconf 89' lang='lat' dir='ltr'><strong>tuis</strong></span> <span class='ocrx_word' id='word_1_800' title='bbox 3305 5147 3480 5203; x_wconf 69' lang='lat' dir='ltr'><strong>servis</strong></span> 
     </span>
    </p>
   </div>
   <div class='ocr_carea' id='block_1_102' title="bbox 207 5240 1873 5314">
    <p class='ocr_par' dir='ltr' id='par_1_102' title="bbox 207 5243 1794 5314">
     <span class='ocr_line' id='line_1_102' title="bbox 207 5243 1794 5314; baseline -0.001 -16"><span class='ocrx_word' id='word_1_801' title='bbox 207 5246 320 5298; x_wconf 78' lang='grc' dir='ltr'>σῶν</span> <span class='ocrx_word' id='word_1_802' title='bbox 351 5244 637 5313; x_wconf 71' lang='grc' dir='ltr'>παρελθὼν</span> <span class='ocrx_word' id='word_1_803' title='bbox 677 5244 858 5314; x_wconf 74' lang='grc' dir='ltr'>φιλίαν</span> <span class='ocrx_word' id='word_1_804' title='bbox 891 5246 1002 5306; x_wconf 77' lang='grc' dir='ltr'>τοῖς</span> <span class='ocrx_word' id='word_1_805' title='bbox 1036 5246 1149 5306; x_wconf 79' lang='grc' dir='ltr'>σοῖς</span> <span class='ocrx_word' id='word_1_806' title='bbox 1185 5244 1469 5297; x_wconf 80' lang='grc' dir='ltr'>σπείσαιτο</span> <span class='ocrx_word' id='word_1_807' title='bbox 1513 5243 1794 5313; x_wconf 80' lang='grc' dir='ltr'>πολεμίοις</span> 
     </span>
    </p>
   </div>
   <div class='ocr_carea' id='block_1_103' title="bbox 1814 5240 3480 5314">
    <p class='ocr_par' dir='ltr' id='par_1_103' title="bbox 1896 5240 3480 5305">
     <span class='ocr_line' id='line_1_103' title="bbox 1896 5240 3480 5305; baseline 0.001 -13"><span class='ocrx_word' id='word_1_808' title='bbox 1896 5240 2179 5304; x_wconf 82' lang='lat' dir='ltr'><strong>accedens,</strong></span> <span class='ocrx_word' id='word_1_809' title='bbox 2215 5240 2511 5293; x_wconf 85' lang='lat' dir='ltr'><strong>amicitiam</strong></span> <span class='ocrx_word' id='word_1_810' title='bbox 2562 5240 2751 5294; x_wconf 87' lang='lat' dir='ltr'><strong>inierit</strong></span> <span class='ocrx_word' id='word_1_811' title='bbox 2801 5256 2921 5292; x_wconf 83' lang='lat' dir='ltr'><strong>cum</strong></span> <span class='ocrx_word' id='word_1_812' title='bbox 2956 5241 3063 5293; x_wconf 88' lang='lat' dir='ltr'><strong>tuis</strong></span> <span class='ocrx_word' id='word_1_813' title='bbox 3118 5240 3383 5305; x_wconf 80' lang='lat' dir='ltr'><strong>hostibus,</strong></span> <span class='ocrx_word' id='word_1_814' title='bbox 3423 5250 3480 5295; x_wconf 79' lang='lat' dir='ltr'><strong>et</strong></span> 
     </span>
    </p>
   </div>
   <div class='ocr_carea' id='block_1_104' title="bbox 209 5331 1875 5407">
    <p class='ocr_par' dir='ltr' id='par_1_104' title="bbox 209 5335 1794 5407">
     <span class='ocr_line' id='line_1_104' title="bbox 209 5335 1794 5407; baseline 0 -18"><span class='ocrx_word' id='word_1_815' title='bbox 209 5339 306 5389; x_wconf 70' lang='grc' dir='ltr'>καὶ</span> <span class='ocrx_word' id='word_1_816' title='bbox 329 5337 525 5406; x_wconf 78' lang='grc' dir='ltr'>γάμοις</span> <span class='ocrx_word' id='word_1_817' title='bbox 548 5337 729 5397; x_wconf 69' lang='grc' dir='ltr'>αὐτοῖς</span> <span class='ocrx_word' id='word_1_818' title='bbox 758 5337 984 5406; x_wconf 71' lang='grc' dir='ltr'>συνάψει</span> <span class='ocrx_word' id='word_1_819' title='bbox 1014 5338 1107 5389; x_wconf 79' lang='grc' dir='ltr'>καὶ</span> <span class='ocrx_word' id='word_1_820' title='bbox 1130 5336 1472 5407; x_wconf 80' lang='grc' dir='ltr'>συνοικεσίᾳ;</span> <span class='ocrx_word' id='word_1_821' title='bbox 1501 5335 1577 5407; x_wconf 81' lang='grc' dir='ltr'>μὴ</span> <span class='ocrx_word' id='word_1_822' title='bbox 1599 5336 1794 5389; x_wconf 87' lang='grc' dir='ltr'>άπατῶ</span> 
     </span>
    </p>
   </div>
   <div class='ocr_carea' id='block_1_105' title="bbox 1812 5331 3478 5407">
    <p class='ocr_par' dir='ltr' id='par_1_105' title="bbox 1895 5331 3478 5401">
     <span class='ocr_line' id='line_1_105' title="bbox 1895 5331 3478 5401; baseline 0 -18"><span class='ocrx_word' id='word_1_823' title='bbox 1895 5345 2019 5383; x_wconf 93' lang='lat' dir='ltr'><strong>cum</strong></span> <span class='ocrx_word' id='word_1_824' title='bbox 2051 5331 2129 5385; x_wconf 89' lang='lat' dir='ltr'><strong>eis</strong></span> <span class='ocrx_word' id='word_1_825' title='bbox 2161 5332 2343 5385; x_wconf 90' lang='lat' dir='ltr'><strong>inierit</strong></span> <span class='ocrx_word' id='word_1_826' title='bbox 2384 5332 2775 5387; x_wconf 80' lang='lat' dir='ltr'><strong>matrimonia?</strong></span> <span class='ocrx_word' id='word_1_827' title='bbox 2802 5332 2879 5385; x_wconf 86' lang='lat' dir='ltr'><strong>Ne</strong></span> <span class='ocrx_word' id='word_1_828' title='bbox 2902 5346 3030 5399; x_wconf 87' lang='lat' dir='ltr'><strong>ergo</strong></span> <span class='ocrx_word' id='word_1_829' title='bbox 3050 5331 3277 5395; x_wconf 84' lang='lat' dir='ltr'><strong>lallaris,</strong></span> <span class='ocrx_word' id='word_1_830' title='bbox 3301 5346 3478 5401; x_wconf 81' lang='lat' dir='ltr'><strong>ueun</strong></span> 
     </span>
    </p>
   </div>
   <div class='ocr_carea' id='block_1_106' title="bbox 203 5422 1869 5501">
    <p class='ocr_par' dir='ltr' id='par_1_106' title="bbox 203 5428 1788 5501">
     <span class='ocr_line' id='line_1_106' title="bbox 203 5428 1788 5501; baseline -0.001 -19"><span class='ocrx_word' id='word_1_831' title='bbox 203 5432 414 5494; x_wconf 76' lang='grc' dir='ltr'>τοίνυν,</span> <span class='ocrx_word' id='word_1_832' title='bbox 452 5430 587 5498; x_wconf 74' lang='grc' dir='ltr'>μηδὲ</span> <span class='ocrx_word' id='word_1_833' title='bbox 623 5429 807 5500; x_wconf 71' lang='grc' dir='ltr'>κύκὶῳ</span> <span class='ocrx_word' id='word_1_834' title='bbox 849 5448 915 5499; x_wconf 88' lang='grc' dir='ltr'><strong>με</strong></span> <span class='ocrx_word' id='word_1_835' title='bbox 950 5432 1242 5501; x_wconf 81' lang='grc' dir='ltr'>περιέρχου</span> <span class='ocrx_word' id='word_1_836' title='bbox 1276 5429 1485 5481; x_wconf 85' lang='grc' dir='ltr'>πείσειν</span> <span class='ocrx_word' id='word_1_837' title='bbox 1506 5428 1750 5498; x_wconf 82' lang='grc' dir='ltr'>οἰόμενος</span> <span class='ocrx_word' id='word_1_838' title='bbox 1774 5444 1788 5459; x_wconf 74' lang='grc'><strong>⁸</strong></span> 
     </span>
    </p>
   </div>
   <div class='ocr_carea' id='block_1_107' title="bbox 1805 5422 3471 5501">
    <p class='ocr_par' dir='ltr' id='par_1_107' title="bbox 1895 5422 3471 5492">
     <span class='ocr_line' id='line_1_107' title="bbox 1895 5422 3471 5492; baseline 0.001 -18"><span class='ocrx_word' id='word_1_839' title='bbox 1895 5423 2065 5476; x_wconf 87' lang='lat' dir='ltr'><strong>utaris</strong></span> <span class='ocrx_word' id='word_1_840' title='bbox 2081 5422 2423 5490; x_wconf 81' lang='lat' dir='ltr'><strong>ambagibus,</strong></span> <span class='ocrx_word' id='word_1_841' title='bbox 2447 5422 2851 5478; x_wconf 80' lang='lat' dir='ltr'><strong>arbitransl&#39;ore</strong></span> <span class='ocrx_word' id='word_1_842' title='bbox 2870 5434 2924 5477; x_wconf 91' lang='lat' dir='ltr'><strong>ut</strong></span> <span class='ocrx_word' id='word_1_843' title='bbox 2945 5434 2998 5476; x_wconf 94' lang='lat' dir='ltr'><strong>tu</strong></span> <span class='ocrx_word' id='word_1_844' title='bbox 3020 5436 3103 5475; x_wconf 80' lang='lat' dir='ltr'><strong>nte</strong></span> <span class='ocrx_word' id='word_1_845' title='bbox 3123 5424 3471 5492; x_wconf 83' lang='lat' dir='ltr'><strong>persuadeas.</strong></span> 
     </span>
    </p>
   </div>
   <div class='ocr_carea' id='block_1_108' title="bbox 202 5514 1868 5592">
    <p class='ocr_par' dir='ltr' id='par_1_108' title="bbox 202 5519 1789 5592">
     <span class='ocr_line' id='line_1_108' title="bbox 202 5519 1789 5592; baseline -0.003 -17"><span class='ocrx_word' id='word_1_846' title='bbox 202 5522 322 5576; x_wconf 69' lang='grc' dir='ltr'>ἀλλ’</span> <span class='ocrx_word' id='word_1_847' title='bbox 357 5524 405 5572; x_wconf 87' lang='grc' dir='ltr'>εἰ</span> <span class='ocrx_word' id='word_1_848' title='bbox 448 5522 545 5588; x_wconf 75' lang='grc' dir='ltr'>μὲν</span> <span class='ocrx_word' id='word_1_849' title='bbox 600 5519 799 5588; x_wconf 82' lang='grc' dir='ltr'>βούλει,</span> <span class='ocrx_word' id='word_1_850' title='bbox 832 5521 909 5591; x_wconf 80' lang='grc' dir='ltr'>τῷ</span> <span class='ocrx_word' id='word_1_851' title='bbox 957 5521 1074 5592; x_wconf 80' lang='grc' dir='ltr'>ἐμῷ</span> <span class='ocrx_word' id='word_1_852' title='bbox 1123 5522 1219 5573; x_wconf 73' lang='grc' dir='ltr'>καὶ</span> <span class='ocrx_word' id='word_1_853' title='bbox 1269 5521 1431 5585; x_wconf 75' lang='grc' dir='ltr'>αὐτὸς</span> <span class='ocrx_word' id='word_1_854' title='bbox 1486 5520 1789 5590; x_wconf 80' lang='grc' dir='ltr'>προσέρχου</span> 
     </span>
    </p>
   </div>
   <div class='ocr_carea' id='block_1_109' title="bbox 1806 5514 3472 5592">
    <p class='ocr_par' dir='ltr' id='par_1_109' title="bbox 1896 5514 3472 5587">
     <span class='ocr_line' id='line_1_109' title="bbox 1896 5514 3472 5587; baseline 0.003 -18"><span class='ocrx_word' id='word_1_855' title='bbox 1896 5514 2002 5570; x_wconf 85' lang='lat' dir='ltr'><strong>Sed</strong></span> <span class='ocrx_word' id='word_1_856' title='bbox 2051 5516 2096 5571; x_wconf 91' lang='lat' dir='ltr'><strong>si</strong></span> <span class='ocrx_word' id='word_1_857' title='bbox 2142 5516 2277 5571; x_wconf 85' lang='lat' dir='ltr'><strong>velis</strong></span> <span class='ocrx_word' id='word_1_858' title='bbox 2320 5517 2561 5586; x_wconf 83' lang='lat' dir='ltr'><strong>quidem,</strong></span> <span class='ocrx_word' id='word_1_859' title='bbox 2608 5518 2722 5585; x_wconf 83' lang='lat' dir='ltr'><strong>ipse</strong></span> <span class='ocrx_word' id='word_1_860' title='bbox 2743 5517 3056 5587; x_wconf 70' lang='lat' dir='ltr'><strong>quoquead</strong></span> <span class='ocrx_word' id='word_1_861' title='bbox 3083 5516 3249 5569; x_wconf 88' lang='lat' dir='ltr'><strong>Deum</strong></span> <span class='ocrx_word' id='word_1_862' title='bbox 3287 5530 3472 5573; x_wconf 91' lang='lat' dir='ltr'><strong>meum</strong></span> 
     </span>
    </p>
   </div>
   <div class='ocr_carea' id='block_1_110' title="bbox 204 5607 1870 5685">
    <p class='ocr_par' dir='ltr' id='par_1_110' title="bbox 204 5614 1790 5685">
     <span class='ocr_line' id='line_1_110' title="bbox 204 5614 1790 5685; baseline -0.002 -16"><span class='ocrx_word' id='word_1_863' title='bbox 204 5616 345 5685; x_wconf 80' lang='grc' dir='ltr'>Θεῷ,</span> <span class='ocrx_word' id='word_1_864' title='bbox 386 5619 434 5666; x_wconf 82' lang='grc' dir='ltr'>εἰ</span> <span class='ocrx_word' id='word_1_865' title='bbox 482 5616 526 5668; x_wconf 86' lang='grc' dir='ltr'>δ’</span> <span class='ocrx_word' id='word_1_866' title='bbox 555 5614 637 5679; x_wconf 76' lang='grc' dir='ltr'>οὔ,</span> <span class='ocrx_word' id='word_1_867' title='bbox 672 5616 806 5668; x_wconf 75' lang='grc' dir='ltr'>ἀλλὰ</span> <span class='ocrx_word' id='word_1_868' title='bbox 854 5615 917 5667; x_wconf 92' lang='grc' dir='ltr'><strong>σύ</strong></span> <span class='ocrx_word' id='word_1_869' title='bbox 950 5632 1013 5683; x_wconf 84' lang='grc' dir='ltr'><strong>γε</strong></span> <span class='ocrx_word' id='word_1_870' title='bbox 1063 5616 1256 5683; x_wconf 75' lang='grc' dir='ltr'>σφάζε,</span> <span class='ocrx_word' id='word_1_871' title='bbox 1287 5615 1429 5668; x_wconf 87' lang='grc' dir='ltr'>δίδου</span> <span class='ocrx_word' id='word_1_872' title='bbox 1458 5615 1616 5685; x_wconf 78' lang='grc' dir='ltr'>πυρὶ,</span> <span class='ocrx_word' id='word_1_873' title='bbox 1644 5614 1790 5678; x_wconf 79' lang='grc' dir='ltr'>ξαῖνε</span> 
     </span>
    </p>
   </div>
   <div class='ocr_carea' id='block_1_111' title="bbox 1805 5607 3471 5685">
    <p class='ocr_par' dir='ltr' id='par_1_111' title="bbox 1895 5607 3471 5677">
     <span class='ocr_line' id='line_1_111' title="bbox 1895 5607 3471 5677; baseline -0.001 -14"><span class='ocrx_word' id='word_1_874' title='bbox 1895 5611 2097 5664; x_wconf 85' lang='lat' dir='ltr'><strong>accede</strong></span> <span class='ocrx_word' id='word_1_875' title='bbox 2123 5627 2138 5666; x_wconf 85' lang='lat'><strong>:</strong></span> <span class='ocrx_word' id='word_1_876' title='bbox 2165 5610 2250 5663; x_wconf 89' lang='lat' dir='ltr'><strong>sin</strong></span> <span class='ocrx_word' id='word_1_877' title='bbox 2280 5612 2481 5676; x_wconf 86' lang='lat' dir='ltr'><strong>minus,</strong></span> <span class='ocrx_word' id='word_1_878' title='bbox 2514 5622 2568 5663; x_wconf 85' lang='lat' dir='ltr'><strong>at</strong></span> <span class='ocrx_word' id='word_1_879' title='bbox 2602 5618 2655 5663; x_wconf 90' lang='lat' dir='ltr'><strong>tu</strong></span> <span class='ocrx_word' id='word_1_880' title='bbox 2691 5625 2777 5663; x_wconf 86' lang='lat' dir='ltr'><strong>me</strong></span> <span class='ocrx_word' id='word_1_881' title='bbox 2806 5611 3072 5672; x_wconf 88' lang='lat' dir='ltr'><strong>interlice,</strong></span> <span class='ocrx_word' id='word_1_882' title='bbox 3112 5608 3308 5665; x_wconf 87' lang='lat' dir='ltr'><strong>manda</strong></span> <span class='ocrx_word' id='word_1_883' title='bbox 3339 5607 3471 5677; x_wconf 88' lang='lat' dir='ltr'><strong>igni,</strong></span> 
     </span>
    </p>
   </div>
   <div class='ocr_carea' id='block_1_112' title="bbox 207 5700 1873 5784">
    <p class='ocr_par' dir='ltr' id='par_1_112' title="bbox 207 5710 1787 5784">
     <span class='ocr_line' id='line_1_112' title="bbox 207 5710 1787 5784; baseline -0.002 -20"><span class='ocrx_word' id='word_1_884' title='bbox 207 5712 455 5784; x_wconf 79' lang='grc' dir='ltr'>μάστιξι,</span> <span class='ocrx_word' id='word_1_885' title='bbox 494 5712 655 5780; x_wconf 65' lang='grc' dir='ltr'>θηρσὶ</span> <span class='ocrx_word' id='word_1_886' title='bbox 696 5711 1012 5781; x_wconf 86' lang='grc' dir='ltr'>παραδίδου,</span> <span class='ocrx_word' id='word_1_887' title='bbox 1054 5714 1181 5777; x_wconf 84' lang='grc' dir='ltr'>πᾶν,</span> <span class='ocrx_word' id='word_1_888' title='bbox 1218 5714 1409 5781; x_wconf 84' lang='grc' dir='ltr'>ὅτιπερ</span> <span class='ocrx_word' id='word_1_889' title='bbox 1458 5712 1523 5763; x_wconf 86' lang='grc' dir='ltr'>ἂν</span> <span class='ocrx_word' id='word_1_890' title='bbox 1555 5710 1787 5781; x_wconf 87' lang='grc' dir='ltr'>βούλοιο,</span> 
     </span>
    </p>
   </div>
   <div class='ocr_carea' id='block_1_113' title="bbox 1809 5700 3475 5784">
    <p class='ocr_par' dir='ltr' id='par_1_113' title="bbox 1894 5700 3475 5771">
     <span class='ocr_line' id='line_1_113' title="bbox 1894 5700 3475 5771; baseline -0.001 -15"><span class='ocrx_word' id='word_1_891' title='bbox 1894 5702 2041 5757; x_wconf 75' lang='lat' dir='ltr'><strong>caede</strong></span> <span class='ocrx_word' id='word_1_892' title='bbox 2070 5701 2315 5771; x_wconf 85' lang='lat' dir='ltr'><strong>ﬂagellis,</strong></span> <span class='ocrx_word' id='word_1_893' title='bbox 2349 5704 2499 5758; x_wconf 86' lang='lat' dir='ltr'><strong>trade</strong></span> <span class='ocrx_word' id='word_1_894' title='bbox 2532 5702 2740 5767; x_wconf 88' lang='lat' dir='ltr'><strong>bestiis,</strong></span> <span class='ocrx_word' id='word_1_895' title='bbox 2778 5715 2932 5757; x_wconf 88' lang='lat' dir='ltr'><strong>utere</strong></span> <span class='ocrx_word' id='word_1_896' title='bbox 2978 5700 3475 5770; x_wconf 88' lang='lat' dir='ltr'><strong>quomodocunque</strong></span> 
     </span>
    </p>
   </div>
   <div class='ocr_carea' id='block_1_114' title="bbox 200 5795 1866 5876">
    <p class='ocr_par' dir='ltr' id='par_1_114' title="bbox 200 5800 1788 5876">
     <span class='ocr_line' id='line_1_114' title="bbox 200 5800 1788 5876; baseline 0.001 -25"><span class='ocrx_word' id='word_1_897' title='bbox 200 5820 320 5876; x_wconf 50' lang='grc' dir='ltr'><strong>χρυ</strong></span> <span class='ocrx_word' id='word_1_898' title='bbox 341 5818 353 5830; x_wconf 83' lang='grc'><strong><em>-</em></strong></span> <span class='ocrx_word' id='word_1_899' title='bbox 378 5803 440 5853; x_wconf 85' lang='grc' dir='ltr'><strong>σύ</strong></span> <span class='ocrx_word' id='word_1_900' title='bbox 468 5818 522 5852; x_wconf 87' lang='grc' dir='ltr'><strong>τε</strong></span> <span class='ocrx_word' id='word_1_901' title='bbox 546 5803 652 5869; x_wconf 71' lang='grc' dir='ltr'>γὰρ</span> <span class='ocrx_word' id='word_1_902' title='bbox 682 5802 803 5869; x_wconf 73' lang='grc' dir='ltr'>ἐμοὶ</span> <span class='ocrx_word' id='word_1_903' title='bbox 835 5800 1145 5869; x_wconf 77' lang='grc' dir='ltr'>βδελυκτὸς,</span> <span class='ocrx_word' id='word_1_904' title='bbox 1180 5803 1275 5854; x_wconf 69' lang='grc' dir='ltr'>καὶ</span> <span class='ocrx_word' id='word_1_905' title='bbox 1300 5803 1327 5854; x_wconf 92' lang='lat'><strong>6</strong></span> <span class='ocrx_word' id='word_1_906' title='bbox 1359 5800 1447 5863; x_wconf 83' lang='grc' dir='ltr'>σὸς</span> <span class='ocrx_word' id='word_1_907' title='bbox 1471 5803 1649 5870; x_wconf 88' lang='grc' dir='ltr'>γάμος</span> <span class='ocrx_word' id='word_1_908' title='bbox 1676 5817 1788 5853; x_wconf 85' lang='grc' dir='ltr'>κοι-</span> 
     </span>
    </p>
   </div>
   <div class='ocr_carea' id='block_1_115' title="bbox 1804 5795 3470 5876">
    <p class='ocr_par' dir='ltr' id='par_1_115' title="bbox 1895 5795 3470 5860">
     <span class='ocr_line' id='line_1_115' title="bbox 1895 5795 3470 5860; baseline -0.002 -11"><span class='ocrx_word' id='word_1_909' title='bbox 1895 5797 2150 5850; x_wconf 83' lang='lat' dir='ltr'><strong>volueris.</strong></span> <span class='ocrx_word' id='word_1_910' title='bbox 2186 5796 2263 5850; x_wconf 71' lang='lat' dir='ltr'><strong>&#39;l‘u</strong></span> <span class='ocrx_word' id='word_1_911' title='bbox 2318 5797 2462 5849; x_wconf 91' lang='lat' dir='ltr'><strong>enim</strong></span> <span class='ocrx_word' id='word_1_912' title='bbox 2522 5811 2581 5849; x_wconf 86' lang='lat' dir='ltr'><strong>es</strong></span> <span class='ocrx_word' id='word_1_913' title='bbox 2612 5795 2745 5849; x_wconf 89' lang='lat' dir='ltr'><strong>mihi</strong></span> <span class='ocrx_word' id='word_1_914' title='bbox 2777 5795 3200 5860; x_wconf 87' lang='lat' dir='ltr'><strong>abotniuandus,</strong></span> <span class='ocrx_word' id='word_1_915' title='bbox 3237 5805 3470 5849; x_wconf 79' lang='lat' dir='ltr'><strong>et&#39;tuum</strong></span> 
     </span>
    </p>
   </div>
   <div class='ocr_carea' id='block_1_116' title="bbox 205 5886 1871 5966">
    <p class='ocr_par' dir='ltr' id='par_1_116' title="bbox 205 5893 1782 5966">
     <span class='ocr_line' id='line_1_116' title="bbox 205 5893 1782 5966; baseline -0.003 -14"><span class='ocrx_word' id='word_1_916' title='bbox 205 5896 372 5952; x_wconf 81' lang='grc' dir='ltr'>νωνία</span> <span class='ocrx_word' id='word_1_917' title='bbox 415 5896 550 5965; x_wconf 59' lang='grc' dir='ltr'>πρδις</span> <span class='ocrx_word' id='word_1_918' title='bbox 587 5893 721 5966; x_wconf 79' lang='grc' dir='ltr'>ᾇδην</span> <span class='ocrx_word' id='word_1_919' title='bbox 761 5894 855 5947; x_wconf 72' lang='grc' dir='ltr'>καὶ</span> <span class='ocrx_word' id='word_1_920' title='bbox 891 5893 1063 5965; x_wconf 77' lang='grc' dir='ltr'>τάφος</span> <span class='ocrx_word' id='word_1_921' title='bbox 1094 5895 1148 5949; x_wconf 84' lang='grc' dir='ltr'><strong>ἐν</strong></span> <span class='ocrx_word' id='word_1_922' title='bbox 1181 5893 1481 5966; x_wconf 78' lang='grc' dir='ltr'>ὀφθαλμοῖς</span> <span class='ocrx_word' id='word_1_923' title='bbox 1511 5894 1782 5965; x_wconf 85' lang='grc' dir='ltr'>κείμενος.</span> 
     </span>
    </p>
   </div>
   <div class='ocr_carea' id='block_1_117' title="bbox 1801 5886 3467 5966">
    <p class='ocr_par' dir='ltr' id='par_1_117' title="bbox 1893 5886 3467 5956">
     <span class='ocr_line' id='line_1_117' title="bbox 1893 5886 3467 5956; baseline 0.001 -16"><span class='ocrx_word' id='word_1_924' title='bbox 1893 5888 2301 5941; x_wconf 83' lang='lat' dir='ltr'><strong>matrimonium</strong></span> <span class='ocrx_word' id='word_1_925' title='bbox 2338 5898 2418 5941; x_wconf 88' lang='lat' dir='ltr'><strong>est</strong></span> <span class='ocrx_word' id='word_1_926' title='bbox 2440 5888 2678 5943; x_wconf 82' lang='lat' dir='ltr'><strong>societas</strong></span> <span class='ocrx_word' id='word_1_927' title='bbox 2705 5902 2827 5941; x_wconf 91' lang='lat' dir='ltr'><strong>cum</strong></span> <span class='ocrx_word' id='word_1_928' title='bbox 2868 5886 3056 5943; x_wconf 77' lang='lat' dir='ltr'><strong>inieris</strong></span> <span class='ocrx_word' id='word_1_929' title='bbox 3075 5898 3129 5943; x_wconf 89' lang='lat' dir='ltr'><strong>et</strong></span> <span class='ocrx_word' id='word_1_930' title='bbox 3160 5886 3467 5956; x_wconf 86' lang='lat' dir='ltr'><strong>sepulcrum</strong></span> 
     </span>
    </p>
   </div>
   <div class='ocr_carea' id='block_1_118' title="bbox 1903 5980 2444 6050">
    <p class='ocr_par' dir='ltr' id='par_1_118' title="bbox 1903 5980 2444 6050">
     <span class='ocr_line' id='line_1_118' title="bbox 1903 5980 2444 6050; baseline 0.009 -17"><span class='ocrx_word' id='word_1_931' title='bbox 1903 5983 2135 6050; x_wconf 88' lang='lat' dir='ltr'><strong>positum</strong></span> <span class='ocrx_word' id='word_1_932' title='bbox 2170 5980 2225 6035; x_wconf 88' lang='lat' dir='ltr'><strong>in</strong></span> <span class='ocrx_word' id='word_1_933' title='bbox 2255 5982 2444 6037; x_wconf 79' lang='lat' dir='ltr'><strong>oculis.</strong></span> 
     </span>
    </p>
   </div>
  </div>
