  <div class='ocr_page' id='page_1' title='image "/cluster/home/n/w/nwhite01/storage/ocr_20150623/114/nnc1.0046980210/733.png"; bbox 0 0 4218 6482; ppageno 0'>
   <div class='ocr_carea' id='block_1_1' title="bbox 711 434 862 500">
    <p class='ocr_par' dir='ltr' id='par_1_1' title="bbox 711 434 862 500">
     <span class='ocr_line' id='line_1_1' title="bbox 711 434 862 500; baseline 0.007 -2"><span class='ocrx_word' id='word_1_1' title='bbox 711 434 862 500; x_wconf 72' lang='grc'><strong>1443</strong></span> 
     </span>
    </p>
   </div>
   <div class='ocr_carea' id='block_1_2' title="bbox 1967 430 2803 511">
    <p class='ocr_par' dir='ltr' id='par_1_2' title="bbox 1967 430 2803 511">
     <span class='ocr_line' id='line_1_2' title="bbox 1967 430 2803 511; baseline 0.002 -20"><span class='ocrx_word' id='word_1_2' title='bbox 1967 430 2251 491; x_wconf 86' lang='lat' dir='ltr'><strong>MENSIS</strong></span> <span class='ocrx_word' id='word_1_3' title='bbox 2288 430 2803 511; x_wconf 79' lang='lat' dir='ltr'><strong>FEBRUARIUS.</strong></span> 
     </span>
    </p>
   </div>
   <div class='ocr_carea' id='block_1_3' title="bbox 3864 438 4003 504">
    <p class='ocr_par' dir='ltr' id='par_1_3' title="bbox 3864 438 4003 504">
     <span class='ocr_line' id='line_1_3' title="bbox 3864 438 4003 504; baseline 0 -1"><span class='ocrx_word' id='word_1_4' title='bbox 3864 438 4003 504; x_wconf 77' lang='grc' dir='ltr'>ιιιι</span> 
     </span>
    </p>
   </div>
   <div class='ocr_carea' id='block_1_4' title="bbox 794 548 2309 633">
    <p class='ocr_par' dir='ltr' id='par_1_4' title="bbox 794 552 2303 622">
     <span class='ocr_line' id='line_1_4' title="bbox 794 552 2303 622; baseline -0.007 -9"><span class='ocrx_word' id='word_1_5' title='bbox 794 558 881 614; x_wconf 86' lang='lat' dir='ltr'><strong>Vl.</strong></span> <span class='ocrx_word' id='word_1_6' title='bbox 915 556 1039 613; x_wconf 71' lang='lat' dir='ltr'><strong>llmc</strong></span> <span class='ocrx_word' id='word_1_7' title='bbox 1072 570 1195 611; x_wconf 87' lang='lat' dir='ltr'><strong>cum</strong></span> <span class='ocrx_word' id='word_1_8' title='bbox 1230 553 1491 609; x_wconf 86' lang='lat' dir='ltr'><strong>audiisset</strong></span> <span class='ocrx_word' id='word_1_9' title='bbox 1545 552 1854 622; x_wconf 62' lang='lat' dir='ltr'><strong>prmiectus,</strong></span> <span class='ocrx_word' id='word_1_10' title='bbox 1886 560 1940 607; x_wconf 91' lang='lat' dir='ltr'><strong>et</strong></span> <span class='ocrx_word' id='word_1_11' title='bbox 1980 552 2088 621; x_wconf 90' lang='lat' dir='ltr'><strong>igni</strong></span> <span class='ocrx_word' id='word_1_12' title='bbox 2128 552 2303 620; x_wconf 90' lang='lat' dir='ltr'><strong>ignem</strong></span> 
     </span>
    </p>
   </div>
   <div class='ocr_carea' id='block_1_5' title="bbox 2412 548 4000 633">
    <p class='ocr_par' dir='ltr' id='par_1_5' title="bbox 2412 548 4000 633">
     <span class='ocr_line' id='line_1_5' title="bbox 2412 548 4000 633; baseline 0.008 -29"><span class='ocrx_word' id='word_1_13' title='bbox 2412 623 2442 630; x_wconf 81' lang='lat'><strong>__</strong></span> <span class='ocrx_word' id='word_1_14' title='bbox 2484 550 2574 617; x_wconf 70' lang='lat' dir='ltr'><strong>Ci&quot;.</strong></span> <span class='ocrx_word' id='word_1_15' title='bbox 2612 548 2832 605; x_wconf 74' lang='grc' dir='ltr'><strong>Τόύτων</strong></span> <span class='ocrx_word' id='word_1_16' title='bbox 2882 552 3124 617; x_wconf 78' lang='grc' dir='ltr'>ἀκούσας</span> <span class='ocrx_word' id='word_1_17' title='bbox 3169 556 3197 608; x_wconf 83' lang='grc' dir='ltr'><strong>ὁ</strong></span> <span class='ocrx_word' id='word_1_18' title='bbox 3234 555 3478 627; x_wconf 75' lang='grc' dir='ltr'><strong>ἔπαρχος</strong></span> <span class='ocrx_word' id='word_1_19' title='bbox 3538 557 3634 611; x_wconf 76' lang='grc' dir='ltr'>καὶ</span> <span class='ocrx_word' id='word_1_20' title='bbox 3685 562 3825 630; x_wconf 79' lang='grc' dir='ltr'>πυρὶ</span> <span class='ocrx_word' id='word_1_21' title='bbox 3883 563 4000 633; x_wconf 78' lang='grc' dir='ltr'>πῦρ</span> 
     </span>
    </p>
   </div>
   <div class='ocr_carea' id='block_1_6' title="bbox 723 646 2302 718">
    <p class='ocr_par' dir='ltr' id='par_1_6' title="bbox 723 646 2302 718">
     <span class='ocr_line' id='line_1_6' title="bbox 723 646 2302 718; baseline -0.009 -9"><span class='ocrx_word' id='word_1_22' title='bbox 723 652 1042 713; x_wconf 69' lang='lat' dir='ltr'><strong>addidisset,</strong></span> <span class='ocrx_word' id='word_1_23' title='bbox 1076 654 1256 718; x_wconf 90' lang='lat' dir='ltr'><strong>ignem</strong></span> <span class='ocrx_word' id='word_1_24' title='bbox 1282 648 1375 701; x_wconf 70' lang='lat' dir='ltr'><strong>ira:</strong></span> <span class='ocrx_word' id='word_1_25' title='bbox 1409 647 1516 716; x_wconf 85' lang='lat' dir='ltr'><strong>igni</strong></span> <span class='ocrx_word' id='word_1_26' title='bbox 1540 648 1765 708; x_wconf 87' lang='lat' dir='ltr'><strong>amoris,</strong></span> <span class='ocrx_word' id='word_1_27' title='bbox 1794 654 1939 699; x_wconf 85' lang='lat' dir='ltr'><strong>totus</strong></span> <span class='ocrx_word' id='word_1_28' title='bbox 1970 646 2111 713; x_wconf 81' lang='lat' dir='ltr'><strong>ignis</strong></span> <span class='ocrx_word' id='word_1_29' title='bbox 2133 658 2302 713; x_wconf 82' lang='lat' dir='ltr'><strong>appa-</strong></span> 
     </span>
    </p>
   </div>
   <div class='ocr_carea' id='block_1_7' title="bbox 722 737 2299 809">
    <p class='ocr_par' dir='ltr' id='par_1_7' title="bbox 722 737 2299 809">
     <span class='ocr_line' id='line_1_7' title="bbox 722 737 2299 809; baseline -0.008 -10"><span class='ocrx_word' id='word_1_30' title='bbox 722 746 893 807; x_wconf 74' lang='lat' dir='ltr'><strong>rebat,</strong></span> <span class='ocrx_word' id='word_1_31' title='bbox 929 755 979 797; x_wconf 92' lang='lat' dir='ltr'><strong>et</strong></span> <span class='ocrx_word' id='word_1_32' title='bbox 1007 740 1191 795; x_wconf 75' lang='lat' dir='ltr'><strong>furore</strong></span> <span class='ocrx_word' id='word_1_33' title='bbox 1224 739 1550 809; x_wconf 71' lang='lat' dir='ltr'><strong>agitabatur.</strong></span> <span class='ocrx_word' id='word_1_34' title='bbox 1593 737 1743 791; x_wconf 87' lang='lat' dir='ltr'><strong>Talis</strong></span> <span class='ocrx_word' id='word_1_35' title='bbox 1784 739 1929 791; x_wconf 86' lang='lat' dir='ltr'><strong>enim</strong></span> <span class='ocrx_word' id='word_1_36' title='bbox 1981 746 2065 789; x_wconf 79' lang='lat' dir='ltr'><strong>est</strong></span> <span class='ocrx_word' id='word_1_37' title='bbox 2124 749 2299 798; x_wconf 89' lang='lat' dir='ltr'><strong>amur,</strong></span> 
     </span>
    </p>
   </div>
   <div class='ocr_carea' id='block_1_8' title="bbox 719 830 2302 899">
    <p class='ocr_par' dir='ltr' id='par_1_8' title="bbox 719 830 2302 899">
     <span class='ocr_line' id='line_1_8' title="bbox 719 830 2302 899; baseline -0.005 -7"><span class='ocrx_word' id='word_1_38' title='bbox 719 838 763 892; x_wconf 89' lang='lat' dir='ltr'><strong>si</strong></span> <span class='ocrx_word' id='word_1_39' title='bbox 797 836 959 889; x_wconf 85' lang='lat' dir='ltr'><strong>fuerit</strong></span> <span class='ocrx_word' id='word_1_40' title='bbox 1017 832 1350 899; x_wconf 91' lang='lat' dir='ltr'><strong>contemptui</strong></span> <span class='ocrx_word' id='word_1_41' title='bbox 1417 830 1655 885; x_wconf 91' lang='lat' dir='ltr'><strong>babitus.</strong></span> <span class='ocrx_word' id='word_1_42' title='bbox 1682 831 1746 883; x_wconf 86' lang='lat' dir='ltr'><strong>Et</strong></span> <span class='ocrx_word' id='word_1_43' title='bbox 1806 840 2090 898; x_wconf 79' lang='lat' dir='ltr'><strong>propterea</strong></span> <span class='ocrx_word' id='word_1_44' title='bbox 2138 844 2302 898; x_wconf 88' lang='lat' dir='ltr'><strong>grave</strong></span> 
     </span>
    </p>
   </div>
   <div class='ocr_carea' id='block_1_9' title="bbox 722 919 2304 994">
    <p class='ocr_par' dir='ltr' id='par_1_9' title="bbox 722 919 2304 994">
     <span class='ocr_line' id='line_1_9' title="bbox 722 919 2304 994; baseline -0.005 -11"><span class='ocrx_word' id='word_1_45' title='bbox 722 936 1048 983; x_wconf 88' lang='lat' dir='ltr'><strong>tormentum</strong></span> <span class='ocrx_word' id='word_1_46' title='bbox 1084 926 1263 979; x_wconf 89' lang='lat' dir='ltr'><strong>intulit</strong></span> <span class='ocrx_word' id='word_1_47' title='bbox 1288 924 1519 994; x_wconf 73' lang='lat' dir='ltr'><strong>egregia:</strong></span> <span class='ocrx_word' id='word_1_48' title='bbox 1553 923 1627 977; x_wconf 87' lang='lat' dir='ltr'><strong>illi</strong></span> <span class='ocrx_word' id='word_1_49' title='bbox 1665 922 1883 991; x_wconf 82' lang='lat' dir='ltr'><strong>virgini.</strong></span> <span class='ocrx_word' id='word_1_50' title='bbox 1918 919 1974 976; x_wconf 91' lang='lat' dir='ltr'><strong>Id</strong></span> <span class='ocrx_word' id='word_1_51' title='bbox 2024 936 2154 975; x_wconf 83' lang='lat' dir='ltr'><strong>vero</strong></span> <span class='ocrx_word' id='word_1_52' title='bbox 2184 930 2304 975; x_wconf 85' lang='lat' dir='ltr'><strong>erat</strong></span> 
     </span>
    </p>
   </div>
   <div class='ocr_carea' id='block_1_10' title="bbox 716 1014 2299 1093">
    <p class='ocr_par' dir='ltr' id='par_1_10' title="bbox 716 1014 2299 1093">
     <span class='ocr_line' id='line_1_10' title="bbox 716 1014 2299 1093; baseline -0.004 -17"><span class='ocrx_word' id='word_1_53' title='bbox 716 1020 1008 1093; x_wconf 83' lang='lat' dir='ltr'><strong>ejusmodi.</strong></span> <span class='ocrx_word' id='word_1_54' title='bbox 1038 1026 1148 1071; x_wconf 89' lang='lat' dir='ltr'><strong>uta</strong></span> <span class='ocrx_word' id='word_1_55' title='bbox 1174 1027 1412 1087; x_wconf 82' lang='lat' dir='ltr'><strong>quatuor</strong></span> <span class='ocrx_word' id='word_1_56' title='bbox 1441 1015 1576 1070; x_wconf 88' lang='lat' dir='ltr'><strong>luris</strong></span> <span class='ocrx_word' id='word_1_57' title='bbox 1604 1024 1853 1081; x_wconf 78' lang='lat' dir='ltr'><strong>extensa,</strong></span> <span class='ocrx_word' id='word_1_58' title='bbox 1880 1014 2047 1069; x_wconf 87' lang='lat' dir='ltr'><strong>aridis</strong></span> <span class='ocrx_word' id='word_1_59' title='bbox 2079 1014 2299 1084; x_wconf 88' lang='lat' dir='ltr'><strong>quidem</strong></span> 
     </span>
    </p>
   </div>
   <div class='ocr_carea' id='block_1_11' title="bbox 722 1108 2303 1177">
    <p class='ocr_par' dir='ltr' id='par_1_11' title="bbox 722 1108 2303 1177">
     <span class='ocr_line' id='line_1_11' title="bbox 722 1108 2303 1177; baseline -0.003 -9"><span class='ocrx_word' id='word_1_60' title='bbox 722 1115 924 1177; x_wconf 88' lang='lat' dir='ltr'><strong>nervis,</strong></span> <span class='ocrx_word' id='word_1_61' title='bbox 957 1112 1224 1166; x_wconf 78' lang='lat' dir='ltr'><strong>viridibus</strong></span> <span class='ocrx_word' id='word_1_62' title='bbox 1251 1117 1429 1164; x_wconf 89' lang='lat' dir='ltr'><strong>autem</strong></span> <span class='ocrx_word' id='word_1_63' title='bbox 1468 1108 1763 1163; x_wconf 84' lang='lat' dir='ltr'><strong>viminibus</strong></span> <span class='ocrx_word' id='word_1_64' title='bbox 1798 1110 1912 1177; x_wconf 89' lang='lat' dir='ltr'><strong>ipsa</strong></span> <span class='ocrx_word' id='word_1_65' title='bbox 1938 1109 2026 1162; x_wconf 88' lang='lat' dir='ltr'><strong>diu</strong></span> <span class='ocrx_word' id='word_1_66' title='bbox 2058 1124 2087 1161; x_wconf 87' lang='lat' dir='ltr'><strong>a</strong></span> <span class='ocrx_word' id='word_1_67' title='bbox 2119 1110 2303 1164; x_wconf 87' lang='lat' dir='ltr'><strong>multis</strong></span> 
     </span>
    </p>
   </div>
   <div class='ocr_carea' id='block_1_12' title="bbox 721 1200 2298 1271">
    <p class='ocr_par' dir='ltr' id='par_1_12' title="bbox 721 1200 2298 1271">
     <span class='ocr_line' id='line_1_12' title="bbox 721 1200 2298 1271; baseline -0.003 -12"><span class='ocrx_word' id='word_1_68' title='bbox 721 1209 1123 1261; x_wconf 86' lang='lat' dir='ltr'><strong>verberaretur.</strong></span> <span class='ocrx_word' id='word_1_69' title='bbox 1155 1203 1259 1257; x_wconf 91' lang='lat' dir='ltr'><strong>Ubi</strong></span> <span class='ocrx_word' id='word_1_70' title='bbox 1292 1214 1472 1255; x_wconf 88' lang='lat' dir='ltr'><strong>autem</strong></span> <span class='ocrx_word' id='word_1_71' title='bbox 1499 1200 1700 1256; x_wconf 80' lang='lat' dir='ltr'><strong>defessi</strong></span> <span class='ocrx_word' id='word_1_72' title='bbox 1734 1203 1952 1271; x_wconf 87' lang='lat' dir='ltr'><strong>quidem</strong></span> <span class='ocrx_word' id='word_1_73' title='bbox 1992 1212 2152 1255; x_wconf 88' lang='lat' dir='ltr'><strong>erant</strong></span> <span class='ocrx_word' id='word_1_74' title='bbox 2198 1202 2298 1267; x_wconf 91' lang='lat' dir='ltr'><strong>illi,</strong></span> 
     </span>
    </p>
   </div>
   <div class='ocr_carea' id='block_1_13' title="bbox 719 1294 2303 1369">
    <p class='ocr_par' dir='ltr' id='par_1_13' title="bbox 719 1294 2303 1369">
     <span class='ocr_line' id='line_1_13' title="bbox 719 1294 2303 1369; baseline -0.001 -21"><span class='ocrx_word' id='word_1_75' title='bbox 719 1300 811 1369; x_wconf 86' lang='lat' dir='ltr'><strong>qui</strong></span> <span class='ocrx_word' id='word_1_76' title='bbox 854 1297 1212 1351; x_wconf 79' lang='lat' dir='ltr'><strong>verberabant</strong></span> <span class='ocrx_word' id='word_1_77' title='bbox 1238 1296 1307 1363; x_wconf 83' lang='lat' dir='ltr'><strong>(ei</strong></span> <span class='ocrx_word' id='word_1_78' title='bbox 1344 1310 1471 1349; x_wconf 90' lang='lat' dir='ltr'><strong>vero</strong></span> <span class='ocrx_word' id='word_1_79' title='bbox 1506 1296 1715 1364; x_wconf 87' lang='lat' dir='ltr'><strong>punitio</strong></span> <span class='ocrx_word' id='word_1_80' title='bbox 1740 1306 1856 1348; x_wconf 88' lang='lat' dir='ltr'><strong>erat</strong></span> <span class='ocrx_word' id='word_1_81' title='bbox 1899 1295 2078 1363; x_wconf 87' lang='lat' dir='ltr'><strong>potius</strong></span> <span class='ocrx_word' id='word_1_82' title='bbox 2102 1294 2303 1348; x_wconf 89' lang='lat' dir='ltr'><strong>confir-</strong></span> 
     </span>
    </p>
   </div>
   <div class='ocr_carea' id='block_1_14' title="bbox 722 1386 2303 1459">
    <p class='ocr_par' dir='ltr' id='par_1_14' title="bbox 722 1386 2303 1459">
     <span class='ocr_line' id='line_1_14' title="bbox 722 1386 2303 1459; baseline -0.001 -14"><span class='ocrx_word' id='word_1_83' title='bbox 722 1394 889 1445; x_wconf 90' lang='lat' dir='ltr'><strong>matio</strong></span> <span class='ocrx_word' id='word_1_84' title='bbox 955 1405 1147 1443; x_wconf 85' lang='lat' dir='ltr'><strong>eorum</strong></span> <span class='ocrx_word' id='word_1_85' title='bbox 1212 1404 1331 1459; x_wconf 69' lang='lat' dir='ltr'><strong>qua:</strong></span> <span class='ocrx_word' id='word_1_86' title='bbox 1398 1389 1630 1451; x_wconf 79' lang='lat' dir='ltr'><strong>dixerat,</strong></span> <span class='ocrx_word' id='word_1_87' title='bbox 1664 1397 1720 1440; x_wconf 93' lang='lat' dir='ltr'><strong>ut</strong></span> <span class='ocrx_word' id='word_1_88' title='bbox 1766 1401 1886 1457; x_wconf 65' lang='lat' dir='ltr'><strong>qua!</strong></span> <span class='ocrx_word' id='word_1_89' title='bbox 1915 1386 2049 1441; x_wconf 87' lang='lat' dir='ltr'><strong>nihil</strong></span> <span class='ocrx_word' id='word_1_90' title='bbox 2080 1388 2303 1443; x_wconf 89' lang='lat' dir='ltr'><strong>omnino</strong></span> 
     </span>
    </p>
   </div>
   <div class='ocr_carea' id='block_1_15' title="bbox 720 1481 2303 1552">
    <p class='ocr_par' dir='ltr' id='par_1_15' title="bbox 720 1481 2303 1552">
     <span class='ocr_line' id='line_1_15' title="bbox 720 1481 2303 1552; baseline -0.001 -13"><span class='ocrx_word' id='word_1_91' title='bbox 720 1483 1037 1539; x_wconf 72' lang='lat' dir='ltr'><strong>ostenderet</strong></span> <span class='ocrx_word' id='word_1_92' title='bbox 1068 1483 1333 1536; x_wconf 86' lang='lat' dir='ltr'><strong>muliebre</strong></span> <span class='ocrx_word' id='word_1_93' title='bbox 1359 1497 1457 1535; x_wconf 84' lang='lat' dir='ltr'><strong>nec</strong></span> <span class='ocrx_word' id='word_1_94' title='bbox 1500 1482 1812 1552; x_wconf 76' lang='lat' dir='ltr'><strong>illiberale),</strong></span> <span class='ocrx_word' id='word_1_95' title='bbox 1852 1481 2049 1551; x_wconf 90' lang='lat' dir='ltr'><strong>jubens</strong></span> <span class='ocrx_word' id='word_1_96' title='bbox 2083 1482 2303 1537; x_wconf 83' lang='lat' dir='ltr'><strong>lictores</strong></span> 
     </span>
    </p>
   </div>
   <div class='ocr_carea' id='block_1_16' title="bbox 718 1571 2302 1644">
    <p class='ocr_par' dir='ltr' id='par_1_16' title="bbox 718 1571 2302 1644">
     <span class='ocr_line' id='line_1_16' title="bbox 718 1571 2302 1644; baseline -0.001 -14"><span class='ocrx_word' id='word_1_97' title='bbox 718 1592 935 1630; x_wconf 83' lang='lat' dir='ltr'><strong>cessare</strong></span> <span class='ocrx_word' id='word_1_98' title='bbox 962 1576 1249 1644; x_wconf 70' lang='lat' dir='ltr'><strong>prmfectus</strong></span> <span class='ocrx_word' id='word_1_99' title='bbox 1282 1594 1293 1626; x_wconf 92' lang='lat'><strong>:</strong></span> <span class='ocrx_word' id='word_1_100' title='bbox 1329 1573 1435 1627; x_wconf 86' lang='lat' dir='ltr'><strong>Sed</strong></span> <span class='ocrx_word' id='word_1_101' title='bbox 1470 1574 1585 1628; x_wconf 72' lang='lat' dir='ltr'><strong>lucc</strong></span> <span class='ocrx_word' id='word_1_102' title='bbox 1615 1575 1859 1643; x_wconf 79' lang='lat' dir='ltr'><strong>quidem,</strong></span> <span class='ocrx_word' id='word_1_103' title='bbox 1898 1573 2096 1641; x_wconf 90' lang='lat' dir='ltr'><strong>inquit,</strong></span> <span class='ocrx_word' id='word_1_104' title='bbox 2143 1589 2175 1627; x_wconf 89' lang='grc' dir='ltr'><strong>ο</strong></span> <span class='ocrx_word' id='word_1_105' title='bbox 2207 1571 2302 1628; x_wconf 81' lang='lat' dir='ltr'><strong>Ju—</strong></span> 
     </span>
    </p>
   </div>
   <div class='ocr_carea' id='block_1_17' title="bbox 722 1665 2304 1735">
    <p class='ocr_par' dir='ltr' id='par_1_17' title="bbox 722 1665 2304 1735">
     <span class='ocr_line' id='line_1_17' title="bbox 722 1665 2304 1735; baseline -0.003 -12"><span class='ocrx_word' id='word_1_106' title='bbox 722 1671 889 1731; x_wconf 88' lang='lat' dir='ltr'><strong>liana,</strong></span> <span class='ocrx_word' id='word_1_107' title='bbox 928 1681 1049 1723; x_wconf 88' lang='lat' dir='ltr'><strong>sunt</strong></span> <span class='ocrx_word' id='word_1_108' title='bbox 1086 1670 1236 1720; x_wconf 88' lang='lat' dir='ltr'><strong>initia</strong></span> <span class='ocrx_word' id='word_1_109' title='bbox 1264 1677 1317 1720; x_wconf 88' lang='lat' dir='ltr'><strong>et</strong></span> <span class='ocrx_word' id='word_1_110' title='bbox 1348 1668 1611 1735; x_wconf 76' lang='lat' dir='ltr'><strong>pretetttia</strong></span> <span class='ocrx_word' id='word_1_111' title='bbox 1649 1676 2071 1720; x_wconf 79' lang='lat' dir='ltr'><strong>tormentorum.</strong></span> <span class='ocrx_word' id='word_1_112' title='bbox 2107 1665 2183 1717; x_wconf 87' lang='lat' dir='ltr'><strong>Tu</strong></span> <span class='ocrx_word' id='word_1_113' title='bbox 2209 1682 2304 1719; x_wconf 83' lang='lat' dir='ltr'><strong>au-</strong></span> 
     </span>
    </p>
   </div>
   <div class='ocr_carea' id='block_1_18' title="bbox 722 1759 2303 1829">
    <p class='ocr_par' dir='ltr' id='par_1_18' title="bbox 722 1759 2303 1829">
     <span class='ocr_line' id='line_1_18' title="bbox 722 1759 2303 1829; baseline -0.003 -13"><span class='ocrx_word' id='word_1_114' title='bbox 722 1773 827 1816; x_wconf 90' lang='lat' dir='ltr'><strong>tem</strong></span> <span class='ocrx_word' id='word_1_115' title='bbox 858 1778 919 1816; x_wconf 77' lang='lat' dir='ltr'><strong>ex</strong></span> <span class='ocrx_word' id='word_1_116' title='bbox 955 1763 1038 1815; x_wconf 90' lang='lat' dir='ltr'><strong>bis</strong></span> <span class='ocrx_word' id='word_1_117' title='bbox 1067 1764 1132 1814; x_wconf 90' lang='lat' dir='ltr'><strong>de</strong></span> <span class='ocrx_word' id='word_1_118' title='bbox 1167 1761 1285 1814; x_wconf 90' lang='lat' dir='ltr'><strong>aliis</strong></span> <span class='ocrx_word' id='word_1_119' title='bbox 1307 1776 1521 1829; x_wconf 91' lang='lat' dir='ltr'><strong>quoque</strong></span> <span class='ocrx_word' id='word_1_120' title='bbox 1539 1762 1759 1827; x_wconf 87' lang='lat' dir='ltr'><strong>capiens</strong></span> <span class='ocrx_word' id='word_1_121' title='bbox 1787 1759 2180 1826; x_wconf 84' lang='lat' dir='ltr'><strong>conjecturam,</strong></span> <span class='ocrx_word' id='word_1_122' title='bbox 2208 1773 2303 1812; x_wconf 87' lang='lat' dir='ltr'><strong>ac—</strong></span> 
     </span>
    </p>
   </div>
   <div class='ocr_carea' id='block_1_19' title="bbox 719 1848 2301 1924">
    <p class='ocr_par' dir='ltr' id='par_1_19' title="bbox 719 1848 2301 1924">
     <span class='ocr_line' id='line_1_19' title="bbox 719 1848 2301 1924; baseline -0.005 -16"><span class='ocrx_word' id='word_1_123' title='bbox 719 1857 851 1908; x_wconf 88' lang='lat' dir='ltr'><strong>cede</strong></span> <span class='ocrx_word' id='word_1_124' title='bbox 895 1869 1102 1924; x_wconf 59' lang='lat' dir='ltr'><strong>magna:</strong></span> <span class='ocrx_word' id='word_1_125' title='bbox 1145 1852 1328 1907; x_wconf 75' lang='lat' dir='ltr'><strong>Diana:</strong></span> <span class='ocrx_word' id='word_1_126' title='bbox 1374 1848 1888 1907; x_wconf 81' lang='lat' dir='ltr'><strong>Sacrificatura.Sin</strong></span> <span class='ocrx_word' id='word_1_127' title='bbox 1926 1851 2121 1916; x_wconf 89' lang='lat' dir='ltr'><strong>minus,</strong></span> <span class='ocrx_word' id='word_1_128' title='bbox 2157 1858 2301 1918; x_wconf 85' lang='lat' dir='ltr'><strong>pest-</strong></span> 
     </span>
    </p>
   </div>
   <div class='ocr_carea' id='block_1_20' title="bbox 2410 638 3999 721">
    <p class='ocr_par' dir='ltr' id='par_1_20' title="bbox 2410 638 3999 721">
     <span class='ocr_line' id='line_1_20' title="bbox 2410 638 3999 721; baseline 0.007 -29"><span class='ocrx_word' id='word_1_129' title='bbox 2410 638 2691 711; x_wconf 62' lang='grc' dir='ltr'>πρισθεῖς,</span> <span class='ocrx_word' id='word_1_130' title='bbox 2723 640 2785 694; x_wconf 80' lang='grc' dir='ltr'>τὸ</span> <span class='ocrx_word' id='word_1_131' title='bbox 2833 641 2928 696; x_wconf 81' lang='grc' dir='ltr'>τοῦ</span> <span class='ocrx_word' id='word_1_132' title='bbox 2978 644 3178 712; x_wconf 84' lang='grc' dir='ltr'>θυμοῦ,</span> <span class='ocrx_word' id='word_1_133' title='bbox 3230 646 3292 699; x_wconf 82' lang='grc' dir='ltr'><strong>τὸ</strong></span> <span class='ocrx_word' id='word_1_134' title='bbox 3321 646 3414 699; x_wconf 80' lang='grc' dir='ltr'>τοῦ</span> <span class='ocrx_word' id='word_1_135' title='bbox 3462 649 3665 718; x_wconf 71' lang='grc' dir='ltr'>ἔρωτος</span> <span class='ocrx_word' id='word_1_136' title='bbox 3707 648 3831 713; x_wconf 80' lang='grc' dir='ltr'>ὅλος</span> <span class='ocrx_word' id='word_1_137' title='bbox 3888 651 3999 721; x_wconf 78' lang='grc' dir='ltr'>πῦρ</span> 
     </span>
    </p>
   </div>
   <div class='ocr_carea' id='block_1_21' title="bbox 2408 734 4001 813">
    <p class='ocr_par' dir='ltr' id='par_1_21' title="bbox 2408 734 4001 813">
     <span class='ocr_line' id='line_1_21' title="bbox 2408 734 4001 813; baseline 0.006 -26"><span class='ocrx_word' id='word_1_138' title='bbox 2408 734 2719 788; x_wconf 74' lang='grc' dir='ltr'>ἐδείκνυτοο</span> <span class='ocrx_word' id='word_1_139' title='bbox 2778 736 2875 790; x_wconf 79' lang='grc' dir='ltr'>καὶ</span> <span class='ocrx_word' id='word_1_140' title='bbox 2930 738 3099 807; x_wconf 74' lang='grc' dir='ltr'>μανία</span> <span class='ocrx_word' id='word_1_141' title='bbox 3156 740 3469 809; x_wconf 77' lang='grc' dir='ltr'>συνείχετοο</span> <span class='ocrx_word' id='word_1_142' title='bbox 3521 740 3761 805; x_wconf 80' lang='grc' dir='ltr'>τοιοῦτος</span> <span class='ocrx_word' id='word_1_143' title='bbox 3810 746 3924 813; x_wconf 77' lang='grc' dir='ltr'>γὰρ</span> <span class='ocrx_word' id='word_1_144' title='bbox 3975 750 4001 797; x_wconf 87' lang='grc' dir='ltr'>ὁ</span> 
     </span>
    </p>
   </div>
   <div class='ocr_carea' id='block_1_22' title="bbox 2406 824 3998 905">
    <p class='ocr_par' dir='ltr' id='par_1_22' title="bbox 2406 824 3998 905">
     <span class='ocr_line' id='line_1_22' title="bbox 2406 824 3998 905; baseline 0.008 -29"><span class='ocrx_word' id='word_1_145' title='bbox 2406 824 2547 894; x_wconf 77' lang='grc' dir='ltr'>ἔρως</span> <span class='ocrx_word' id='word_1_146' title='bbox 2585 826 2911 896; x_wconf 82' lang='grc' dir='ltr'>ἀτιμασθείς</span> <span class='ocrx_word' id='word_1_147' title='bbox 2943 843 2955 855; x_wconf 80' lang='grc'><strong><em>⁸</em></strong></span> <span class='ocrx_word' id='word_1_148' title='bbox 2991 831 3087 881; x_wconf 72' lang='grc' dir='ltr'>καὶ</span> <span class='ocrx_word' id='word_1_149' title='bbox 3118 829 3207 881; x_wconf 74' lang='grc' dir='ltr'><strong>διά</strong></span> <span class='ocrx_word' id='word_1_150' title='bbox 3226 831 3397 885; x_wconf 75' lang='grc' dir='ltr'>ταῦτα</span> <span class='ocrx_word' id='word_1_151' title='bbox 3435 835 3524 885; x_wconf 76' lang='grc' dir='ltr'><strong>καὶ</strong></span> <span class='ocrx_word' id='word_1_152' title='bbox 3546 834 3787 902; x_wconf 64' lang='grc' dir='ltr'>χαλεπὴν</span> <span class='ocrx_word' id='word_1_153' title='bbox 3823 838 3998 905; x_wconf 72' lang='grc' dir='ltr'>ἐπῆγε</span> 
     </span>
    </p>
   </div>
   <div class='ocr_carea' id='block_1_23' title="bbox 2403 918 4001 995">
    <p class='ocr_par' dir='ltr' id='par_1_23' title="bbox 2403 918 4001 995">
     <span class='ocr_line' id='line_1_23' title="bbox 2403 918 4001 995; baseline 0.008 -27"><span class='ocrx_word' id='word_1_154' title='bbox 2403 919 2469 986; x_wconf 82' lang='grc' dir='ltr'>τῇ</span> <span class='ocrx_word' id='word_1_155' title='bbox 2508 919 2733 989; x_wconf 81' lang='grc' dir='ltr'>γενναίᾳ</span> <span class='ocrx_word' id='word_1_156' title='bbox 2763 918 2860 989; x_wconf 85' lang='grc' dir='ltr'>τὴν</span> <span class='ocrx_word' id='word_1_157' title='bbox 2895 918 3129 987; x_wconf 89' lang='grc' dir='ltr'>βάσανον</span> <span class='ocrx_word' id='word_1_158' title='bbox 3151 938 3163 951; x_wconf 90' lang='grc'>·</span> <span class='ocrx_word' id='word_1_159' title='bbox 3197 923 3229 991; x_wconf 80' lang='grc' dir='ltr'><strong>ἠ</strong></span> <span class='ocrx_word' id='word_1_160' title='bbox 3259 923 3313 975; x_wconf 81' lang='grc' dir='ltr'>δὲ</span> <span class='ocrx_word' id='word_1_161' title='bbox 3350 919 3419 993; x_wconf 77' lang='grc' dir='ltr'><strong>ἦν</strong></span> <span class='ocrx_word' id='word_1_162' title='bbox 3459 926 3655 995; x_wconf 80' lang='grc' dir='ltr'>λὼροις</span> <span class='ocrx_word' id='word_1_163' title='bbox 3700 928 3767 979; x_wconf 80' lang='grc' dir='ltr'>ὲκ</span> <span class='ocrx_word' id='word_1_164' title='bbox 3798 945 3854 979; x_wconf 85' lang='grc' dir='ltr'><strong>τε</strong></span> <span class='ocrx_word' id='word_1_165' title='bbox 3869 932 4001 979; x_wconf 80' lang='grc' dir='ltr'>σσά-</span> 
     </span>
    </p>
   </div>
   <div class='ocr_carea' id='block_1_24' title="bbox 2409 1009 3997 1086">
    <p class='ocr_par' dir='ltr' id='par_1_24' title="bbox 2409 1009 3997 1086">
     <span class='ocr_line' id='line_1_24' title="bbox 2409 1009 3997 1086; baseline 0.007 -26"><span class='ocrx_word' id='word_1_166' title='bbox 2409 1026 2520 1079; x_wconf 86' lang='grc' dir='ltr'><strong>ρων</strong></span> <span class='ocrx_word' id='word_1_167' title='bbox 2550 1009 2941 1077; x_wconf 86' lang='grc' dir='ltr'>διαταθεῖσαν,</span> <span class='ocrx_word' id='word_1_168' title='bbox 2999 1012 3213 1082; x_wconf 76' lang='grc' dir='ltr'><strong>νεύροις</strong></span> <span class='ocrx_word' id='word_1_169' title='bbox 3276 1015 3375 1083; x_wconf 82' lang='grc' dir='ltr'>μὲν</span> <span class='ocrx_word' id='word_1_170' title='bbox 3428 1015 3635 1086; x_wconf 76' lang='grc' dir='ltr'>ξηροῖς,</span> <span class='ocrx_word' id='word_1_171' title='bbox 3699 1016 3889 1084; x_wconf 83' lang='grc' dir='ltr'><strong>λύγοις</strong></span> <span class='ocrx_word' id='word_1_172' title='bbox 3942 1019 3997 1071; x_wconf 71' lang='grc' dir='ltr'>δὲ</span> 
     </span>
    </p>
   </div>
   <div class='ocr_carea' id='block_1_25' title="bbox 2406 1102 3997 1181">
    <p class='ocr_par' dir='ltr' id='par_1_25' title="bbox 2406 1102 3997 1181">
     <span class='ocr_line' id='line_1_25' title="bbox 2406 1102 3997 1181; baseline 0.008 -28"><span class='ocrx_word' id='word_1_173' title='bbox 2406 1102 2655 1174; x_wconf 77' lang='grc' dir='ltr'>χλωροῖς,</span> <span class='ocrx_word' id='word_1_174' title='bbox 2688 1105 2779 1157; x_wconf 75' lang='grc' dir='ltr'>ἐπὶ</span> <span class='ocrx_word' id='word_1_175' title='bbox 2830 1105 2963 1159; x_wconf 83' lang='grc' dir='ltr'>πολύ</span> <span class='ocrx_word' id='word_1_176' title='bbox 2999 1124 3057 1159; x_wconf 91' lang='grc' dir='ltr'><strong>τε</strong></span> <span class='ocrx_word' id='word_1_177' title='bbox 3094 1108 3266 1178; x_wconf 80' lang='grc' dir='ltr'>αὐτὴν</span> <span class='ocrx_word' id='word_1_178' title='bbox 3299 1111 3392 1161; x_wconf 73' lang='grc' dir='ltr'><strong>καὶ</strong></span> <span class='ocrx_word' id='word_1_179' title='bbox 3444 1111 3595 1181; x_wconf 74' lang='grc' dir='ltr'>παρὰ</span> <span class='ocrx_word' id='word_1_180' title='bbox 3640 1111 3860 1165; x_wconf 82' lang='grc' dir='ltr'>πολλῶν</span> <span class='ocrx_word' id='word_1_181' title='bbox 3903 1113 3997 1165; x_wconf 71' lang='grc' dir='ltr'><strong>τύ-</strong></span> 
     </span>
    </p>
   </div>
   <div class='ocr_carea' id='block_1_26' title="bbox 2406 1197 3999 1275">
    <p class='ocr_par' dir='ltr' id='par_1_26' title="bbox 2406 1197 3999 1275">
     <span class='ocr_line' id='line_1_26' title="bbox 2406 1197 3999 1275; baseline 0.006 -28"><span class='ocrx_word' id='word_1_182' title='bbox 2406 1197 2657 1250; x_wconf 83' lang='grc' dir='ltr'>πτεσθαι.</span> <span class='ocrx_word' id='word_1_183' title='bbox 2699 1197 2785 1261; x_wconf 85' lang='grc' dir='ltr'>Ὠς</span> <span class='ocrx_word' id='word_1_184' title='bbox 2823 1198 2879 1250; x_wconf 83' lang='grc' dir='ltr'>δὲ</span> <span class='ocrx_word' id='word_1_185' title='bbox 2930 1200 2976 1251; x_wconf 78' lang='lat' dir='ltr'><strong>oi</strong></span> <span class='ocrx_word' id='word_1_186' title='bbox 3026 1199 3125 1270; x_wconf 82' lang='grc' dir='ltr'>μὲν</span> <span class='ocrx_word' id='word_1_187' title='bbox 3173 1200 3467 1263; x_wconf 80' lang='grc' dir='ltr'><strong>τύπτοντες</strong></span> <span class='ocrx_word' id='word_1_188' title='bbox 3512 1205 3770 1272; x_wconf 70' lang='grc' dir='ltr'>ἔκαμνον,</span> <span class='ocrx_word' id='word_1_189' title='bbox 3821 1209 3889 1275; x_wconf 77' lang='grc' dir='ltr'><strong>τῇ</strong></span> <span class='ocrx_word' id='word_1_190' title='bbox 3942 1207 3999 1257; x_wconf 75' lang='grc' dir='ltr'><strong>ξὲ</strong></span> 
     </span>
    </p>
   </div>
   <div class='ocr_carea' id='block_1_27' title="bbox 2407 1287 4001 1365">
    <p class='ocr_par' dir='ltr' id='par_1_27' title="bbox 2407 1287 4001 1365">
     <span class='ocr_line' id='line_1_27' title="bbox 2407 1287 4001 1365; baseline 0.005 -24"><span class='ocrx_word' id='word_1_191' title='bbox 2407 1288 2697 1359; x_wconf 74' lang='grc' dir='ltr'>βεεαίωσις</span> <span class='ocrx_word' id='word_1_192' title='bbox 2730 1287 2797 1361; x_wconf 77' lang='grc' dir='ltr'>ἦν</span> <span class='ocrx_word' id='word_1_193' title='bbox 2836 1292 3036 1360; x_wconf 82' lang='grc' dir='ltr'>μᾶλλον</span> <span class='ocrx_word' id='word_1_194' title='bbox 3086 1294 3195 1346; x_wconf 86' lang='grc' dir='ltr'><strong>τῶν</strong></span> <span class='ocrx_word' id='word_1_195' title='bbox 3243 1295 3415 1363; x_wconf 75' lang='grc' dir='ltr'>αὐτῆς</span> <span class='ocrx_word' id='word_1_196' title='bbox 3461 1295 3697 1365; x_wconf 76' lang='grc' dir='ltr'>λόγωνὴ</span> <span class='ocrx_word' id='word_1_197' title='bbox 3749 1296 4001 1359; x_wconf 75' lang='grc' dir='ltr'>κόλασις.</span> 
     </span>
    </p>
   </div>
   <div class='ocr_carea' id='block_1_28' title="bbox 2406 1381 4002 1460">
    <p class='ocr_par' dir='ltr' id='par_1_28' title="bbox 2406 1381 4002 1460">
     <span class='ocr_line' id='line_1_28' title="bbox 2406 1381 4002 1460; baseline 0.004 -27"><span class='ocrx_word' id='word_1_198' title='bbox 2406 1381 2559 1434; x_wconf 73' lang='grc' dir='ltr'>οὐδὲν</span> <span class='ocrx_word' id='word_1_199' title='bbox 2594 1383 2731 1446; x_wconf 86' lang='grc' dir='ltr'>ὅλως</span> <span class='ocrx_word' id='word_1_200' title='bbox 2771 1383 2903 1453; x_wconf 78' lang='grc' dir='ltr'>θῆλυ</span> <span class='ocrx_word' id='word_1_201' title='bbox 2952 1385 3045 1438; x_wconf 73' lang='grc' dir='ltr'><strong>καὶ</strong></span> <span class='ocrx_word' id='word_1_202' title='bbox 3092 1387 3313 1453; x_wconf 83' lang='grc' dir='ltr'>ἀγεννὲς</span> <span class='ocrx_word' id='word_1_203' title='bbox 3350 1387 3748 1460; x_wconf 67' lang='grc' dir='ltr'>ὑποφαινούσῃ,</span> <span class='ocrx_word' id='word_1_204' title='bbox 3782 1392 4002 1441; x_wconf 74' lang='grc' dir='ltr'>παύσα-</span> 
     </span>
    </p>
   </div>
   <div class='ocr_carea' id='block_1_29' title="bbox 2408 1474 4001 1545">
    <p class='ocr_par' dir='ltr' id='par_1_29' title="bbox 2408 1474 4001 1545">
     <span class='ocr_line' id='line_1_29' title="bbox 2408 1474 4001 1545; baseline 0.005 -20"><span class='ocrx_word' id='word_1_205' title='bbox 2408 1474 2531 1526; x_wconf 87' lang='grc' dir='ltr'>σθαι</span> <span class='ocrx_word' id='word_1_206' title='bbox 2564 1475 2692 1536; x_wconf 77' lang='grc' dir='ltr'>τοὺς</span> <span class='ocrx_word' id='word_1_207' title='bbox 2716 1476 2944 1545; x_wconf 76' lang='grc' dir='ltr'><strong>δημίους</strong></span> <span class='ocrx_word' id='word_1_208' title='bbox 2970 1478 3233 1542; x_wconf 73' lang='grc' dir='ltr'>κελεύσας</span> <span class='ocrx_word' id='word_1_209' title='bbox 3270 1480 3543 1543; x_wconf 77' lang='grc' dir='ltr'>Ἐλεύσιος</span> <span class='ocrx_word' id='word_1_210' title='bbox 3573 1498 3585 1545; x_wconf 89' lang='lat'><strong>;</strong></span> <span class='ocrx_word' id='word_1_211' title='bbox 3633 1482 3790 1533; x_wconf 78' lang='grc' dir='ltr'>Ἀλλά</span> <span class='ocrx_word' id='word_1_212' title='bbox 3818 1483 4001 1534; x_wconf 75' lang='grc' dir='ltr'>ταῦτα</span> 
     </span>
    </p>
   </div>
   <div class='ocr_carea' id='block_1_30' title="bbox 2410 1565 4001 1643">
    <p class='ocr_par' dir='ltr' id='par_1_30' title="bbox 2410 1565 4001 1643">
     <span class='ocr_line' id='line_1_30' title="bbox 2410 1565 4001 1643; baseline 0.005 -26"><span class='ocrx_word' id='word_1_213' title='bbox 2410 1565 2528 1636; x_wconf 81' lang='grc' dir='ltr'>μὲν,</span> <span class='ocrx_word' id='word_1_214' title='bbox 2554 1566 2682 1636; x_wconf 60' lang='grc' dir='ltr'><strong>ἔφη,</strong></span> <span class='ocrx_word' id='word_1_215' title='bbox 2724 1568 3006 1639; x_wconf 78' lang='grc' dir='ltr'>Ἰονλιανὴ,</span> <span class='ocrx_word' id='word_1_216' title='bbox 3035 1570 3144 1622; x_wconf 82' lang='grc' dir='ltr'><strong>τῶν</strong></span> <span class='ocrx_word' id='word_1_217' title='bbox 3192 1572 3440 1640; x_wconf 82' lang='grc' dir='ltr'>βασάνων</span> <span class='ocrx_word' id='word_1_218' title='bbox 3474 1574 3643 1642; x_wconf 79' lang='grc' dir='ltr'>ἀρχαὶ</span> <span class='ocrx_word' id='word_1_219' title='bbox 3682 1575 3776 1625; x_wconf 73' lang='grc' dir='ltr'><strong>καὶ</strong></span> <span class='ocrx_word' id='word_1_220' title='bbox 3805 1575 4001 1643; x_wconf 64' lang='grc' dir='ltr'>προοί-</span> 
     </span>
    </p>
   </div>
   <div class='ocr_carea' id='block_1_31' title="bbox 2410 1663 4001 1736">
    <p class='ocr_par' dir='ltr' id='par_1_31' title="bbox 2410 1663 4001 1736">
     <span class='ocr_line' id='line_1_31' title="bbox 2410 1663 4001 1736; baseline 0.004 -23"><span class='ocrx_word' id='word_1_221' title='bbox 2410 1675 2539 1730; x_wconf 89' lang='grc' dir='ltr'>μια·</span> <span class='ocrx_word' id='word_1_222' title='bbox 2584 1664 2648 1713; x_wconf 75' lang='grc' dir='ltr'><strong>σὺ</strong></span> <span class='ocrx_word' id='word_1_223' title='bbox 2698 1663 2754 1715; x_wconf 83' lang='grc' dir='ltr'>δὲ</span> <span class='ocrx_word' id='word_1_224' title='bbox 2792 1664 2902 1716; x_wconf 83' lang='grc' dir='ltr'>ἀπὸ</span> <span class='ocrx_word' id='word_1_225' title='bbox 2948 1665 3155 1718; x_wconf 80' lang='grc' dir='ltr'>τούτων</span> <span class='ocrx_word' id='word_1_226' title='bbox 3205 1667 3498 1730; x_wconf 76' lang='grc' dir='ltr'>είκάζουσα</span> <span class='ocrx_word' id='word_1_227' title='bbox 3555 1667 3648 1719; x_wconf 83' lang='grc' dir='ltr'>καὶ</span> <span class='ocrx_word' id='word_1_228' title='bbox 3696 1669 3827 1736; x_wconf 76' lang='grc' dir='ltr'>περὶ</span> <span class='ocrx_word' id='word_1_229' title='bbox 3889 1670 4001 1720; x_wconf 70' lang='grc' dir='ltr'><strong>τιίν</strong></span> 
     </span>
    </p>
   </div>
   <div class='ocr_carea' id='block_1_32' title="bbox 2406 1754 4001 1829">
    <p class='ocr_par' dir='ltr' id='par_1_32' title="bbox 2406 1754 4001 1829">
     <span class='ocr_line' id='line_1_32' title="bbox 2406 1754 4001 1829; baseline 0.003 -22"><span class='ocrx_word' id='word_1_230' title='bbox 2406 1754 2582 1807; x_wconf 79' lang='grc' dir='ltr'>ἄλλων</span> <span class='ocrx_word' id='word_1_231' title='bbox 2612 1755 2881 1825; x_wconf 80' lang='grc' dir='ltr'>πρόσελοε</span> <span class='ocrx_word' id='word_1_232' title='bbox 2923 1760 2987 1827; x_wconf 79' lang='grc' dir='ltr'>τῇ</span> <span class='ocrx_word' id='word_1_233' title='bbox 3044 1758 3255 1829; x_wconf 72' lang='grc' dir='ltr'>μεγάλῃ</span> <span class='ocrx_word' id='word_1_234' title='bbox 3302 1758 3575 1827; x_wconf 73' lang='grc' dir='ltr'>Ἀρτέμιδι</span> <span class='ocrx_word' id='word_1_235' title='bbox 3624 1758 3897 1811; x_wconf 80' lang='grc' dir='ltr'>θύσουσα·</span> <span class='ocrx_word' id='word_1_236' title='bbox 3949 1762 4001 1810; x_wconf 86' lang='grc' dir='ltr'><strong>εί</strong></span> 
     </span>
    </p>
   </div>
   <div class='ocr_carea' id='block_1_33' title="bbox 2406 1844 3999 1921">
    <p class='ocr_par' dir='ltr' id='par_1_33' title="bbox 2406 1844 3999 1921">
     <span class='ocr_line' id='line_1_33' title="bbox 2406 1844 3999 1921; baseline 0.003 -23"><span class='ocrx_word' id='word_1_237' title='bbox 2406 1846 2450 1899; x_wconf 79' lang='grc' dir='ltr'>δ’</span> <span class='ocrx_word' id='word_1_238' title='bbox 2483 1844 2543 1899; x_wconf 85' lang='grc' dir='ltr'><strong>οὓ</strong></span> <span class='ocrx_word' id='word_1_239' title='bbox 2604 1848 2742 1916; x_wconf 82' lang='grc' dir='ltr'>μετὰ</span> <span class='ocrx_word' id='word_1_240' title='bbox 2778 1849 2835 1900; x_wconf 79' lang='grc' dir='ltr'>τὺ</span> <span class='ocrx_word' id='word_1_241' title='bbox 2873 1850 3065 1901; x_wconf 80' lang='grc' dir='ltr'><strong>παθεῖν</strong></span> <span class='ocrx_word' id='word_1_242' title='bbox 3104 1851 3224 1920; x_wconf 82' lang='grc' dir='ltr'>εἴσῃ</span> <span class='ocrx_word' id='word_1_243' title='bbox 3273 1851 3488 1911; x_wconf 80' lang='grc' dir='ltr'>πάντως</span> <span class='ocrx_word' id='word_1_244' title='bbox 3533 1851 3595 1903; x_wconf 77' lang='grc' dir='ltr'><strong>οὐ</strong></span> <span class='ocrx_word' id='word_1_245' title='bbox 3644 1852 3823 1913; x_wconf 80' lang='grc' dir='ltr'>καλῶς</span> <span class='ocrx_word' id='word_1_246' title='bbox 3864 1854 3999 1921; x_wconf 76' lang='grc' dir='ltr'>περὶ</span> 
     </span>
    </p>
   </div>
   <div class='ocr_carea' id='block_1_34' title="bbox 724 1920 2309 2016">
    <p class='ocr_par' dir='ltr' id='par_1_34' title="bbox 724 1941 2299 2013">
     <span class='ocr_line' id='line_1_34' title="bbox 724 1941 2299 2013; baseline -0.003 -16"><span class='ocrx_word' id='word_1_247' title='bbox 724 1960 883 2012; x_wconf 86' lang='lat' dir='ltr'><strong>quam</strong></span> <span class='ocrx_word' id='word_1_248' title='bbox 912 1961 1065 2013; x_wconf 85' lang='lat' dir='ltr'><strong>passa</strong></span> <span class='ocrx_word' id='word_1_249' title='bbox 1097 1944 1284 2007; x_wconf 86' lang='lat' dir='ltr'><strong>fueris,</strong></span> <span class='ocrx_word' id='word_1_250' title='bbox 1315 1945 1454 1998; x_wconf 88' lang='lat' dir='ltr'><strong>scies</strong></span> <span class='ocrx_word' id='word_1_251' title='bbox 1473 1944 1692 1996; x_wconf 88' lang='lat' dir='ltr'><strong>omnino</strong></span> <span class='ocrx_word' id='word_1_252' title='bbox 1728 1951 1775 1996; x_wconf 91' lang='lat' dir='ltr'><strong>te</strong></span> <span class='ocrx_word' id='word_1_253' title='bbox 1798 1942 1862 1996; x_wconf 88' lang='lat' dir='ltr'><strong>de</strong></span> <span class='ocrx_word' id='word_1_254' title='bbox 1889 1941 2050 1995; x_wconf 89' lang='lat' dir='ltr'><strong>rebus</strong></span> <span class='ocrx_word' id='word_1_255' title='bbox 2069 1942 2174 1994; x_wconf 90' lang='lat' dir='ltr'><strong>tuis</strong></span> <span class='ocrx_word' id='word_1_256' title='bbox 2198 1956 2299 1993; x_wconf 91' lang='lat' dir='ltr'><strong>non</strong></span> 
     </span>
    </p>
   </div>
   <div class='ocr_carea' id='block_1_35' title="bbox 2412 1920 3997 2016">
    <p class='ocr_par' dir='ltr' id='par_1_35' title="bbox 2412 1940 3997 2016">
     <span class='ocr_line' id='line_1_35' title="bbox 2412 1940 3997 2016; baseline 0.004 -25"><span class='ocrx_word' id='word_1_257' title='bbox 2412 1940 2516 1991; x_wconf 84' lang='grc' dir='ltr'><strong>τῶν</strong></span> <span class='ocrx_word' id='word_1_258' title='bbox 2548 1944 2765 1995; x_wconf 82' lang='grc' dir='ltr'>οίκείων</span> <span class='ocrx_word' id='word_1_259' title='bbox 2797 1943 3227 2014; x_wconf 77' lang='grc' dir='ltr'>βουλευσαμένη,</span> <span class='ocrx_word' id='word_1_260' title='bbox 3266 1944 3330 1996; x_wconf 79' lang='grc' dir='ltr'><strong>Ἦ</strong></span> <span class='ocrx_word' id='word_1_261' title='bbox 3356 1944 3412 1996; x_wconf 80' lang='grc' dir='ltr'><strong>δὲ</strong></span> <span class='ocrx_word' id='word_1_262' title='bbox 3430 1944 3873 2016; x_wconf 77' lang='grc' dir='ltr'>δεινοπαθήσασα</span> <span class='ocrx_word' id='word_1_263' title='bbox 3909 1944 3997 2012; x_wconf 57' lang='grc' dir='ltr'><strong>ἐφ’</strong></span> 
     </span>
    </p>
   </div>
   <div class='ocr_carea' id='block_1_36' title="bbox 719 2031 2305 2106">
    <p class='ocr_par' dir='ltr' id='par_1_36' title="bbox 719 2031 2305 2106">
     <span class='ocr_line' id='line_1_36' title="bbox 719 2031 2305 2106; baseline -0.004 -13"><span class='ocrx_word' id='word_1_264' title='bbox 719 2040 920 2093; x_wconf 90' lang='lat' dir='ltr'><strong>bonum</strong></span> <span class='ocrx_word' id='word_1_265' title='bbox 963 2038 1172 2106; x_wconf 77' lang='lat' dir='ltr'><strong>cepisse</strong></span> <span class='ocrx_word' id='word_1_266' title='bbox 1222 2036 1531 2089; x_wconf 77' lang='lat' dir='ltr'><strong>consilium.</strong></span> <span class='ocrx_word' id='word_1_267' title='bbox 1570 2032 1661 2087; x_wconf 89' lang='lat' dir='ltr'><strong>llla</strong></span> <span class='ocrx_word' id='word_1_268' title='bbox 1717 2049 1866 2095; x_wconf 91' lang='lat' dir='ltr'><strong>vero,</strong></span> <span class='ocrx_word' id='word_1_269' title='bbox 1922 2048 2066 2101; x_wconf 71' lang='lat' dir='ltr'><strong>aegre</strong></span> <span class='ocrx_word' id='word_1_270' title='bbox 2120 2031 2305 2087; x_wconf 83' lang='lat' dir='ltr'><strong>ferens</strong></span> 
     </span>
    </p>
   </div>
   <div class='ocr_carea' id='block_1_37' title="bbox 720 2125 2302 2199">
    <p class='ocr_par' dir='ltr' id='par_1_37' title="bbox 720 2125 2302 2199">
     <span class='ocr_line' id='line_1_37' title="bbox 720 2125 2302 2199; baseline 0.001 -22"><span class='ocrx_word' id='word_1_271' title='bbox 720 2131 862 2199; x_wconf 81' lang='lat' dir='ltr'><strong>quod</strong></span> <span class='ocrx_word' id='word_1_272' title='bbox 891 2140 1104 2199; x_wconf 83' lang='lat' dir='ltr'><strong>putaret</strong></span> <span class='ocrx_word' id='word_1_273' title='bbox 1146 2144 1205 2183; x_wconf 91' lang='lat' dir='ltr'><strong>se</strong></span> <span class='ocrx_word' id='word_1_274' title='bbox 1237 2143 1398 2198; x_wconf 90' lang='lat' dir='ltr'><strong>posse</strong></span> <span class='ocrx_word' id='word_1_275' title='bbox 1423 2129 1470 2180; x_wconf 89' lang='lat' dir='ltr'><strong>ei</strong></span> <span class='ocrx_word' id='word_1_276' title='bbox 1509 2128 1840 2196; x_wconf 83' lang='lat' dir='ltr'><strong>persuadere</strong></span> <span class='ocrx_word' id='word_1_277' title='bbox 1874 2144 1887 2178; x_wconf 88' lang='lat'>:</span> <span class='ocrx_word' id='word_1_278' title='bbox 1920 2125 2050 2190; x_wconf 88' lang='lat' dir='ltr'><strong>Fac,</strong></span> <span class='ocrx_word' id='word_1_279' title='bbox 2105 2126 2302 2195; x_wconf 89' lang='lat' dir='ltr'><strong>inquit,</strong></span> 
     </span>
    </p>
   </div>
   <div class='ocr_carea' id='block_1_38' title="bbox 723 2216 2302 2291">
    <p class='ocr_par' dir='ltr' id='par_1_38' title="bbox 723 2216 2302 2291">
     <span class='ocr_line' id='line_1_38' title="bbox 723 2216 2302 2291; baseline -0.003 -15"><span class='ocrx_word' id='word_1_280' title='bbox 723 2239 754 2276; x_wconf 91' lang='grc' dir='ltr'><strong>ο</strong></span> <span class='ocrx_word' id='word_1_281' title='bbox 787 2235 840 2276; x_wconf 89' lang='grc' dir='ltr'><strong>ιιι</strong></span> <span class='ocrx_word' id='word_1_282' title='bbox 871 2223 1025 2291; x_wconf 76' lang='lat' dir='ltr'><strong>plane</strong></span> <span class='ocrx_word' id='word_1_283' title='bbox 1052 2222 1218 2275; x_wconf 91' lang='lat' dir='ltr'><strong>stulte</strong></span> <span class='ocrx_word' id='word_1_284' title='bbox 1248 2230 1301 2274; x_wconf 91' lang='lat' dir='ltr'><strong>et</strong></span> <span class='ocrx_word' id='word_1_285' title='bbox 1327 2234 1532 2273; x_wconf 89' lang='lat' dir='ltr'><strong>amens.</strong></span> <span class='ocrx_word' id='word_1_286' title='bbox 1562 2217 1693 2271; x_wconf 85' lang='lat' dir='ltr'><strong>Nam</strong></span> <span class='ocrx_word' id='word_1_287' title='bbox 1750 2233 1835 2271; x_wconf 91' lang='lat' dir='ltr'><strong>me</strong></span> <span class='ocrx_word' id='word_1_288' title='bbox 1878 2216 2102 2271; x_wconf 81' lang='lat' dir='ltr'><strong>habebis</strong></span> <span class='ocrx_word' id='word_1_289' title='bbox 2130 2219 2302 2285; x_wconf 86' lang='lat' dir='ltr'><strong>magis</strong></span> 
     </span>
    </p>
   </div>
   <div class='ocr_carea' id='block_1_39' title="bbox 720 2307 2306 2383">
    <p class='ocr_par' dir='ltr' id='par_1_39' title="bbox 720 2307 2306 2383">
     <span class='ocr_line' id='line_1_39' title="bbox 720 2307 2306 2383; baseline -0.003 -16"><span class='ocrx_word' id='word_1_290' title='bbox 720 2326 965 2382; x_wconf 79' lang='lat' dir='ltr'><strong>paratam</strong></span> <span class='ocrx_word' id='word_1_291' title='bbox 998 2314 1129 2383; x_wconf 79' lang='lat' dir='ltr'><strong>pati,</strong></span> <span class='ocrx_word' id='word_1_292' title='bbox 1163 2328 1325 2381; x_wconf 88' lang='lat' dir='ltr'><strong>quam</strong></span> <span class='ocrx_word' id='word_1_293' title='bbox 1361 2323 1414 2363; x_wconf 90' lang='grc' dir='ltr'><strong>ιιι</strong></span> <span class='ocrx_word' id='word_1_294' title='bbox 1470 2312 1545 2364; x_wconf 88' lang='lat' dir='ltr'><strong>sis</strong></span> <span class='ocrx_word' id='word_1_295' title='bbox 1576 2318 1796 2379; x_wconf 87' lang='lat' dir='ltr'><strong>paratus</strong></span> <span class='ocrx_word' id='word_1_296' title='bbox 1828 2307 2027 2362; x_wconf 86' lang='lat' dir='ltr'><strong>facere.</strong></span> <span class='ocrx_word' id='word_1_297' title='bbox 2062 2308 2196 2363; x_wconf 89' lang='lat' dir='ltr'><strong>Cum</strong></span> <span class='ocrx_word' id='word_1_298' title='bbox 2227 2309 2306 2363; x_wconf 88' lang='lat' dir='ltr'><strong>sic</strong></span> 
     </span>
    </p>
   </div>
   <div class='ocr_carea' id='block_1_40' title="bbox 720 2398 2303 2469">
    <p class='ocr_par' dir='ltr' id='par_1_40' title="bbox 720 2398 2303 2469">
     <span class='ocr_line' id='line_1_40' title="bbox 720 2398 2303 2469; baseline -0.006 -8"><span class='ocrx_word' id='word_1_299' title='bbox 720 2408 969 2469; x_wconf 79' lang='lat' dir='ltr'><strong>dixiSset,</strong></span> <span class='ocrx_word' id='word_1_300' title='bbox 987 2405 1286 2457; x_wconf 86' lang='lat' dir='ltr'><strong>acerbioris</strong></span> <span class='ocrx_word' id='word_1_301' title='bbox 1312 2402 1576 2455; x_wconf 87' lang='lat' dir='ltr'><strong>orationis</strong></span> <span class='ocrx_word' id='word_1_302' title='bbox 1599 2412 1789 2468; x_wconf 80' lang='lat' dir='ltr'><strong>poenas</strong></span> <span class='ocrx_word' id='word_1_303' title='bbox 1808 2398 1905 2451; x_wconf 91' lang='lat' dir='ltr'><strong>luit</strong></span> <span class='ocrx_word' id='word_1_304' title='bbox 1926 2401 2303 2468; x_wconf 87' lang='lat' dir='ltr'><strong>gravissimas,</strong></span> 
     </span>
    </p>
   </div>
   <div class='ocr_carea' id='block_1_41' title="bbox 723 2493 2297 2566">
    <p class='ocr_par' dir='ltr' id='par_1_41' title="bbox 723 2493 2297 2566">
     <span class='ocr_line' id='line_1_41' title="bbox 723 2493 2297 2566; baseline -0.004 -14"><span class='ocrx_word' id='word_1_305' title='bbox 723 2513 982 2566; x_wconf 88' lang='lat' dir='ltr'><strong>suspensa</strong></span> <span class='ocrx_word' id='word_1_306' title='bbox 1012 2498 1230 2564; x_wconf 85' lang='lat' dir='ltr'><strong>quidem</strong></span> <span class='ocrx_word' id='word_1_307' title='bbox 1265 2493 1481 2561; x_wconf 85' lang='lat' dir='ltr'><strong>capillis</strong></span> <span class='ocrx_word' id='word_1_308' title='bbox 1512 2493 1727 2559; x_wconf 83' lang='lat' dir='ltr'><strong>capitis,</strong></span> <span class='ocrx_word' id='word_1_309' title='bbox 1755 2505 1950 2558; x_wconf 86' lang='lat' dir='ltr'><strong>magna</strong></span> <span class='ocrx_word' id='word_1_310' title='bbox 1984 2502 2165 2544; x_wconf 85' lang='lat' dir='ltr'><strong>autem</strong></span> <span class='ocrx_word' id='word_1_311' title='bbox 2191 2493 2297 2547; x_wconf 90' lang='lat' dir='ltr'><strong>diei</strong></span> 
     </span>
    </p>
   </div>
   <div class='ocr_carea' id='block_1_42' title="bbox 723 2584 2305 2663">
    <p class='ocr_par' dir='ltr' id='par_1_42' title="bbox 723 2584 2305 2663">
     <span class='ocr_line' id='line_1_42' title="bbox 723 2584 2305 2663; baseline -0.003 -19"><span class='ocrx_word' id='word_1_312' title='bbox 723 2602 877 2663; x_wconf 86' lang='lat' dir='ltr'><strong>parte</strong></span> <span class='ocrx_word' id='word_1_313' title='bbox 935 2590 1196 2659; x_wconf 89' lang='lat' dir='ltr'><strong>pendens,</strong></span> <span class='ocrx_word' id='word_1_314' title='bbox 1233 2590 1367 2640; x_wconf 89' lang='lat' dir='ltr'><strong>adeo</strong></span> <span class='ocrx_word' id='word_1_315' title='bbox 1426 2595 1482 2637; x_wconf 91' lang='lat' dir='ltr'><strong>ut</strong></span> <span class='ocrx_word' id='word_1_316' title='bbox 1510 2595 1729 2653; x_wconf 84' lang='lat' dir='ltr'><strong>propter</strong></span> <span class='ocrx_word' id='word_1_317' title='bbox 1790 2584 2081 2637; x_wconf 74' lang='lat' dir='ltr'><strong>violentam</strong></span> <span class='ocrx_word' id='word_1_318' title='bbox 2115 2596 2305 2639; x_wconf 74' lang='lat' dir='ltr'><strong>exten-</strong></span> 
     </span>
    </p>
   </div>
   <div class='ocr_carea' id='block_1_43' title="bbox 723 2678 2306 2748">
    <p class='ocr_par' dir='ltr' id='par_1_43' title="bbox 723 2678 2306 2748">
     <span class='ocr_line' id='line_1_43' title="bbox 723 2678 2306 2748; baseline -0.003 -10"><span class='ocrx_word' id='word_1_319' title='bbox 723 2686 933 2739; x_wconf 87' lang='lat' dir='ltr'><strong>sionem</strong></span> <span class='ocrx_word' id='word_1_320' title='bbox 984 2684 1170 2735; x_wconf 80' lang='lat' dir='ltr'><strong>avulsa</strong></span> <span class='ocrx_word' id='word_1_321' title='bbox 1229 2679 1446 2748; x_wconf 88' lang='lat' dir='ltr'><strong>quidem</strong></span> <span class='ocrx_word' id='word_1_322' title='bbox 1501 2678 1576 2733; x_wconf 88' lang='lat' dir='ltr'><strong>sit</strong></span> <span class='ocrx_word' id='word_1_323' title='bbox 1632 2678 1783 2745; x_wconf 88' lang='lat' dir='ltr'><strong>pellis</strong></span> <span class='ocrx_word' id='word_1_324' title='bbox 1830 2692 1855 2729; x_wconf 89' lang='lat' dir='ltr'><strong>a</strong></span> <span class='ocrx_word' id='word_1_325' title='bbox 1890 2678 2089 2747; x_wconf 88' lang='lat' dir='ltr'><strong>capite,</strong></span> <span class='ocrx_word' id='word_1_326' title='bbox 2125 2678 2306 2733; x_wconf 89' lang='lat' dir='ltr'><strong>vultus</strong></span> 
     </span>
    </p>
   </div>
   <div class='ocr_carea' id='block_1_44' title="bbox 723 2767 2306 2840">
    <p class='ocr_par' dir='ltr' id='par_1_44' title="bbox 723 2767 2306 2840">
     <span class='ocr_line' id='line_1_44' title="bbox 723 2767 2306 2840; baseline -0.003 -12"><span class='ocrx_word' id='word_1_327' title='bbox 723 2790 855 2829; x_wconf 90' lang='lat' dir='ltr'><strong>vero</strong></span> <span class='ocrx_word' id='word_1_328' title='bbox 882 2776 951 2827; x_wconf 89' lang='lat' dir='ltr'><strong>sit</strong></span> <span class='ocrx_word' id='word_1_329' title='bbox 982 2774 1137 2826; x_wconf 86' lang='lat' dir='ltr'><strong>valde</strong></span> <span class='ocrx_word' id='word_1_330' title='bbox 1160 2774 1529 2840; x_wconf 84' lang='lat' dir='ltr'><strong>perturbatus,</strong></span> <span class='ocrx_word' id='word_1_331' title='bbox 1562 2780 1617 2824; x_wconf 86' lang='lat' dir='ltr'><strong>et</strong></span> <span class='ocrx_word' id='word_1_332' title='bbox 1653 2783 1819 2839; x_wconf 88' lang='lat' dir='ltr'><strong>super</strong></span> <span class='ocrx_word' id='word_1_333' title='bbox 1863 2767 2100 2823; x_wconf 82' lang='lat' dir='ltr'><strong>frontem</strong></span> <span class='ocrx_word' id='word_1_334' title='bbox 2133 2780 2306 2823; x_wconf 88' lang='lat' dir='ltr'><strong>tracta</strong></span> 
     </span>
    </p>
   </div>
   <div class='ocr_carea' id='block_1_45' title="bbox 725 2862 2301 2937">
    <p class='ocr_par' dir='ltr' id='par_1_45' title="bbox 725 2862 2301 2937">
     <span class='ocr_line' id='line_1_45' title="bbox 725 2862 2301 2937; baseline -0.006 -15"><span class='ocrx_word' id='word_1_335' title='bbox 725 2869 925 2923; x_wconf 82' lang='lat' dir='ltr'><strong>fuerint</strong></span> <span class='ocrx_word' id='word_1_336' title='bbox 958 2866 1270 2937; x_wconf 82' lang='lat' dir='ltr'><strong>supercilia.</strong></span> <span class='ocrx_word' id='word_1_337' title='bbox 1321 2862 1622 2919; x_wconf 52' lang='lat' dir='ltr'><strong>Praefectus</strong></span> <span class='ocrx_word' id='word_1_338' title='bbox 1662 2878 1793 2932; x_wconf 85' lang='lat' dir='ltr'><strong>ergo</strong></span> <span class='ocrx_word' id='word_1_339' title='bbox 1817 2864 1984 2916; x_wconf 86' lang='lat' dir='ltr'><strong>etiam</strong></span> <span class='ocrx_word' id='word_1_340' title='bbox 2014 2874 2143 2932; x_wconf 90' lang='lat' dir='ltr'><strong>post</strong></span> <span class='ocrx_word' id='word_1_341' title='bbox 2166 2878 2301 2930; x_wconf 79' lang='lat' dir='ltr'><strong>sup-</strong></span> 
     </span>
    </p>
   </div>
   <div class='ocr_carea' id='block_1_46' title="bbox 726 2958 2309 3033">
    <p class='ocr_par' dir='ltr' id='par_1_46' title="bbox 726 2958 2309 3033">
     <span class='ocr_line' id='line_1_46' title="bbox 726 2958 2309 3033; baseline -0.001 -19"><span class='ocrx_word' id='word_1_342' title='bbox 726 2962 948 3033; x_wconf 87' lang='lat' dir='ltr'><strong>plicium</strong></span> <span class='ocrx_word' id='word_1_343' title='bbox 1011 2960 1172 3013; x_wconf 86' lang='lat' dir='ltr'><strong>verba</strong></span> <span class='ocrx_word' id='word_1_344' title='bbox 1217 2973 1407 3012; x_wconf 89' lang='lat' dir='ltr'><strong>rursus</strong></span> <span class='ocrx_word' id='word_1_345' title='bbox 1457 2958 1728 3023; x_wconf 80' lang='lat' dir='ltr'><strong>adhibuit,</strong></span> <span class='ocrx_word' id='word_1_346' title='bbox 1755 2959 1804 3010; x_wconf 92' lang='lat' dir='ltr'><strong>ei</strong></span> <span class='ocrx_word' id='word_1_347' title='bbox 1843 2972 1993 3025; x_wconf 86' lang='lat' dir='ltr'><strong>spem</strong></span> <span class='ocrx_word' id='word_1_348' title='bbox 2035 2960 2309 3025; x_wconf 70' lang='lat' dir='ltr'><strong>prmbente</strong></span> 
     </span>
    </p>
   </div>
   <div class='ocr_carea' id='block_1_47' title="bbox 729 3048 2308 3119">
    <p class='ocr_par' dir='ltr' id='par_1_47' title="bbox 729 3048 2308 3119">
     <span class='ocr_line' id='line_1_47' title="bbox 729 3048 2308 3119; baseline -0.002 -12"><span class='ocrx_word' id='word_1_349' title='bbox 729 3068 937 3115; x_wconf 87' lang='lat' dir='ltr'><strong>amore.</strong></span> <span class='ocrx_word' id='word_1_350' title='bbox 975 3061 1030 3106; x_wconf 92' lang='lat' dir='ltr'><strong>et</strong></span> <span class='ocrx_word' id='word_1_351' title='bbox 1086 3061 1144 3106; x_wconf 91' lang='lat' dir='ltr'><strong>ut</strong></span> <span class='ocrx_word' id='word_1_352' title='bbox 1202 3052 1277 3115; x_wconf 89' lang='lat' dir='ltr'><strong>id,</strong></span> <span class='ocrx_word' id='word_1_353' title='bbox 1319 3050 1463 3119; x_wconf 91' lang='lat' dir='ltr'><strong>quod</strong></span> <span class='ocrx_word' id='word_1_354' title='bbox 1522 3048 1676 3103; x_wconf 89' lang='lat' dir='ltr'><strong>valde</strong></span> <span class='ocrx_word' id='word_1_355' title='bbox 1738 3048 1915 3113; x_wconf 89' lang='lat' dir='ltr'><strong>vellet,</strong></span> <span class='ocrx_word' id='word_1_356' title='bbox 1965 3058 2308 3118; x_wconf 77' lang='lat' dir='ltr'><strong>exspectaret</strong></span> 
     </span>
    </p>
   </div>
   <div class='ocr_carea' id='block_1_48' title="bbox 731 3148 1109 3217">
    <p class='ocr_par' dir='ltr' id='par_1_48' title="bbox 731 3148 1109 3217">
     <span class='ocr_line' id='line_1_48' title="bbox 731 3148 1109 3217; baseline -0.011 -16"><span class='ocrx_word' id='word_1_357' title='bbox 731 3148 1109 3217; x_wconf 77' lang='lat' dir='ltr'><strong>persuadente.</strong></span> 
     </span>
    </p>
   </div>
   <div class='ocr_carea' id='block_1_49' title="bbox 808 3232 2378 3306">
    <p class='ocr_par' dir='ltr' id='par_1_49' title="bbox 808 3232 2378 3306">
     <span class='ocr_line' id='line_1_49' title="bbox 808 3232 2378 3306; baseline -0.003 -15"><span class='ocrx_word' id='word_1_358' title='bbox 808 3238 916 3292; x_wconf 75' lang='lat' dir='ltr'><strong>Vll.</strong></span> <span class='ocrx_word' id='word_1_359' title='bbox 949 3236 1240 3306; x_wconf 86' lang='lat' dir='ltr'><strong>Postquam</strong></span> <span class='ocrx_word' id='word_1_360' title='bbox 1278 3245 1460 3287; x_wconf 87' lang='lat' dir='ltr'><strong>autem</strong></span> <span class='ocrx_word' id='word_1_361' title='bbox 1494 3232 1584 3287; x_wconf 90' lang='lat' dir='ltr'><strong>ille</strong></span> <span class='ocrx_word' id='word_1_362' title='bbox 1612 3233 1778 3287; x_wconf 83' lang='lat' dir='ltr'><strong>multa</strong></span> <span class='ocrx_word' id='word_1_363' title='bbox 1813 3234 2021 3298; x_wconf 81' lang='lat' dir='ltr'><strong>dicens,</strong></span> <span class='ocrx_word' id='word_1_364' title='bbox 2046 3234 2194 3288; x_wconf 87' lang='lat' dir='ltr'><strong>visus</strong></span> <span class='ocrx_word' id='word_1_365' title='bbox 2224 3243 2309 3288; x_wconf 88' lang='lat' dir='ltr'><strong>est</strong></span> <span class='ocrx_word' id='word_1_366' title='bbox 2350 3285 2378 3306; x_wconf 45' lang='grc' dir='ltr'><strong>η</strong></span> 
     </span>
    </p>
   </div>
   <div class='ocr_carea' id='block_1_50' title="bbox 734 3306 2380 3392">
    <p class='ocr_par' dir='ltr' id='par_1_50' title="bbox 734 3306 2380 3392">
     <span class='ocr_line' id='line_1_50' title="bbox 734 3306 2380 3392; baseline -0.001 -10"><span class='ocrx_word' id='word_1_367' title='bbox 734 3330 966 3382; x_wconf 82' lang='lat' dir='ltr'><strong>inaniter</strong></span> <span class='ocrx_word' id='word_1_368' title='bbox 984 3342 1200 3388; x_wconf 89' lang='lat' dir='ltr'><strong>canere,</strong></span> <span class='ocrx_word' id='word_1_369' title='bbox 1234 3336 1285 3379; x_wconf 90' lang='lat' dir='ltr'><strong>et</strong></span> <span class='ocrx_word' id='word_1_370' title='bbox 1319 3326 1384 3377; x_wconf 90' lang='lat' dir='ltr'><strong>ad</strong></span> <span class='ocrx_word' id='word_1_371' title='bbox 1420 3340 1513 3377; x_wconf 90' lang='lat' dir='ltr'><strong>cor</strong></span> <span class='ocrx_word' id='word_1_372' title='bbox 1543 3327 1761 3392; x_wconf 82' lang='lat' dir='ltr'><strong>quidem</strong></span> <span class='ocrx_word' id='word_1_373' title='bbox 1795 3324 1924 3377; x_wconf 86' lang='lat' dir='ltr'><strong>nihil</strong></span> <span class='ocrx_word' id='word_1_374' title='bbox 1951 3326 2150 3386; x_wconf 88' lang='lat' dir='ltr'><strong>dicere,</strong></span> <span class='ocrx_word' id='word_1_375' title='bbox 2174 3325 2309 3381; x_wconf 83' lang='lat' dir='ltr'><strong>foris</strong></span> <span class='ocrx_word' id='word_1_376' title='bbox 2337 3306 2380 3343; x_wconf 54' lang='grc' dir='ltr'>υ</span> 
     </span>
    </p>
   </div>
   <div class='ocr_carea' id='block_1_51' title="bbox 732 3416 2310 3484">
    <p class='ocr_par' dir='ltr' id='par_1_51' title="bbox 732 3416 2310 3484">
     <span class='ocr_line' id='line_1_51' title="bbox 732 3416 2310 3484; baseline -0.002 -11"><span class='ocrx_word' id='word_1_377' title='bbox 732 3429 911 3473; x_wconf 88' lang='lat' dir='ltr'><strong>autem</strong></span> <span class='ocrx_word' id='word_1_378' title='bbox 972 3420 1147 3472; x_wconf 90' lang='lat' dir='ltr'><strong>solum</strong></span> <span class='ocrx_word' id='word_1_379' title='bbox 1183 3431 1340 3469; x_wconf 83' lang='lat' dir='ltr'><strong>aures</strong></span> <span class='ocrx_word' id='word_1_380' title='bbox 1379 3417 1625 3484; x_wconf 89' lang='lat' dir='ltr'><strong>implere,</strong></span> <span class='ocrx_word' id='word_1_381' title='bbox 1662 3416 1908 3469; x_wconf 89' lang='lat' dir='ltr'><strong>molestia</strong></span> <span class='ocrx_word' id='word_1_382' title='bbox 1956 3432 2143 3469; x_wconf 74' lang='lat' dir='ltr'><strong>rursus</strong></span> <span class='ocrx_word' id='word_1_383' title='bbox 2179 3417 2310 3471; x_wconf 68' lang='grc' dir='ltr'>ειπε-</span> 
     </span>
    </p>
   </div>
   <div class='ocr_carea' id='block_1_52' title="bbox 730 3512 2309 3580">
    <p class='ocr_par' dir='ltr' id='par_1_52' title="bbox 730 3512 2309 3580">
     <span class='ocr_line' id='line_1_52' title="bbox 730 3512 2309 3580; baseline -0.001 -13"><span class='ocrx_word' id='word_1_384' title='bbox 730 3524 849 3567; x_wconf 81' lang='lat' dir='ltr'><strong>ctus</strong></span> <span class='ocrx_word' id='word_1_385' title='bbox 872 3524 953 3565; x_wconf 87' lang='lat' dir='ltr'><strong>est</strong></span> <span class='ocrx_word' id='word_1_386' title='bbox 986 3514 1223 3579; x_wconf 89' lang='lat' dir='ltr'><strong>impius:</strong></span> <span class='ocrx_word' id='word_1_387' title='bbox 1259 3519 1313 3563; x_wconf 81' lang='lat' dir='ltr'><strong>ct</strong></span> <span class='ocrx_word' id='word_1_388' title='bbox 1353 3526 1539 3563; x_wconf 87' lang='lat' dir='ltr'><strong>rursus</strong></span> <span class='ocrx_word' id='word_1_389' title='bbox 1596 3520 1993 3579; x_wconf 79' lang='lat' dir='ltr'><strong>c0usequenter</strong></span> <span class='ocrx_word' id='word_1_390' title='bbox 2034 3512 2309 3580; x_wconf 66' lang='lat' dir='ltr'><strong>praeclara:</strong></span> 
     </span>
    </p>
   </div>
   <div class='ocr_carea' id='block_1_53' title="bbox 733 3604 2309 3679">
    <p class='ocr_par' dir='ltr' id='par_1_53' title="bbox 733 3604 2309 3679">
     <span class='ocr_line' id='line_1_53' title="bbox 733 3604 2309 3679; baseline 0 -17"><span class='ocrx_word' id='word_1_391' title='bbox 733 3610 960 3679; x_wconf 88' lang='lat' dir='ltr'><strong>martyri</strong></span> <span class='ocrx_word' id='word_1_392' title='bbox 987 3607 1227 3661; x_wconf 81' lang='lat' dir='ltr'><strong>adhibita</strong></span> <span class='ocrx_word' id='word_1_393' title='bbox 1255 3618 1376 3659; x_wconf 85' lang='lat' dir='ltr'><strong>sunt</strong></span> <span class='ocrx_word' id='word_1_394' title='bbox 1403 3616 1694 3660; x_wconf 87' lang='lat' dir='ltr'><strong>tormenta.</strong></span> <span class='ocrx_word' id='word_1_395' title='bbox 1716 3604 1883 3661; x_wconf 82' lang='lat' dir='ltr'><strong>Jussit</strong></span> <span class='ocrx_word' id='word_1_396' title='bbox 1907 3610 2051 3661; x_wconf 86' lang='lat' dir='ltr'><strong>enim</strong></span> <span class='ocrx_word' id='word_1_397' title='bbox 2074 3609 2309 3662; x_wconf 90' lang='lat' dir='ltr'><strong>laminas</strong></span> 
     </span>
    </p>
   </div>
   <div class='ocr_carea' id='block_1_54' title="bbox 732 3699 2313 3771">
    <p class='ocr_par' dir='ltr' id='par_1_54' title="bbox 732 3699 2313 3771">
     <span class='ocr_line' id='line_1_54' title="bbox 732 3699 2313 3771; baseline -0.001 -17"><span class='ocrx_word' id='word_1_398' title='bbox 732 3700 939 3754; x_wconf 84' lang='lat' dir='ltr'><strong>ferreas</strong></span> <span class='ocrx_word' id='word_1_399' title='bbox 973 3699 1125 3754; x_wconf 85' lang='lat' dir='ltr'><strong>valde</strong></span> <span class='ocrx_word' id='word_1_400' title='bbox 1155 3702 1449 3753; x_wconf 85' lang='lat' dir='ltr'><strong>eandetites</strong></span> <span class='ocrx_word' id='word_1_401' title='bbox 1479 3700 1680 3767; x_wconf 91' lang='lat' dir='ltr'><strong>imponi</strong></span> <span class='ocrx_word' id='word_1_402' title='bbox 1716 3702 1834 3771; x_wconf 84' lang='lat' dir='ltr'><strong>ejus</strong></span> <span class='ocrx_word' id='word_1_403' title='bbox 1880 3702 2057 3753; x_wconf 80' lang='lat' dir='ltr'><strong>axillis</strong></span> <span class='ocrx_word' id='word_1_404' title='bbox 2096 3712 2148 3754; x_wconf 85' lang='lat' dir='ltr'><strong>et</strong></span> <span class='ocrx_word' id='word_1_405' title='bbox 2178 3700 2313 3753; x_wconf 85' lang='lat' dir='ltr'><strong>late-</strong></span> 
     </span>
    </p>
   </div>
   <div class='ocr_carea' id='block_1_55' title="bbox 734 3792 2314 3863">
    <p class='ocr_par' dir='ltr' id='par_1_55' title="bbox 734 3792 2314 3863">
     <span class='ocr_line' id='line_1_55' title="bbox 734 3792 2314 3863; baseline 0 -16"><span class='ocrx_word' id='word_1_406' title='bbox 734 3795 925 3849; x_wconf 86' lang='lat' dir='ltr'><strong>ribus:</strong></span> <span class='ocrx_word' id='word_1_407' title='bbox 954 3793 1148 3846; x_wconf 88' lang='lat' dir='ltr'><strong>deinde</strong></span> <span class='ocrx_word' id='word_1_408' title='bbox 1186 3792 1445 3846; x_wconf 88' lang='lat' dir='ltr'><strong>lateribus</strong></span> <span class='ocrx_word' id='word_1_409' title='bbox 1492 3808 1709 3863; x_wconf 84' lang='lat' dir='ltr'><strong>quoque</strong></span> <span class='ocrx_word' id='word_1_410' title='bbox 1742 3794 1953 3861; x_wconf 88' lang='lat' dir='ltr'><strong>alligari</strong></span> <span class='ocrx_word' id='word_1_411' title='bbox 2015 3808 2230 3855; x_wconf 89' lang='lat' dir='ltr'><strong>manus,</strong></span> <span class='ocrx_word' id='word_1_412' title='bbox 2259 3802 2314 3847; x_wconf 91' lang='lat' dir='ltr'><strong>et</strong></span> 
     </span>
    </p>
   </div>
   <div class='ocr_carea' id='block_1_56' title="bbox 735 3882 2312 3956">
    <p class='ocr_par' dir='ltr' id='par_1_56' title="bbox 735 3882 2312 3956">
     <span class='ocr_line' id='line_1_56' title="bbox 735 3882 2312 3956; baseline -0.003 -18"><span class='ocrx_word' id='word_1_413' title='bbox 735 3886 949 3956; x_wconf 88' lang='lat' dir='ltr'><strong>aliquod</strong></span> <span class='ocrx_word' id='word_1_414' title='bbox 989 3884 1133 3938; x_wconf 90' lang='lat' dir='ltr'><strong>aliud</strong></span> <span class='ocrx_word' id='word_1_415' title='bbox 1186 3882 1390 3937; x_wconf 86' lang='lat' dir='ltr'><strong>ferrum</strong></span> <span class='ocrx_word' id='word_1_416' title='bbox 1426 3886 1720 3953; x_wconf 80' lang='lat' dir='ltr'><strong>trauSadigi</strong></span> <span class='ocrx_word' id='word_1_417' title='bbox 1758 3900 1852 3954; x_wconf 89' lang='lat' dir='ltr'><strong>per</strong></span> <span class='ocrx_word' id='word_1_418' title='bbox 1883 3885 2058 3939; x_wconf 86' lang='lat' dir='ltr'><strong>media</strong></span> <span class='ocrx_word' id='word_1_419' title='bbox 2087 3886 2203 3954; x_wconf 86' lang='lat' dir='ltr'><strong>cjus</strong></span> <span class='ocrx_word' id='word_1_420' title='bbox 2232 3882 2312 3935; x_wconf 85' lang='lat' dir='ltr'><strong>fe-</strong></span> 
     </span>
    </p>
   </div>
   <div class='ocr_carea' id='block_1_57' title="bbox 737 3975 2311 4043">
    <p class='ocr_par' dir='ltr' id='par_1_57' title="bbox 737 3975 2311 4043">
     <span class='ocr_line' id='line_1_57' title="bbox 737 3975 2311 4043; baseline -0.001 -14"><span class='ocrx_word' id='word_1_421' title='bbox 737 3992 905 4039; x_wconf 84' lang='lat' dir='ltr'><strong>mora,</strong></span> <span class='ocrx_word' id='word_1_422' title='bbox 940 3987 992 4029; x_wconf 91' lang='lat' dir='ltr'><strong>et</strong></span> <span class='ocrx_word' id='word_1_423' title='bbox 1020 3976 1098 4028; x_wconf 89' lang='lat' dir='ltr'><strong>sic</strong></span> <span class='ocrx_word' id='word_1_424' title='bbox 1127 3976 1456 4042; x_wconf 77' lang='lat' dir='ltr'><strong>colligatum,</strong></span> <span class='ocrx_word' id='word_1_425' title='bbox 1489 3975 1569 4028; x_wconf 85' lang='lat' dir='ltr'><strong>vel</strong></span> <span class='ocrx_word' id='word_1_426' title='bbox 1601 3980 1775 4043; x_wconf 88' lang='lat' dir='ltr'><strong>potius</strong></span> <span class='ocrx_word' id='word_1_427' title='bbox 1805 3976 2095 4042; x_wconf 72' lang='lat' dir='ltr'><strong>tantixam,</strong></span> <span class='ocrx_word' id='word_1_428' title='bbox 2119 3975 2311 4028; x_wconf 80' lang='lat' dir='ltr'><strong>abduci</strong></span> 
     </span>
    </p>
   </div>
   <div class='ocr_carea' id='block_1_58' title="bbox 737 4069 2314 4134">
    <p class='ocr_par' dir='ltr' id='par_1_58' title="bbox 737 4069 2314 4134">
     <span class='ocr_line' id='line_1_58' title="bbox 737 4069 2314 4134; baseline -0.004 -9"><span class='ocrx_word' id='word_1_429' title='bbox 737 4074 790 4125; x_wconf 91' lang='lat' dir='ltr'><strong>in</strong></span> <span class='ocrx_word' id='word_1_430' title='bbox 823 4086 1120 4124; x_wconf 84' lang='lat' dir='ltr'><strong>carcerem.</strong></span> <span class='ocrx_word' id='word_1_431' title='bbox 1160 4069 1251 4122; x_wconf 87' lang='lat' dir='ltr'><strong>llla</strong></span> <span class='ocrx_word' id='word_1_432' title='bbox 1288 4084 1413 4121; x_wconf 89' lang='lat' dir='ltr'><strong>vero</strong></span> <span class='ocrx_word' id='word_1_433' title='bbox 1434 4084 1554 4121; x_wconf 89' lang='lat' dir='ltr'><strong>cum</strong></span> <span class='ocrx_word' id='word_1_434' title='bbox 1583 4080 1634 4121; x_wconf 91' lang='lat' dir='ltr'><strong>et</strong></span> <span class='ocrx_word' id='word_1_435' title='bbox 1667 4079 1774 4121; x_wconf 88' lang='lat' dir='ltr'><strong>tam</strong></span> <span class='ocrx_word' id='word_1_436' title='bbox 1828 4070 2080 4121; x_wconf 86' lang='lat' dir='ltr'><strong>acerbum</strong></span> <span class='ocrx_word' id='word_1_437' title='bbox 2130 4076 2314 4134; x_wconf 85' lang='lat' dir='ltr'><strong>pertu-</strong></span> 
     </span>
    </p>
   </div>
   <div class='ocr_carea' id='block_1_59' title="bbox 734 4160 2311 4229">
    <p class='ocr_par' dir='ltr' id='par_1_59' title="bbox 734 4160 2311 4229">
     <span class='ocr_line' id='line_1_59' title="bbox 734 4160 2311 4229; baseline -0.005 -14"><span class='ocrx_word' id='word_1_438' title='bbox 734 4163 889 4217; x_wconf 86' lang='lat' dir='ltr'><strong>lisset</strong></span> <span class='ocrx_word' id='word_1_439' title='bbox 943 4161 1290 4229; x_wconf 82' lang='lat' dir='ltr'><strong>supplicium,</strong></span> <span class='ocrx_word' id='word_1_440' title='bbox 1324 4168 1381 4211; x_wconf 92' lang='lat' dir='ltr'><strong>et</strong></span> <span class='ocrx_word' id='word_1_441' title='bbox 1430 4160 1659 4211; x_wconf 83' lang='lat' dir='ltr'><strong>abducta</strong></span> <span class='ocrx_word' id='word_1_442' title='bbox 1722 4160 1952 4213; x_wconf 90' lang='lat' dir='ltr'><strong>essetin</strong></span> <span class='ocrx_word' id='word_1_443' title='bbox 2014 4173 2311 4222; x_wconf 81' lang='lat' dir='ltr'><strong>carcerem,</strong></span> 
     </span>
    </p>
   </div>
   <div class='ocr_carea' id='block_1_60' title="bbox 734 4250 2313 4325">
    <p class='ocr_par' dir='ltr' id='par_1_60' title="bbox 734 4250 2313 4325">
     <span class='ocr_line' id='line_1_60' title="bbox 734 4250 2313 4325; baseline -0.006 -16"><span class='ocrx_word' id='word_1_444' title='bbox 734 4255 883 4309; x_wconf 85' lang='lat' dir='ltr'><strong>liumi</strong></span> <span class='ocrx_word' id='word_1_445' title='bbox 910 4255 1100 4325; x_wconf 85' lang='lat' dir='ltr'><strong>jaeeus</strong></span> <span class='ocrx_word' id='word_1_446' title='bbox 1130 4269 1145 4305; x_wconf 89' lang='lat'><strong>:</strong></span> <span class='ocrx_word' id='word_1_447' title='bbox 1176 4252 1396 4305; x_wconf 88' lang='lat' dir='ltr'><strong>Domine</strong></span> <span class='ocrx_word' id='word_1_448' title='bbox 1429 4250 1568 4303; x_wconf 89' lang='lat' dir='ltr'><strong>Deus</strong></span> <span class='ocrx_word' id='word_1_449' title='bbox 1602 4265 1751 4303; x_wconf 90' lang='lat' dir='ltr'><strong>mens</strong></span> <span class='ocrx_word' id='word_1_450' title='bbox 1797 4251 2165 4319; x_wconf 86' lang='lat' dir='ltr'><strong>omnipotens,</strong></span> <span class='ocrx_word' id='word_1_451' title='bbox 2199 4251 2313 4301; x_wconf 84' lang='lat' dir='ltr'><strong>cla-</strong></span> 
     </span>
    </p>
   </div>
   <div class='ocr_carea' id='block_1_61' title="bbox 735 4342 2312 4413">
    <p class='ocr_par' dir='ltr' id='par_1_61' title="bbox 735 4342 2312 4413">
     <span class='ocr_line' id='line_1_61' title="bbox 735 4342 2312 4413; baseline -0.003 -14"><span class='ocrx_word' id='word_1_452' title='bbox 735 4348 936 4410; x_wconf 86' lang='lat' dir='ltr'><strong>mabat,</strong></span> <span class='ocrx_word' id='word_1_453' title='bbox 1000 4346 1090 4413; x_wconf 88' lang='lat' dir='ltr'><strong>qui</strong></span> <span class='ocrx_word' id='word_1_454' title='bbox 1157 4359 1215 4397; x_wconf 85' lang='lat' dir='ltr'><strong>es</strong></span> <span class='ocrx_word' id='word_1_455' title='bbox 1273 4343 1508 4397; x_wconf 83' lang='lat' dir='ltr'><strong>invictus</strong></span> <span class='ocrx_word' id='word_1_456' title='bbox 1560 4344 1611 4395; x_wconf 90' lang='lat' dir='ltr'><strong>in</strong></span> <span class='ocrx_word' id='word_1_457' title='bbox 1660 4343 1917 4411; x_wconf 88' lang='lat' dir='ltr'><strong>potentia,</strong></span> <span class='ocrx_word' id='word_1_458' title='bbox 1948 4342 2041 4411; x_wconf 89' lang='lat' dir='ltr'><strong>qni</strong></span> <span class='ocrx_word' id='word_1_459' title='bbox 2074 4344 2227 4395; x_wconf 84' lang='lat' dir='ltr'><strong>fortis</strong></span> <span class='ocrx_word' id='word_1_460' title='bbox 2260 4343 2312 4394; x_wconf 90' lang='lat' dir='ltr'><strong>in</strong></span> 
     </span>
    </p>
   </div>
   <div class='ocr_carea' id='block_1_62' title="bbox 733 4432 2310 4507">
    <p class='ocr_par' dir='ltr' id='par_1_62' title="bbox 733 4432 2310 4507">
     <span class='ocr_line' id='line_1_62' title="bbox 733 4432 2310 4507; baseline -0.004 -15"><span class='ocrx_word' id='word_1_461' title='bbox 733 4439 1013 4507; x_wconf 82' lang='lat' dir='ltr'><strong>operibus,</strong></span> <span class='ocrx_word' id='word_1_462' title='bbox 1048 4433 1203 4489; x_wconf 83' lang='lat' dir='ltr'><strong>aufer</strong></span> <span class='ocrx_word' id='word_1_463' title='bbox 1227 4450 1255 4487; x_wconf 85' lang='lat' dir='ltr'><strong>a</strong></span> <span class='ocrx_word' id='word_1_464' title='bbox 1290 4450 1375 4488; x_wconf 87' lang='lat' dir='ltr'><strong>nte</strong></span> <span class='ocrx_word' id='word_1_465' title='bbox 1403 4435 1501 4487; x_wconf 78' lang='lat' dir='ltr'><strong>has</strong></span> <span class='ocrx_word' id='word_1_466' title='bbox 1541 4432 1883 4498; x_wconf 73' lang='lat' dir='ltr'><strong>aﬂiictiones,</strong></span> <span class='ocrx_word' id='word_1_467' title='bbox 1924 4444 1977 4487; x_wconf 90' lang='lat' dir='ltr'><strong>et</strong></span> <span class='ocrx_word' id='word_1_468' title='bbox 2009 4435 2075 4485; x_wconf 90' lang='lat' dir='ltr'><strong>ab</strong></span> <span class='ocrx_word' id='word_1_469' title='bbox 2099 4434 2189 4496; x_wconf 89' lang='lat' dir='ltr'><strong>iis,</strong></span> <span class='ocrx_word' id='word_1_470' title='bbox 2220 4434 2310 4502; x_wconf 87' lang='lat' dir='ltr'><strong>qui</strong></span> 
     </span>
    </p>
   </div>
   <div class='ocr_carea' id='block_1_63' title="bbox 735 4525 2311 4591">
    <p class='ocr_par' dir='ltr' id='par_1_63' title="bbox 735 4525 2311 4591">
     <span class='ocr_line' id='line_1_63' title="bbox 735 4525 2311 4591; baseline -0.003 -9"><span class='ocrx_word' id='word_1_471' title='bbox 735 4543 821 4583; x_wconf 86' lang='lat' dir='ltr'><strong>tne</strong></span> <span class='ocrx_word' id='word_1_472' title='bbox 873 4528 1237 4591; x_wconf 89' lang='lat' dir='ltr'><strong>circumdant,</strong></span> <span class='ocrx_word' id='word_1_473' title='bbox 1304 4526 1470 4580; x_wconf 89' lang='lat' dir='ltr'><strong>libera</strong></span> <span class='ocrx_word' id='word_1_474' title='bbox 1526 4526 1824 4588; x_wconf 89' lang='lat' dir='ltr'><strong>doloribus,</strong></span> <span class='ocrx_word' id='word_1_475' title='bbox 1884 4536 1942 4577; x_wconf 91' lang='lat' dir='ltr'><strong>ut</strong></span> <span class='ocrx_word' id='word_1_476' title='bbox 1969 4525 2246 4578; x_wconf 89' lang='lat' dir='ltr'><strong>Danielem</strong></span> <span class='ocrx_word' id='word_1_477' title='bbox 2282 4540 2311 4577; x_wconf 87' lang='lat' dir='ltr'><strong>a</strong></span> 
     </span>
    </p>
   </div>
   <div class='ocr_carea' id='block_1_64' title="bbox 2406 2028 3999 2108">
    <p class='ocr_par' dir='ltr' id='par_1_64' title="bbox 2406 2028 3999 2108">
     <span class='ocr_line' id='line_1_64' title="bbox 2406 2028 3999 2108; baseline 0.002 -22"><span class='ocrx_word' id='word_1_478' title='bbox 2406 2028 2486 2094; x_wconf 76' lang='grc' dir='ltr'>οἷς</span> <span class='ocrx_word' id='word_1_479' title='bbox 2521 2037 2615 2087; x_wconf 81' lang='grc' dir='ltr'><strong>καὶ</strong></span> <span class='ocrx_word' id='word_1_480' title='bbox 2647 2036 2728 2087; x_wconf 75' lang='grc' dir='ltr'>ἔτι</span> <span class='ocrx_word' id='word_1_481' title='bbox 2768 2038 3121 2104; x_wconf 73' lang='grc' dir='ltr'><strong>μεταπείσειν</strong></span> <span class='ocrx_word' id='word_1_482' title='bbox 3150 2039 3322 2107; x_wconf 76' lang='grc' dir='ltr'>αὐτὴν</span> <span class='ocrx_word' id='word_1_483' title='bbox 3354 2038 3511 2108; x_wconf 77' lang='grc' dir='ltr'>ᾤετο,</span> <span class='ocrx_word' id='word_1_484' title='bbox 3561 2039 3731 2098; x_wconf 81' lang='grc' dir='ltr'>Ποίει,</span> <span class='ocrx_word' id='word_1_485' title='bbox 3782 2043 3939 2106; x_wconf 68' lang='grc' dir='ltr'>φησὶ,</span> <span class='ocrx_word' id='word_1_486' title='bbox 3969 2038 3999 2089; x_wconf 83' lang='grc' dir='ltr'><strong>δ</strong></span> 
     </span>
    </p>
   </div>
   <div class='ocr_carea' id='block_1_65' title="bbox 2409 2126 3999 2201">
    <p class='ocr_par' dir='ltr' id='par_1_65' title="bbox 2409 2126 3999 2201">
     <span class='ocr_line' id='line_1_65' title="bbox 2409 2126 3999 2201; baseline 0.003 -21"><span class='ocrx_word' id='word_1_487' title='bbox 2409 2126 2606 2190; x_wconf 79' lang='grc' dir='ltr'>θέλεις,</span> <span class='ocrx_word' id='word_1_488' title='bbox 2656 2130 2848 2197; x_wconf 77' lang='grc' dir='ltr'>ἡλίθης</span> <span class='ocrx_word' id='word_1_489' title='bbox 2882 2131 3069 2199; x_wconf 75' lang='grc' dir='ltr'>σαφῶς</span> <span class='ocrx_word' id='word_1_490' title='bbox 3104 2134 3194 2183; x_wconf 67' lang='grc' dir='ltr'><strong>καὶ</strong></span> <span class='ocrx_word' id='word_1_491' title='bbox 3224 2134 3442 2201; x_wconf 70' lang='grc' dir='ltr'>ἀνόητε,</span> <span class='ocrx_word' id='word_1_492' title='bbox 3471 2132 3546 2195; x_wconf 81' lang='grc' dir='ltr'><strong>ὡς</strong></span> <span class='ocrx_word' id='word_1_493' title='bbox 3579 2132 3672 2184; x_wconf 73' lang='grc' dir='ltr'>τοῦ</span> <span class='ocrx_word' id='word_1_494' title='bbox 3705 2133 3765 2183; x_wconf 70' lang='grc' dir='ltr'><strong>σὲ</strong></span> <span class='ocrx_word' id='word_1_495' title='bbox 3820 2137 3999 2184; x_wconf 79' lang='grc' dir='ltr'><strong>ποιεῖν</strong></span> 
     </span>
    </p>
   </div>
   <div class='ocr_carea' id='block_1_66' title="bbox 2408 2220 3997 2294">
    <p class='ocr_par' dir='ltr' id='par_1_66' title="bbox 2408 2220 3997 2294">
     <span class='ocr_line' id='line_1_66' title="bbox 2408 2220 3997 2294; baseline 0.004 -23"><span class='ocrx_word' id='word_1_496' title='bbox 2408 2220 2506 2290; x_wconf 71' lang='grc' dir='ltr'><strong>ἐμὲ</strong></span> <span class='ocrx_word' id='word_1_497' title='bbox 2542 2220 2743 2289; x_wconf 81' lang='grc' dir='ltr'>μᾶλλον</span> <span class='ocrx_word' id='word_1_498' title='bbox 2774 2223 2914 2287; x_wconf 79' lang='grc' dir='ltr'>ἔξεις</span> <span class='ocrx_word' id='word_1_499' title='bbox 2943 2222 3004 2275; x_wconf 81' lang='grc' dir='ltr'><strong>τὸ</strong></span> <span class='ocrx_word' id='word_1_500' title='bbox 3035 2225 3223 2276; x_wconf 79' lang='grc' dir='ltr'>παθεῖν</span> <span class='ocrx_word' id='word_1_501' title='bbox 3261 2226 3503 2294; x_wconf 75' lang='grc' dir='ltr'>ἕτοιμον.</span> <span class='ocrx_word' id='word_1_502' title='bbox 3543 2226 3727 2288; x_wconf 72' lang='grc' dir='ltr'>Οὕτως</span> <span class='ocrx_word' id='word_1_503' title='bbox 3759 2226 3997 2278; x_wconf 75' lang='grc' dir='ltr'>εἰποῦσα</span> 
     </span>
    </p>
   </div>
   <div class='ocr_carea' id='block_1_67' title="bbox 2408 2312 3999 2388">
    <p class='ocr_par' dir='ltr' id='par_1_67' title="bbox 2408 2312 3999 2388">
     <span class='ocr_line' id='line_1_67' title="bbox 2408 2312 3999 2388; baseline 0.004 -25"><span class='ocrx_word' id='word_1_504' title='bbox 2408 2312 2583 2381; x_wconf 87' lang='grc' dir='ltr'>λόγων</span> <span class='ocrx_word' id='word_1_505' title='bbox 2617 2315 2961 2384; x_wconf 81' lang='grc' dir='ltr'>δριμυτέρων</span> <span class='ocrx_word' id='word_1_506' title='bbox 3000 2316 3144 2368; x_wconf 81' lang='grc' dir='ltr'>ἔτισε</span> <span class='ocrx_word' id='word_1_507' title='bbox 3177 2319 3451 2386; x_wconf 79' lang='grc' dir='ltr'>τιμωρίαν</span> <span class='ocrx_word' id='word_1_508' title='bbox 3494 2320 3849 2388; x_wconf 80' lang='grc' dir='ltr'><strong>πικροτάτην,</strong></span> <span class='ocrx_word' id='word_1_509' title='bbox 3882 2318 3999 2369; x_wconf 86' lang='grc' dir='ltr'><strong>τῶν</strong></span> 
     </span>
    </p>
   </div>
   <div class='ocr_carea' id='block_1_68' title="bbox 2408 2408 3999 2482">
    <p class='ocr_par' dir='ltr' id='par_1_68' title="bbox 2408 2408 3999 2482">
     <span class='ocr_line' id='line_1_68' title="bbox 2408 2408 3999 2482; baseline -0.019 12"><span class='ocrx_word' id='word_1_510' title='bbox 2408 2408 2611 2476; x_wconf 64' lang='grc' dir='ltr'>τριχῶν</span> <span class='ocrx_word' id='word_1_511' title='bbox 2642 2408 2741 2477; x_wconf 66' lang='grc' dir='ltr'><strong>μὲν</strong></span> <span class='ocrx_word' id='word_1_512' title='bbox 2770 2408 3137 2481; x_wconf 68' lang='grc' dir='ltr'>ἀναρτηοεῖσπ</span> <span class='ocrx_word' id='word_1_513' title='bbox 3173 2410 3273 2478; x_wconf 75' lang='grc' dir='ltr'><strong>τῆς</strong></span> <span class='ocrx_word' id='word_1_514' title='bbox 3304 2412 3579 2480; x_wconf 69' lang='grc' dir='ltr'>κεφαλῆςο</span> <span class='ocrx_word' id='word_1_515' title='bbox 3612 2414 3703 2468; x_wconf 81' lang='grc' dir='ltr'>ἐπὶ</span> <span class='ocrx_word' id='word_1_516' title='bbox 3733 2414 3870 2466; x_wconf 65' lang='grc' dir='ltr'>πολὺ</span> <span class='ocrx_word' id='word_1_517' title='bbox 3896 2415 3999 2482; x_wconf 74' lang='grc' dir='ltr'>τῆς</span> 
     </span>
    </p>
   </div>
   <div class='ocr_carea' id='block_1_69' title="bbox 2410 2498 4001 2572">
    <p class='ocr_par' dir='ltr' id='par_1_69' title="bbox 2410 2498 4001 2572">
     <span class='ocr_line' id='line_1_69' title="bbox 2410 2498 4001 2572; baseline 0.005 -24"><span class='ocrx_word' id='word_1_518' title='bbox 2410 2498 2623 2567; x_wconf 81' lang='grc' dir='ltr'>ἡμέρας</span> <span class='ocrx_word' id='word_1_519' title='bbox 2665 2500 3082 2569; x_wconf 79' lang='grc' dir='ltr'>ἑκκρεμαμένη,</span> <span class='ocrx_word' id='word_1_520' title='bbox 3114 2500 3188 2563; x_wconf 79' lang='grc' dir='ltr'>ὥς</span> <span class='ocrx_word' id='word_1_521' title='bbox 3214 2519 3273 2553; x_wconf 83' lang='grc' dir='ltr'><strong>τε</strong></span> <span class='ocrx_word' id='word_1_522' title='bbox 3303 2504 3369 2571; x_wconf 77' lang='grc' dir='ltr'>τῇ</span> <span class='ocrx_word' id='word_1_523' title='bbox 3408 2502 3499 2571; x_wconf 77' lang='grc' dir='ltr'><strong>βία</strong></span> <span class='ocrx_word' id='word_1_524' title='bbox 3528 2504 3625 2572; x_wconf 80' lang='grc' dir='ltr'>τῆς</span> <span class='ocrx_word' id='word_1_525' title='bbox 3658 2505 3899 2566; x_wconf 72' lang='grc' dir='ltr'>στάσεως</span> <span class='ocrx_word' id='word_1_526' title='bbox 3936 2506 4001 2556; x_wconf 65' lang='grc' dir='ltr'><strong>τί)</strong></span> 
     </span>
    </p>
   </div>
   <div class='ocr_carea' id='block_1_70' title="bbox 2408 2589 4000 2665">
    <p class='ocr_par' dir='ltr' id='par_1_70' title="bbox 2408 2589 4000 2665">
     <span class='ocr_line' id='line_1_70' title="bbox 2408 2589 4000 2665; baseline 0.004 -24"><span class='ocrx_word' id='word_1_527' title='bbox 2408 2589 2583 2659; x_wconf 85' lang='grc' dir='ltr'>δέρμα</span> <span class='ocrx_word' id='word_1_528' title='bbox 2617 2590 2717 2659; x_wconf 85' lang='grc' dir='ltr'><strong>μὲν</strong></span> <span class='ocrx_word' id='word_1_529' title='bbox 2752 2593 3176 2661; x_wconf 68' lang='grc' dir='ltr'><strong>ἀποσπασθῆναι</strong></span> <span class='ocrx_word' id='word_1_530' title='bbox 3205 2598 3302 2664; x_wconf 79' lang='grc' dir='ltr'>τῆς</span> <span class='ocrx_word' id='word_1_531' title='bbox 3338 2597 3604 2662; x_wconf 76' lang='grc' dir='ltr'>κεφαλῆς,</span> <span class='ocrx_word' id='word_1_532' title='bbox 3639 2596 3737 2665; x_wconf 80' lang='grc' dir='ltr'>τὴν</span> <span class='ocrx_word' id='word_1_533' title='bbox 3782 2598 3907 2664; x_wconf 64' lang='grc' dir='ltr'>δ’,ζνιν</span> <span class='ocrx_word' id='word_1_534' title='bbox 3938 2614 4000 2648; x_wconf 86' lang='grc' dir='ltr'><strong>τε</strong></span> 
     </span>
    </p>
   </div>
   <div class='ocr_carea' id='block_1_71' title="bbox 2408 2681 4001 2757">
    <p class='ocr_par' dir='ltr' id='par_1_71' title="bbox 2408 2681 4001 2757">
     <span class='ocr_line' id='line_1_71' title="bbox 2408 2681 4001 2757; baseline 0.006 -24"><span class='ocrx_word' id='word_1_535' title='bbox 2408 2681 2597 2746; x_wconf 81' lang='grc' dir='ltr'><strong>δεινῶς</strong></span> <span class='ocrx_word' id='word_1_536' title='bbox 2628 2684 2988 2755; x_wconf 79' lang='grc' dir='ltr'><strong>συγχυθῆναι,</strong></span> <span class='ocrx_word' id='word_1_537' title='bbox 3024 2687 3117 2737; x_wconf 72' lang='grc' dir='ltr'><strong>καὶ</strong></span> <span class='ocrx_word' id='word_1_538' title='bbox 3144 2687 3241 2749; x_wconf 63' lang='grc' dir='ltr'>τὸς</span> <span class='ocrx_word' id='word_1_539' title='bbox 3271 2687 3445 2755; x_wconf 73' lang='grc' dir='ltr'>ὀφρῦς</span> <span class='ocrx_word' id='word_1_540' title='bbox 3470 2690 3582 2741; x_wconf 76' lang='grc' dir='ltr'><strong>ἄνω</strong></span> <span class='ocrx_word' id='word_1_541' title='bbox 3609 2689 3703 2741; x_wconf 83' lang='grc' dir='ltr'>τοῦ</span> <span class='ocrx_word' id='word_1_542' title='bbox 3736 2690 4001 2757; x_wconf 75' lang='grc' dir='ltr'>μετώπου</span> 
     </span>
    </p>
   </div>
   <div class='ocr_carea' id='block_1_72' title="bbox 2410 2778 4004 2852">
    <p class='ocr_par' dir='ltr' id='par_1_72' title="bbox 2410 2778 4004 2852">
     <span class='ocr_line' id='line_1_72' title="bbox 2410 2778 4004 2852; baseline 0.003 -24"><span class='ocrx_word' id='word_1_543' title='bbox 2410 2778 2843 2847; x_wconf 82' lang='grc' dir='ltr'>παρελκυθῆναι.</span> <span class='ocrx_word' id='word_1_544' title='bbox 2875 2778 2933 2830; x_wconf 88' lang='grc'><strong>’0</strong></span> <span class='ocrx_word' id='word_1_545' title='bbox 2950 2779 3182 2849; x_wconf 78' lang='grc' dir='ltr'>ἔπαρχος</span> <span class='ocrx_word' id='word_1_546' title='bbox 3214 2781 3391 2833; x_wconf 82' lang='grc' dir='ltr'>τοίνυν</span> <span class='ocrx_word' id='word_1_547' title='bbox 3416 2784 3507 2834; x_wconf 68' lang='grc' dir='ltr'><strong>καὶ</strong></span> <span class='ocrx_word' id='word_1_548' title='bbox 3530 2781 3669 2852; x_wconf 85' lang='grc' dir='ltr'><strong>μετὰ</strong></span> <span class='ocrx_word' id='word_1_549' title='bbox 3698 2783 3795 2851; x_wconf 76' lang='grc' dir='ltr'><strong>τὴν</strong></span> <span class='ocrx_word' id='word_1_550' title='bbox 3824 2800 4004 2851; x_wconf 80' lang='grc' dir='ltr'>τιμω-</span> 
     </span>
    </p>
   </div>
   <div class='ocr_carea' id='block_1_73' title="bbox 2411 2870 4002 2946">
    <p class='ocr_par' dir='ltr' id='par_1_73' title="bbox 2411 2870 4002 2946">
     <span class='ocr_line' id='line_1_73' title="bbox 2411 2870 4002 2946; baseline 0.004 -26"><span class='ocrx_word' id='word_1_551' title='bbox 2411 2870 2536 2941; x_wconf 76' lang='grc' dir='ltr'>ρίαν</span> <span class='ocrx_word' id='word_1_552' title='bbox 2560 2870 2726 2923; x_wconf 79' lang='grc' dir='ltr'>πάλιν</span> <span class='ocrx_word' id='word_1_553' title='bbox 2761 2871 2951 2939; x_wconf 86' lang='grc' dir='ltr'>λόγους</span> <span class='ocrx_word' id='word_1_554' title='bbox 2983 2872 3230 2941; x_wconf 80' lang='grc' dir='ltr'>προσῆγε</span> <span class='ocrx_word' id='word_1_555' title='bbox 3275 2874 3369 2925; x_wconf 82' lang='grc' dir='ltr'>τοῦ</span> <span class='ocrx_word' id='word_1_556' title='bbox 3406 2876 3607 2946; x_wconf 73' lang='grc' dir='ltr'>ἔρωτος</span> <span class='ocrx_word' id='word_1_557' title='bbox 3643 2876 3806 2927; x_wconf 77' lang='grc' dir='ltr'>αὑτὸν</span> <span class='ocrx_word' id='word_1_558' title='bbox 3833 2876 4002 2927; x_wconf 81' lang='grc' dir='ltr'>ἐπελ-</span> 
     </span>
    </p>
   </div>
   <div class='ocr_carea' id='block_1_74' title="bbox 2410 2962 4005 3037">
    <p class='ocr_par' dir='ltr' id='par_1_74' title="bbox 2410 2962 4005 3037">
     <span class='ocr_line' id='line_1_74' title="bbox 2410 2962 4005 3037; baseline 0.004 -23"><span class='ocrx_word' id='word_1_559' title='bbox 2410 2962 2661 3026; x_wconf 81' lang='grc' dir='ltr'>πίζοντος</span> <span class='ocrx_word' id='word_1_560' title='bbox 2710 2966 2806 3016; x_wconf 80' lang='grc' dir='ltr'><strong>καὶ</strong></span> <span class='ocrx_word' id='word_1_561' title='bbox 2850 2964 2903 3027; x_wconf 84' lang='grc' dir='ltr'>δ;</span> <span class='ocrx_word' id='word_1_562' title='bbox 2963 2965 3168 3036; x_wconf 69' lang='grc' dir='ltr'>σφόδρα</span> <span class='ocrx_word' id='word_1_563' title='bbox 3220 2966 3480 3035; x_wconf 65' lang='grc' dir='ltr'>ἠϐούλετο</span> <span class='ocrx_word' id='word_1_564' title='bbox 3530 2968 3839 3037; x_wconf 73' lang='grc' dir='ltr'>προσδοκᾷ-ι</span> <span class='ocrx_word' id='word_1_565' title='bbox 3878 2968 4005 3021; x_wconf 86' lang='grc' dir='ltr'>πεξ-</span> 
     </span>
    </p>
   </div>
   <div class='ocr_carea' id='block_1_75' title="bbox 2410 3058 2616 3123">
    <p class='ocr_par' dir='ltr' id='par_1_75' title="bbox 2410 3058 2616 3123">
     <span class='ocr_line' id='line_1_75' title="bbox 2410 3058 2616 3123; baseline 0.019 -12"><span class='ocrx_word' id='word_1_566' title='bbox 2410 3058 2616 3123; x_wconf 84' lang='grc' dir='ltr'>θοντος.</span> 
     </span>
    </p>
   </div>
   <div class='ocr_carea' id='block_1_76' title="bbox 2485 3244 4005 3318">
    <p class='ocr_par' dir='ltr' id='par_1_76' title="bbox 2485 3244 4005 3318">
     <span class='ocr_line' id='line_1_76' title="bbox 2485 3244 4005 3318; baseline 0.003 -22"><span class='ocrx_word' id='word_1_567' title='bbox 2485 3246 2547 3296; x_wconf 90' lang='grc' dir='ltr'><em>Ζ.</em></span> <span class='ocrx_word' id='word_1_568' title='bbox 2604 3244 2756 3296; x_wconf 80' lang='grc' dir='ltr'>Ἐπεὶ</span> <span class='ocrx_word' id='word_1_569' title='bbox 2808 3245 2863 3298; x_wconf 73' lang='grc' dir='ltr'>δὲ</span> <span class='ocrx_word' id='word_1_570' title='bbox 2911 3247 3081 3298; x_wconf 78' lang='grc' dir='ltr'>πολλά</span> <span class='ocrx_word' id='word_1_571' title='bbox 3109 3246 3284 3314; x_wconf 82' lang='grc' dir='ltr'>λέγων</span> <span class='ocrx_word' id='word_1_572' title='bbox 3323 3249 3529 3310; x_wconf 71' lang='grc' dir='ltr'>ἐκεῖνος</span> <span class='ocrx_word' id='word_1_573' title='bbox 3578 3247 3739 3317; x_wconf 72' lang='grc' dir='ltr'>κενὴν</span> <span class='ocrx_word' id='word_1_574' title='bbox 3775 3249 4005 3318; x_wconf 65' lang='grc' dir='ltr'>ψάλλειν</span> 
     </span>
    </p>
   </div>
   <div class='ocr_carea' id='block_1_77' title="bbox 2415 3336 4005 3410">
    <p class='ocr_par' dir='ltr' id='par_1_77' title="bbox 2415 3336 4005 3410">
     <span class='ocr_line' id='line_1_77' title="bbox 2415 3336 4005 3410; baseline 0.003 -23"><span class='ocrx_word' id='word_1_575' title='bbox 2415 3336 2597 3405; x_wconf 77' lang='grc' dir='ltr'>ἐῴκει,</span> <span class='ocrx_word' id='word_1_576' title='bbox 2625 3338 2719 3389; x_wconf 75' lang='grc' dir='ltr'><strong>καὶ</strong></span> <span class='ocrx_word' id='word_1_577' title='bbox 2750 3339 2927 3405; x_wconf 82' lang='grc' dir='ltr'>λέγειν</span> <span class='ocrx_word' id='word_1_578' title='bbox 2952 3341 3049 3407; x_wconf 74' lang='grc' dir='ltr'><strong>μὲν</strong></span> <span class='ocrx_word' id='word_1_579' title='bbox 3072 3342 3149 3401; x_wconf 81' lang='grc' dir='ltr'>εἰς</span> <span class='ocrx_word' id='word_1_580' title='bbox 3175 3340 3401 3407; x_wconf 81' lang='grc' dir='ltr'>καρδίαν</span> <span class='ocrx_word' id='word_1_581' title='bbox 3422 3342 3596 3404; x_wconf 62' lang='grc' dir='ltr'>οῦδὲν,</span> <span class='ocrx_word' id='word_1_582' title='bbox 3623 3341 3726 3405; x_wconf 75' lang='grc' dir='ltr'><strong>ἔξω</strong></span> <span class='ocrx_word' id='word_1_583' title='bbox 3753 3342 3809 3393; x_wconf 73' lang='grc' dir='ltr'>δὲ</span> <span class='ocrx_word' id='word_1_584' title='bbox 3840 3346 4005 3410; x_wconf 72' lang='grc' dir='ltr'>μόνον</span> 
     </span>
    </p>
   </div>
   <div class='ocr_carea' id='block_1_78' title="bbox 2415 3422 4007 3501">
    <p class='ocr_par' dir='ltr' id='par_1_78' title="bbox 2415 3422 4007 3501">
     <span class='ocr_line' id='line_1_78' title="bbox 2415 3422 4007 3501; baseline 0.004 -22"><span class='ocrx_word' id='word_1_585' title='bbox 2415 3430 2484 3481; x_wconf 78' lang='grc' dir='ltr'><strong>τά</strong></span> <span class='ocrx_word' id='word_1_586' title='bbox 2513 3422 2626 3481; x_wconf 78' lang='grc' dir='ltr'>ὦτα</span> <span class='ocrx_word' id='word_1_587' title='bbox 2656 3429 3021 3498; x_wconf 70' lang='grc' dir='ltr'>περιαντλεῖν,</span> <span class='ocrx_word' id='word_1_588' title='bbox 3048 3430 3193 3499; x_wconf 76' lang='grc' dir='ltr'>λύπη</span> <span class='ocrx_word' id='word_1_589' title='bbox 3223 3433 3382 3483; x_wconf 82' lang='grc' dir='ltr'>πάλιν</span> <span class='ocrx_word' id='word_1_590' title='bbox 3416 3432 3617 3499; x_wconf 79' lang='grc' dir='ltr'>μείζων</span> <span class='ocrx_word' id='word_1_591' title='bbox 3643 3433 3719 3501; x_wconf 81' lang='grc' dir='ltr'>τῷ</span> <span class='ocrx_word' id='word_1_592' title='bbox 3745 3433 3805 3484; x_wconf 83' lang='grc' dir='ltr'><strong>δυ</strong></span> <span class='ocrx_word' id='word_1_593' title='bbox 3820 3435 4007 3485; x_wconf 79' lang='grc' dir='ltr'>σσεε;ἷ</span> 
     </span>
    </p>
   </div>
   <div class='ocr_carea' id='block_1_79' title="bbox 2417 3523 4006 3594">
    <p class='ocr_par' dir='ltr' id='par_1_79' title="bbox 2417 3523 4006 3594">
     <span class='ocr_line' id='line_1_79' title="bbox 2417 3523 4006 3594; baseline 0.001 -19"><span class='ocrx_word' id='word_1_594' title='bbox 2417 3525 2513 3576; x_wconf 74' lang='grc' dir='ltr'><strong>καὶ</strong></span> <span class='ocrx_word' id='word_1_595' title='bbox 2564 3523 2873 3585; x_wconf 76' lang='grc' dir='ltr'>ἀκολούθως</span> <span class='ocrx_word' id='word_1_596' title='bbox 2906 3526 2969 3592; x_wconf 80' lang='grc' dir='ltr'>τῇ</span> <span class='ocrx_word' id='word_1_597' title='bbox 3008 3524 3233 3594; x_wconf 75' lang='grc' dir='ltr'>γενναία</span> <span class='ocrx_word' id='word_1_598' title='bbox 3271 3524 3493 3592; x_wconf 77' lang='grc' dir='ltr'>μείζους</span> <span class='ocrx_word' id='word_1_599' title='bbox 3534 3527 3588 3575; x_wconf 81' lang='grc' dir='ltr'>αἱ</span> <span class='ocrx_word' id='word_1_600' title='bbox 3626 3524 3847 3593; x_wconf 77' lang='grc' dir='ltr'>βάσανοι</span> <span class='ocrx_word' id='word_1_601' title='bbox 3878 3543 3892 3555; x_wconf 92' lang='grc'><strong>·</strong></span> <span class='ocrx_word' id='word_1_602' title='bbox 3928 3529 4006 3578; x_wconf 74' lang='grc' dir='ltr'><strong>σίο</strong></span> 
     </span>
    </p>
   </div>
   <div class='ocr_carea' id='block_1_80' title="bbox 2414 3615 4003 3686">
    <p class='ocr_par' dir='ltr' id='par_1_80' title="bbox 2414 3615 4003 3686">
     <span class='ocr_line' id='line_1_80' title="bbox 2414 3615 4003 3686; baseline 0.004 -21"><span class='ocrx_word' id='word_1_603' title='bbox 2414 3616 2553 3683; x_wconf 82' lang='grc' dir='ltr'>δηρα</span> <span class='ocrx_word' id='word_1_604' title='bbox 2612 3615 2718 3686; x_wconf 77' lang='grc' dir='ltr'>γὰρ</span> <span class='ocrx_word' id='word_1_605' title='bbox 2778 3616 3029 3667; x_wconf 71' lang='grc' dir='ltr'>ἐκέλευεν</span> <span class='ocrx_word' id='word_1_606' title='bbox 3094 3618 3232 3682; x_wconf 74' lang='grc' dir='ltr'>ἄγαν</span> <span class='ocrx_word' id='word_1_607' title='bbox 3286 3617 3679 3684; x_wconf 70' lang='grc' dir='ltr'>ἐκπυρωθέντα</span> <span class='ocrx_word' id='word_1_608' title='bbox 3733 3618 3877 3671; x_wconf 83' lang='grc' dir='ltr'>κατά</span> <span class='ocrx_word' id='word_1_609' title='bbox 3943 3636 4003 3671; x_wconf 79' lang='grc' dir='ltr'><strong>τε</strong></span> 
     </span>
    </p>
   </div>
   <div class='ocr_carea' id='block_1_81' title="bbox 2414 3704 4006 3777">
    <p class='ocr_par' dir='ltr' id='par_1_81' title="bbox 2414 3704 4006 3777">
     <span class='ocr_line' id='line_1_81' title="bbox 2414 3704 4006 3777; baseline 0.004 -22"><span class='ocrx_word' id='word_1_610' title='bbox 2414 3704 2524 3755; x_wconf 82' lang='grc' dir='ltr'><strong>τῶν</strong></span> <span class='ocrx_word' id='word_1_611' title='bbox 2582 3704 2873 3773; x_wconf 78' lang='grc' dir='ltr'>μασχαλῶν</span> <span class='ocrx_word' id='word_1_612' title='bbox 2926 3707 3061 3774; x_wconf 72' lang='grc' dir='ltr'>αὐτῇ</span> <span class='ocrx_word' id='word_1_613' title='bbox 3107 3708 3201 3758; x_wconf 77' lang='grc' dir='ltr'><strong>καὶ</strong></span> <span class='ocrx_word' id='word_1_614' title='bbox 3250 3708 3356 3759; x_wconf 82' lang='grc' dir='ltr'><strong>τῶν</strong></span> <span class='ocrx_word' id='word_1_615' title='bbox 3407 3709 3657 3777; x_wconf 70' lang='grc' dir='ltr'>πλευρῶν</span> <span class='ocrx_word' id='word_1_616' title='bbox 3709 3709 4006 3762; x_wconf 75' lang='grc' dir='ltr'>τίθεσθαιο</span> 
     </span>
    </p>
   </div>
   <div class='ocr_carea' id='block_1_82' title="bbox 2416 3791 4005 3871">
    <p class='ocr_par' dir='ltr' id='par_1_82' title="bbox 2416 3791 4005 3871">
     <span class='ocr_line' id='line_1_82' title="bbox 2416 3791 4005 3871; baseline 0.004 -23"><span class='ocrx_word' id='word_1_617' title='bbox 2416 3791 2534 3848; x_wconf 73' lang='grc' dir='ltr'>εἶτα</span> <span class='ocrx_word' id='word_1_618' title='bbox 2570 3797 2665 3848; x_wconf 69' lang='grc' dir='ltr'>καὶ</span> <span class='ocrx_word' id='word_1_619' title='bbox 2693 3800 2813 3859; x_wconf 88' lang='grc' dir='ltr'>ταῖς</span> <span class='ocrx_word' id='word_1_620' title='bbox 2856 3800 3117 3868; x_wconf 78' lang='grc' dir='ltr'>πλευραῖς</span> <span class='ocrx_word' id='word_1_621' title='bbox 3148 3801 3245 3861; x_wconf 77' lang='grc' dir='ltr'><strong>τάς</strong></span> <span class='ocrx_word' id='word_1_622' title='bbox 3280 3804 3469 3871; x_wconf 84' lang='grc' dir='ltr'>χεῖρας</span> <span class='ocrx_word' id='word_1_623' title='bbox 3514 3802 3867 3871; x_wconf 72' lang='grc' dir='ltr'>περιδεθῆναι</span> <span class='ocrx_word' id='word_1_624' title='bbox 3908 3805 4005 3855; x_wconf 71' lang='grc' dir='ltr'>κεί.</span> 
     </span>
    </p>
   </div>
   <div class='ocr_carea' id='block_1_83' title="bbox 2414 3889 4004 3963">
    <p class='ocr_par' dir='ltr' id='par_1_83' title="bbox 2414 3889 4004 3963">
     <span class='ocr_line' id='line_1_83' title="bbox 2414 3889 4004 3963; baseline 0.004 -24"><span class='ocrx_word' id='word_1_625' title='bbox 2414 3889 2602 3956; x_wconf 70' lang='grc' dir='ltr'>ἕτερον</span> <span class='ocrx_word' id='word_1_626' title='bbox 2624 3908 2677 3942; x_wconf 86' lang='grc' dir='ltr'><strong>τι</strong></span> <span class='ocrx_word' id='word_1_627' title='bbox 2708 3889 3019 3959; x_wconf 78' lang='grc' dir='ltr'>διελαθῆναι</span> <span class='ocrx_word' id='word_1_628' title='bbox 3058 3892 3298 3959; x_wconf 78' lang='grc' dir='ltr'>σιδήριον</span> <span class='ocrx_word' id='word_1_629' title='bbox 3340 3894 3652 3960; x_wconf 84' lang='grc' dir='ltr'>καταμέσον</span> <span class='ocrx_word' id='word_1_630' title='bbox 3692 3895 3869 3963; x_wconf 79' lang='grc' dir='ltr'>αὐτῆς</span> <span class='ocrx_word' id='word_1_631' title='bbox 3896 3896 4004 3946; x_wconf 81' lang='grc' dir='ltr'><strong>τῶν</strong></span> 
     </span>
    </p>
   </div>
   <div class='ocr_carea' id='block_1_84' title="bbox 2419 3980 4008 4052">
    <p class='ocr_par' dir='ltr' id='par_1_84' title="bbox 2419 3980 4008 4052">
     <span class='ocr_line' id='line_1_84' title="bbox 2419 3980 4008 4052; baseline 0.004 -22"><span class='ocrx_word' id='word_1_632' title='bbox 2419 3980 2613 4049; x_wconf 77' lang='grc' dir='ltr'>μηρῶν</span> <span class='ocrx_word' id='word_1_633' title='bbox 2639 3982 2732 4033; x_wconf 72' lang='grc' dir='ltr'>καὶ</span> <span class='ocrx_word' id='word_1_634' title='bbox 2761 3982 2903 4033; x_wconf 72' lang='grc' dir='ltr'>οὕτω</span> <span class='ocrx_word' id='word_1_635' title='bbox 2930 3981 3276 4034; x_wconf 83' lang='grc' dir='ltr'>συνδεθείσαν</span> <span class='ocrx_word' id='word_1_636' title='bbox 3300 3983 3330 4052; x_wconf 76' lang='grc' dir='ltr'>ἦ</span> <span class='ocrx_word' id='word_1_637' title='bbox 3360 3983 3561 4051; x_wconf 81' lang='grc' dir='ltr'>μᾶλλον</span> <span class='ocrx_word' id='word_1_638' title='bbox 3596 3987 4008 4052; x_wconf 80' lang='grc' dir='ltr'>περιπαγεῖσαν</span> 
     </span>
    </p>
   </div>
   <div class='ocr_carea' id='block_1_85' title="bbox 2416 4072 4008 4144">
    <p class='ocr_par' dir='ltr' id='par_1_85' title="bbox 2416 4072 4008 4144">
     <span class='ocr_line' id='line_1_85' title="bbox 2416 4072 4008 4144; baseline 0.001 -19"><span class='ocrx_word' id='word_1_639' title='bbox 2416 4073 2495 4135; x_wconf 83' lang='grc' dir='ltr'><strong>είς</strong></span> <span class='ocrx_word' id='word_1_640' title='bbox 2527 4072 2625 4142; x_wconf 82' lang='grc' dir='ltr'><strong>τὴν</strong></span> <span class='ocrx_word' id='word_1_641' title='bbox 2678 4073 2905 4142; x_wconf 75' lang='grc' dir='ltr'>εἱρκτὴν</span> <span class='ocrx_word' id='word_1_642' title='bbox 2955 4074 3291 4141; x_wconf 77' lang='grc' dir='ltr'>ἀπαχθῆναι.</span> <span class='ocrx_word' id='word_1_643' title='bbox 3339 4074 3397 4125; x_wconf 85' lang='grc' dir='ltr'><strong>ἸΙ</strong></span> <span class='ocrx_word' id='word_1_644' title='bbox 3430 4075 3483 4125; x_wconf 77' lang='grc' dir='ltr'>δὲ</span> <span class='ocrx_word' id='word_1_645' title='bbox 3531 4075 3623 4125; x_wconf 79' lang='grc' dir='ltr'><strong>καὶ</strong></span> <span class='ocrx_word' id='word_1_646' title='bbox 3657 4076 3867 4144; x_wconf 71' lang='grc' dir='ltr'>ταύτην</span> <span class='ocrx_word' id='word_1_647' title='bbox 3906 4078 4008 4127; x_wconf 71' lang='grc' dir='ltr'>ὑπ-</span> 
     </span>
    </p>
   </div>
   <div class='ocr_carea' id='block_1_86' title="bbox 2416 4161 4006 4233">
    <p class='ocr_par' dir='ltr' id='par_1_86' title="bbox 2416 4161 4006 4233">
     <span class='ocr_line' id='line_1_86' title="bbox 2416 4161 4006 4233; baseline 0 -18"><span class='ocrx_word' id='word_1_648' title='bbox 2416 4161 2714 4229; x_wconf 76' lang='grc' dir='ltr'>ινεγκοῦσα</span> <span class='ocrx_word' id='word_1_649' title='bbox 2742 4164 2838 4232; x_wconf 84' lang='grc' dir='ltr'>τὴν</span> <span class='ocrx_word' id='word_1_650' title='bbox 2863 4162 3120 4231; x_wconf 73' lang='grc' dir='ltr'>ἀλγεινὴν</span> <span class='ocrx_word' id='word_1_651' title='bbox 3147 4163 3378 4230; x_wconf 82' lang='grc' dir='ltr'>βάσανον</span> <span class='ocrx_word' id='word_1_652' title='bbox 3415 4164 3504 4214; x_wconf 72' lang='grc' dir='ltr'><strong>καὶ</strong></span> <span class='ocrx_word' id='word_1_653' title='bbox 3532 4164 3666 4231; x_wconf 62' lang='grc' dir='ltr'>πρὸς</span> <span class='ocrx_word' id='word_1_654' title='bbox 3702 4164 3801 4232; x_wconf 77' lang='grc' dir='ltr'>τὴν</span> <span class='ocrx_word' id='word_1_655' title='bbox 3834 4182 4006 4233; x_wconf 70' lang='grc' dir='ltr'>φρον-</span> 
     </span>
    </p>
   </div>
   <div class='ocr_carea' id='block_1_87' title="bbox 2420 4252 4003 4324">
    <p class='ocr_par' dir='ltr' id='par_1_87' title="bbox 2420 4252 4003 4324">
     <span class='ocr_line' id='line_1_87' title="bbox 2420 4252 4003 4324; baseline 0.001 -19"><span class='ocrx_word' id='word_1_656' title='bbox 2420 4254 2521 4324; x_wconf 73' lang='grc' dir='ltr'><strong>ράν</strong></span> <span class='ocrx_word' id='word_1_657' title='bbox 2569 4253 2898 4321; x_wconf 76' lang='grc' dir='ltr'>ἀπαχθεῖσα,</span> <span class='ocrx_word' id='word_1_658' title='bbox 2935 4257 3075 4305; x_wconf 68' lang='grc' dir='ltr'>κατὰ</span> <span class='ocrx_word' id='word_1_659' title='bbox 3120 4252 3213 4304; x_wconf 77' lang='grc' dir='ltr'><strong>τοῦ</strong></span> <span class='ocrx_word' id='word_1_660' title='bbox 3257 4253 3486 4321; x_wconf 49' lang='lat' dir='ltr'><strong>assem;</strong></span> <span class='ocrx_word' id='word_1_661' title='bbox 3539 4255 3793 4323; x_wconf 82' lang='grc' dir='ltr'>κειμένη,</span> <span class='ocrx_word' id='word_1_662' title='bbox 3831 4258 4003 4323; x_wconf 73' lang='grc' dir='ltr'><strong>Κύριέ</strong></span> 
     </span>
    </p>
   </div>
   <div class='ocr_carea' id='block_1_88' title="bbox 2420 4343 4003 4412">
    <p class='ocr_par' dir='ltr' id='par_1_88' title="bbox 2420 4343 4003 4412">
     <span class='ocr_line' id='line_1_88' title="bbox 2420 4343 4003 4412; baseline 0.001 -18"><span class='ocrx_word' id='word_1_663' title='bbox 2420 4361 2543 4412; x_wconf 88' lang='grc' dir='ltr'>μου,</span> <span class='ocrx_word' id='word_1_664' title='bbox 2570 4344 2719 4406; x_wconf 73' lang='grc' dir='ltr'>ἐϐόα,</span> <span class='ocrx_word' id='word_1_665' title='bbox 2748 4344 2848 4395; x_wconf 70' lang='lat' dir='ltr'><strong>Bel:</strong></span> <span class='ocrx_word' id='word_1_666' title='bbox 2883 4343 3285 4412; x_wconf 82' lang='grc' dir='ltr'>παντοκράτορ,</span> <span class='ocrx_word' id='word_1_667' title='bbox 3318 4345 3345 4394; x_wconf 84' lang='grc' dir='ltr'>ὁ</span> <span class='ocrx_word' id='word_1_668' title='bbox 3376 4344 3642 4411; x_wconf 59' lang='grc' dir='ltr'>ἀήττητος</span> <span class='ocrx_word' id='word_1_669' title='bbox 3668 4344 3725 4394; x_wconf 88' lang='grc' dir='ltr'><strong>ὲν</strong></span> <span class='ocrx_word' id='word_1_670' title='bbox 3748 4344 4003 4410; x_wconf 79' lang='grc' dir='ltr'>δυνάμει.</span> 
     </span>
    </p>
   </div>
   <div class='ocr_carea' id='block_1_89' title="bbox 2416 4436 4006 4507">
    <p class='ocr_par' dir='ltr' id='par_1_89' title="bbox 2416 4436 4006 4507">
     <span class='ocr_line' id='line_1_89' title="bbox 2416 4436 4006 4507; baseline -0.001 -18"><span class='ocrx_word' id='word_1_671' title='bbox 2416 4438 2444 4489; x_wconf 81' lang='grc' dir='ltr'><strong>ὁ</strong></span> <span class='ocrx_word' id='word_1_672' title='bbox 2478 4437 2739 4507; x_wconf 82' lang='grc' dir='ltr'>κραταιὸς</span> <span class='ocrx_word' id='word_1_673' title='bbox 2776 4439 2832 4489; x_wconf 79' lang='grc' dir='ltr'><strong>ὲν</strong></span> <span class='ocrx_word' id='word_1_674' title='bbox 2883 4436 3091 4506; x_wconf 81' lang='grc' dir='ltr'>ἔργοις,</span> <span class='ocrx_word' id='word_1_675' title='bbox 3140 4438 3303 4497; x_wconf 71' lang='grc' dir='ltr'>αὐτὸς</span> <span class='ocrx_word' id='word_1_676' title='bbox 3340 4436 3555 4503; x_wconf 83' lang='grc' dir='ltr'>περίελὲ</span> <span class='ocrx_word' id='word_1_677' title='bbox 3614 4453 3717 4503; x_wconf 80' lang='grc' dir='ltr'><strong>μου</strong></span> <span class='ocrx_word' id='word_1_678' title='bbox 3755 4437 3857 4495; x_wconf 69' lang='grc' dir='ltr'><strong>τὰς</strong></span> <span class='ocrx_word' id='word_1_679' title='bbox 3893 4437 4006 4488; x_wconf 76' lang='grc' dir='ltr'>θλί-</span> 
     </span>
    </p>
   </div>
   <div class='ocr_carea' id='block_1_90' title="bbox 2424 4527 4004 4597">
    <p class='ocr_par' dir='ltr' id='par_1_90' title="bbox 2424 4527 4004 4597">
     <span class='ocr_line' id='line_1_90' title="bbox 2424 4527 4004 4597; baseline -0.003 -17"><span class='ocrx_word' id='word_1_680' title='bbox 2424 4530 2568 4597; x_wconf 72' lang='grc' dir='ltr'>ψεις,</span> <span class='ocrx_word' id='word_1_681' title='bbox 2623 4531 2717 4581; x_wconf 76' lang='grc' dir='ltr'><strong>καὶ</strong></span> <span class='ocrx_word' id='word_1_682' title='bbox 2756 4529 2865 4580; x_wconf 80' lang='grc' dir='ltr'><strong>τῶν</strong></span> <span class='ocrx_word' id='word_1_683' title='bbox 2900 4529 3272 4597; x_wconf 78' lang='grc' dir='ltr'>περιεχουσῶν</span> <span class='ocrx_word' id='word_1_684' title='bbox 3333 4546 3396 4597; x_wconf 92' lang='grc' dir='ltr'><strong>με</strong></span> <span class='ocrx_word' id='word_1_685' title='bbox 3426 4527 3733 4592; x_wconf 71' lang='grc' dir='ltr'>ἀπάλλαξον</span> <span class='ocrx_word' id='word_1_686' title='bbox 3777 4529 4004 4587; x_wconf 54' lang='grc' dir='ltr'>ὁρυνίῖροι,</span> 
     </span>
    </p>
   </div>
   <div class='ocr_carea' id='block_1_91' title="bbox 733 4617 2309 4692">
    <p class='ocr_par' dir='ltr' id='par_1_91' title="bbox 733 4617 2309 4688">
     <span class='ocr_line' id='line_1_91' title="bbox 733 4617 2309 4688; baseline -0.003 -13"><span class='ocrx_word' id='word_1_687' title='bbox 733 4622 999 4679; x_wconf 87' lang='lat' dir='ltr'><strong>leonibus.</strong></span> <span class='ocrx_word' id='word_1_688' title='bbox 1049 4631 1106 4674; x_wconf 92' lang='lat' dir='ltr'><strong>ut</strong></span> <span class='ocrx_word' id='word_1_689' title='bbox 1168 4631 1277 4674; x_wconf 89' lang='lat' dir='ltr'><strong>tres</strong></span> <span class='ocrx_word' id='word_1_690' title='bbox 1323 4634 1521 4688; x_wconf 89' lang='lat' dir='ltr'><strong>pueros</strong></span> <span class='ocrx_word' id='word_1_691' title='bbox 1545 4621 1587 4682; x_wconf 83' lang='grc'><strong>²,</strong></span> <span class='ocrx_word' id='word_1_692' title='bbox 1619 4630 1672 4672; x_wconf 90' lang='lat' dir='ltr'><strong>et</strong></span> <span class='ocrx_word' id='word_1_693' title='bbox 1700 4617 1955 4671; x_wconf 85' lang='lat' dir='ltr'><strong>Tlteclam</strong></span> <span class='ocrx_word' id='word_1_694' title='bbox 2003 4620 2070 4672; x_wconf 87' lang='lat' dir='ltr'><strong>ab</strong></span> <span class='ocrx_word' id='word_1_695' title='bbox 2102 4618 2225 4686; x_wconf 87' lang='lat' dir='ltr'><strong>igne</strong></span> <span class='ocrx_word' id='word_1_696' title='bbox 2258 4628 2309 4671; x_wconf 92' lang='lat' dir='ltr'><strong>et</strong></span> 
     </span>
    </p>
   </div>
   <div class='ocr_carea' id='block_1_92' title="bbox 2412 4617 4007 4692">
    <p class='ocr_par' dir='ltr' id='par_1_92' title="bbox 2415 4621 4007 4692">
     <span class='ocr_line' id='line_1_92' title="bbox 2415 4621 4007 4692; baseline 0 -19"><span class='ocrx_word' id='word_1_697' title='bbox 2415 4624 2488 4684; x_wconf 86' lang='grc' dir='ltr'><strong>ὡς</strong></span> <span class='ocrx_word' id='word_1_698' title='bbox 2526 4622 2721 4692; x_wconf 83' lang='grc' dir='ltr'>Δανιὴλ</span> <span class='ocrx_word' id='word_1_699' title='bbox 2781 4624 2844 4675; x_wconf 66' lang='grc' dir='ltr'>ἐκ</span> <span class='ocrx_word' id='word_1_700' title='bbox 2883 4622 3134 4683; x_wconf 75' lang='grc' dir='ltr'>λεόντων,</span> <span class='ocrx_word' id='word_1_701' title='bbox 3188 4622 3261 4683; x_wconf 85' lang='grc' dir='ltr'>ὼς</span> <span class='ocrx_word' id='word_1_702' title='bbox 3311 4624 3436 4685; x_wconf 66' lang='grc' dir='ltr'>τοὺς</span> <span class='ocrx_word' id='word_1_703' title='bbox 3470 4625 3616 4690; x_wconf 83' lang='grc' dir='ltr'>τρεῖς</span> <span class='ocrx_word' id='word_1_704' title='bbox 3666 4621 3872 4683; x_wconf 81' lang='grc' dir='ltr'>παῖδας</span> <span class='ocrx_word' id='word_1_705' title='bbox 3916 4624 4007 4673; x_wconf 72' lang='grc' dir='ltr'><strong>καὶ</strong></span> 
     </span>
    </p>
   </div>
   <div class='ocr_carea' id='block_1_93' title="bbox 734 4709 2311 4777">
    <p class='ocr_par' dir='ltr' id='par_1_93' title="bbox 734 4709 2311 4777">
     <span class='ocr_line' id='line_1_93' title="bbox 734 4709 2311 4777; baseline -0.004 -9"><span class='ocrx_word' id='word_1_706' title='bbox 734 4715 940 4768; x_wconf 86' lang='lat' dir='ltr'><strong>bestiis.</strong></span> <span class='ocrx_word' id='word_1_707' title='bbox 978 4712 1138 4766; x_wconf 85' lang='lat' dir='ltr'><strong>Pater</strong></span> <span class='ocrx_word' id='word_1_708' title='bbox 1167 4727 1318 4765; x_wconf 88' lang='lat' dir='ltr'><strong>meus</strong></span> <span class='ocrx_word' id='word_1_709' title='bbox 1344 4722 1398 4765; x_wconf 92' lang='lat' dir='ltr'><strong>et</strong></span> <span class='ocrx_word' id='word_1_710' title='bbox 1428 4721 1599 4765; x_wconf 89' lang='lat' dir='ltr'><strong>mater</strong></span> <span class='ocrx_word' id='word_1_711' title='bbox 1620 4725 1736 4763; x_wconf 81' lang='lat' dir='ltr'><strong>mea</strong></span> <span class='ocrx_word' id='word_1_712' title='bbox 1764 4709 2169 4777; x_wconf 86' lang='lat' dir='ltr'><strong>dereliquerunt</strong></span> <span class='ocrx_word' id='word_1_713' title='bbox 2193 4724 2311 4763; x_wconf 89' lang='lat' dir='ltr'><strong>me:</strong></span> 
     </span>
    </p>
   </div>
   <div class='ocr_carea' id='block_1_94' title="bbox 733 4803 2313 4871">
    <p class='ocr_par' dir='ltr' id='par_1_94' title="bbox 733 4803 2313 4871">
     <span class='ocr_line' id='line_1_94' title="bbox 733 4803 2313 4871; baseline -0.004 -10"><span class='ocrx_word' id='word_1_714' title='bbox 733 4814 791 4861; x_wconf 92' lang='lat' dir='ltr'><strong>tu</strong></span> <span class='ocrx_word' id='word_1_715' title='bbox 826 4816 1030 4869; x_wconf 81' lang='lat' dir='ltr'><strong>autem,</strong></span> <span class='ocrx_word' id='word_1_716' title='bbox 1082 4804 1327 4867; x_wconf 90' lang='lat' dir='ltr'><strong>Domine,</strong></span> <span class='ocrx_word' id='word_1_717' title='bbox 1379 4819 1444 4857; x_wconf 91' lang='lat' dir='ltr'><strong>ne</strong></span> <span class='ocrx_word' id='word_1_718' title='bbox 1483 4803 1781 4857; x_wconf 87' lang='lat' dir='ltr'><strong>recesseris</strong></span> <span class='ocrx_word' id='word_1_719' title='bbox 1824 4818 1851 4855; x_wconf 87' lang='lat' dir='ltr'><strong>a</strong></span> <span class='ocrx_word' id='word_1_720' title='bbox 1884 4817 1969 4856; x_wconf 90' lang='lat' dir='ltr'><strong>me</strong></span> <span class='ocrx_word' id='word_1_721' title='bbox 2001 4822 2012 4856; x_wconf 91' lang='lat'>:</span> <span class='ocrx_word' id='word_1_722' title='bbox 2045 4810 2139 4857; x_wconf 81' lang='lat' dir='ltr'><strong>sed</strong></span> <span class='ocrx_word' id='word_1_723' title='bbox 2173 4817 2313 4871; x_wconf 89' lang='lat' dir='ltr'><strong>quo-</strong></span> 
     </span>
    </p>
   </div>
   <div class='ocr_carea' id='block_1_95' title="bbox 734 4894 2316 4966">
    <p class='ocr_par' dir='ltr' id='par_1_95' title="bbox 734 4894 2316 4966">
     <span class='ocr_line' id='line_1_95' title="bbox 734 4894 2316 4966; baseline -0.003 -14"><span class='ocrx_word' id='word_1_724' title='bbox 734 4900 894 4952; x_wconf 85' lang='lat' dir='ltr'><strong>modo</strong></span> <span class='ocrx_word' id='word_1_725' title='bbox 954 4898 1082 4950; x_wconf 90' lang='lat' dir='ltr'><strong>olim</strong></span> <span class='ocrx_word' id='word_1_726' title='bbox 1124 4911 1343 4965; x_wconf 86' lang='lat' dir='ltr'><strong>quoque</strong></span> <span class='ocrx_word' id='word_1_727' title='bbox 1402 4897 1699 4966; x_wconf 88' lang='lat' dir='ltr'><strong>fugientem</strong></span> <span class='ocrx_word' id='word_1_728' title='bbox 1740 4894 1996 4949; x_wconf 87' lang='lat' dir='ltr'><strong>lsraelem</strong></span> <span class='ocrx_word' id='word_1_729' title='bbox 2030 4910 2126 4963; x_wconf 89' lang='lat' dir='ltr'><strong>per</strong></span> <span class='ocrx_word' id='word_1_730' title='bbox 2168 4910 2316 4948; x_wconf 87' lang='lat' dir='ltr'><strong>mare</strong></span> 
     </span>
    </p>
   </div>
   <div class='ocr_carea' id='block_1_96' title="bbox 735 4988 2312 5050">
    <p class='ocr_par' dir='ltr' id='par_1_96' title="bbox 735 4988 2312 5050">
     <span class='ocr_line' id='line_1_96' title="bbox 735 4988 2312 5050; baseline -0.003 -4"><span class='ocrx_word' id='word_1_731' title='bbox 735 4990 1073 5046; x_wconf 88' lang='lat' dir='ltr'><strong>conservasti</strong></span> <span class='ocrx_word' id='word_1_732' title='bbox 1100 4994 1142 5050; x_wconf 83' lang='grc'><strong>⁸.</strong></span> <span class='ocrx_word' id='word_1_733' title='bbox 1173 4989 1305 5041; x_wconf 87' lang='lat' dir='ltr'><strong>mari</strong></span> <span class='ocrx_word' id='word_1_734' title='bbox 1352 5003 1482 5042; x_wconf 90' lang='lat' dir='ltr'><strong>vero</strong></span> <span class='ocrx_word' id='word_1_735' title='bbox 1516 4988 1765 5042; x_wconf 90' lang='lat' dir='ltr'><strong>inimicos</strong></span> <span class='ocrx_word' id='word_1_736' title='bbox 1814 5004 1999 5041; x_wconf 89' lang='lat' dir='ltr'><strong>eorum</strong></span> <span class='ocrx_word' id='word_1_737' title='bbox 2032 4989 2261 5044; x_wconf 89' lang='lat' dir='ltr'><strong>obruisti</strong></span> <span class='ocrx_word' id='word_1_738' title='bbox 2298 5006 2312 5042; x_wconf 91' lang='lat'><strong>:</strong></span> 
     </span>
    </p>
   </div>
   <div class='ocr_carea' id='block_1_97' title="bbox 736 5080 2318 5157">
    <p class='ocr_par' dir='ltr' id='par_1_97' title="bbox 736 5080 2318 5157">
     <span class='ocr_line' id='line_1_97' title="bbox 736 5080 2318 5157; baseline -0.003 -19"><span class='ocrx_word' id='word_1_739' title='bbox 736 5086 809 5138; x_wconf 88' lang='lat' dir='ltr'><strong>ita</strong></span> <span class='ocrx_word' id='word_1_740' title='bbox 844 5100 987 5157; x_wconf 87' lang='lat' dir='ltr'><strong>nunc</strong></span> <span class='ocrx_word' id='word_1_741' title='bbox 1012 5096 1230 5153; x_wconf 89' lang='lat' dir='ltr'><strong>quoque</strong></span> <span class='ocrx_word' id='word_1_742' title='bbox 1267 5097 1350 5136; x_wconf 88' lang='lat' dir='ltr'><strong>me</strong></span> <span class='ocrx_word' id='word_1_743' title='bbox 1381 5095 1558 5136; x_wconf 87' lang='lat' dir='ltr'><strong>serva.</strong></span> <span class='ocrx_word' id='word_1_744' title='bbox 1604 5080 1737 5135; x_wconf 88' lang='lat' dir='ltr'><strong>Eum</strong></span> <span class='ocrx_word' id='word_1_745' title='bbox 1788 5091 1967 5135; x_wconf 89' lang='lat' dir='ltr'><strong>autem</strong></span> <span class='ocrx_word' id='word_1_746' title='bbox 2002 5083 2091 5147; x_wconf 87' lang='lat' dir='ltr'><strong>qui</strong></span> <span class='ocrx_word' id='word_1_747' title='bbox 2128 5084 2318 5135; x_wconf 87' lang='lat' dir='ltr'><strong>adver-</strong></span> 
     </span>
    </p>
   </div>
   <div class='ocr_carea' id='block_1_98' title="bbox 734 5174 2316 5245">
    <p class='ocr_par' dir='ltr' id='par_1_98' title="bbox 734 5174 2316 5245">
     <span class='ocr_line' id='line_1_98' title="bbox 734 5174 2316 5245; baseline -0.003 -14"><span class='ocrx_word' id='word_1_748' title='bbox 734 5192 827 5233; x_wconf 88' lang='lat' dir='ltr'><strong>sus</strong></span> <span class='ocrx_word' id='word_1_749' title='bbox 856 5190 939 5230; x_wconf 90' lang='lat' dir='ltr'><strong>me</strong></span> <span class='ocrx_word' id='word_1_750' title='bbox 973 5176 1167 5230; x_wconf 89' lang='lat' dir='ltr'><strong>bellum</strong></span> <span class='ocrx_word' id='word_1_751' title='bbox 1223 5176 1382 5244; x_wconf 89' lang='lat' dir='ltr'><strong>gerit,</strong></span> <span class='ocrx_word' id='word_1_752' title='bbox 1412 5174 1709 5245; x_wconf 83' lang='lat' dir='ltr'><strong>confringe,</strong></span> <span class='ocrx_word' id='word_1_753' title='bbox 1747 5191 1837 5229; x_wconf 76' lang='lat' dir='ltr'><strong>rex</strong></span> <span class='ocrx_word' id='word_1_754' title='bbox 1897 5176 2117 5239; x_wconf 90' lang='lat' dir='ltr'><strong>invicte,</strong></span> <span class='ocrx_word' id='word_1_755' title='bbox 2150 5186 2200 5228; x_wconf 90' lang='lat' dir='ltr'><strong>et</strong></span> <span class='ocrx_word' id='word_1_756' title='bbox 2224 5190 2316 5243; x_wconf 91' lang='lat' dir='ltr'><strong>per</strong></span> 
     </span>
    </p>
   </div>
   <div class='ocr_carea' id='block_1_99' title="bbox 736 5266 2312 5336">
    <p class='ocr_par' dir='ltr' id='par_1_99' title="bbox 736 5266 2312 5336">
     <span class='ocr_line' id='line_1_99' title="bbox 736 5266 2312 5336; baseline 0 -17"><span class='ocrx_word' id='word_1_757' title='bbox 736 5282 884 5330; x_wconf 83' lang='lat' dir='ltr'><strong>cum,</strong></span> <span class='ocrx_word' id='word_1_758' title='bbox 919 5266 1390 5329; x_wconf 49' lang='lat' dir='ltr'><strong>adversariummt</strong></span> <span class='ocrx_word' id='word_1_759' title='bbox 1414 5267 1505 5335; x_wconf 88' lang='lat' dir='ltr'><strong>qui</strong></span> <span class='ocrx_word' id='word_1_760' title='bbox 1544 5282 1640 5321; x_wconf 92' lang='lat' dir='ltr'><strong>nos</strong></span> <span class='ocrx_word' id='word_1_761' title='bbox 1680 5278 1910 5321; x_wconf 89' lang='lat' dir='ltr'><strong>conatur</strong></span> <span class='ocrx_word' id='word_1_762' title='bbox 1942 5267 2312 5336; x_wconf 84' lang='lat' dir='ltr'><strong>supplantare,</strong></span> 
     </span>
    </p>
   </div>
   <div class='ocr_carea' id='block_1_100' title="bbox 740 5357 1021 5412">
    <p class='ocr_par' dir='ltr' id='par_1_100' title="bbox 740 5357 1021 5412">
     <span class='ocr_line' id='line_1_100' title="bbox 740 5357 1021 5412; baseline 0.004 -2"><span class='ocrx_word' id='word_1_763' title='bbox 740 5357 1021 5412; x_wconf 83' lang='lat' dir='ltr'><strong>Satanam.</strong></span> 
     </span>
    </p>
   </div>
   <div class='ocr_carea' id='block_1_101' title="bbox 810 5450 2309 5519">
    <p class='ocr_par' dir='ltr' id='par_1_101' title="bbox 810 5450 2309 5519">
     <span class='ocr_line' id='line_1_101' title="bbox 810 5450 2309 5519; baseline 0.003 -19"><span class='ocrx_word' id='word_1_764' title='bbox 810 5450 942 5504; x_wconf 76' lang='lat' dir='ltr'><strong>VIII.</strong></span> <span class='ocrx_word' id='word_1_765' title='bbox 976 5450 1105 5503; x_wconf 90' lang='lat' dir='ltr'><strong>Cum</strong></span> <span class='ocrx_word' id='word_1_766' title='bbox 1142 5466 1330 5519; x_wconf 74' lang='lat' dir='ltr'><strong>preces</strong></span> <span class='ocrx_word' id='word_1_767' title='bbox 1363 5452 1536 5505; x_wconf 84' lang='lat' dir='ltr'><strong>adhuc</strong></span> <span class='ocrx_word' id='word_1_768' title='bbox 1568 5462 1748 5506; x_wconf 84' lang='lat' dir='ltr'><strong>essent</strong></span> <span class='ocrx_word' id='word_1_769' title='bbox 1791 5451 1841 5505; x_wconf 90' lang='lat' dir='ltr'><strong>in</strong></span> <span class='ocrx_word' id='word_1_770' title='bbox 1878 5451 2066 5517; x_wconf 90' lang='lat' dir='ltr'><strong>labris,</strong></span> <span class='ocrx_word' id='word_1_771' title='bbox 2093 5451 2159 5504; x_wconf 90' lang='lat' dir='ltr'><strong>ad</strong></span> <span class='ocrx_word' id='word_1_772' title='bbox 2188 5466 2309 5505; x_wconf 81' lang='lat' dir='ltr'><strong>eam</strong></span> 
     </span>
    </p>
   </div>
   <div class='ocr_carea' id='block_1_102' title="bbox 738 5542 2310 5612">
    <p class='ocr_par' dir='ltr' id='par_1_102' title="bbox 738 5542 2310 5612">
     <span class='ocr_line' id='line_1_102' title="bbox 738 5542 2310 5612; baseline 0.003 -17"><span class='ocrx_word' id='word_1_773' title='bbox 738 5543 967 5609; x_wconf 89' lang='lat' dir='ltr'><strong>accedit,</strong></span> <span class='ocrx_word' id='word_1_774' title='bbox 1026 5542 1116 5611; x_wconf 87' lang='lat' dir='ltr'><strong>qui</strong></span> <span class='ocrx_word' id='word_1_775' title='bbox 1177 5542 1277 5595; x_wconf 87' lang='lat' dir='ltr'><strong>sub</strong></span> <span class='ocrx_word' id='word_1_776' title='bbox 1337 5553 1613 5612; x_wconf 85' lang='lat' dir='ltr'><strong>aspectum</strong></span> <span class='ocrx_word' id='word_1_777' title='bbox 1673 5560 1778 5597; x_wconf 91' lang='lat' dir='ltr'><strong>non</strong></span> <span class='ocrx_word' id='word_1_778' title='bbox 1842 5544 2007 5609; x_wconf 87' lang='lat' dir='ltr'><strong>cadit,</strong></span> <span class='ocrx_word' id='word_1_779' title='bbox 2070 5547 2310 5600; x_wconf 90' lang='lat' dir='ltr'><strong>omnium</strong></span> 
     </span>
    </p>
   </div>
   <div class='ocr_carea' id='block_1_103' title="bbox 742 5635 2308 5708">
    <p class='ocr_par' dir='ltr' id='par_1_103' title="bbox 742 5635 2308 5708">
     <span class='ocr_line' id='line_1_103' title="bbox 742 5635 2308 5708; baseline 0.004 -20"><span class='ocrx_word' id='word_1_780' title='bbox 742 5637 911 5689; x_wconf 82' lang='lat' dir='ltr'><strong>hostis</strong></span> <span class='ocrx_word' id='word_1_781' title='bbox 939 5645 993 5688; x_wconf 91' lang='lat' dir='ltr'><strong>et</strong></span> <span class='ocrx_word' id='word_1_782' title='bbox 1024 5636 1296 5698; x_wconf 88' lang='lat' dir='ltr'><strong>inimicus,</strong></span> <span class='ocrx_word' id='word_1_783' title='bbox 1328 5635 1593 5690; x_wconf 72' lang='lat' dir='ltr'><strong>simulans</strong></span> <span class='ocrx_word' id='word_1_784' title='bbox 1628 5651 1684 5690; x_wconf 89' lang='lat' dir='ltr'><strong>se</strong></span> <span class='ocrx_word' id='word_1_785' title='bbox 1730 5652 1851 5691; x_wconf 88' lang='lat' dir='ltr'><strong>esse</strong></span> <span class='ocrx_word' id='word_1_786' title='bbox 1892 5638 2143 5708; x_wconf 78' lang='lat' dir='ltr'><strong>angelum</strong></span> <span class='ocrx_word' id='word_1_787' title='bbox 2174 5640 2263 5694; x_wconf 92' lang='lat' dir='ltr'><strong>Dei</strong></span> <span class='ocrx_word' id='word_1_788' title='bbox 2296 5658 2308 5694; x_wconf 92' lang='lat'><strong>:</strong></span> 
     </span>
    </p>
   </div>
   <div class='ocr_carea' id='block_1_104' title="bbox 740 5727 2314 5801">
    <p class='ocr_par' dir='ltr' id='par_1_104' title="bbox 740 5727 2314 5801">
     <span class='ocr_line' id='line_1_104' title="bbox 740 5727 2314 5801; baseline 0.004 -19"><span class='ocrx_word' id='word_1_789' title='bbox 740 5728 956 5791; x_wconf 76' lang='lat' dir='ltr'><strong>Gravia,</strong></span> <span class='ocrx_word' id='word_1_790' title='bbox 988 5730 1191 5792; x_wconf 83' lang='lat' dir='ltr'><strong>dicens,</strong></span> <span class='ocrx_word' id='word_1_791' title='bbox 1222 5743 1254 5783; x_wconf 93' lang='grc' dir='ltr'><strong>ο</strong></span> <span class='ocrx_word' id='word_1_792' title='bbox 1292 5727 1525 5793; x_wconf 81' lang='lat' dir='ltr'><strong>Juliana,</strong></span> <span class='ocrx_word' id='word_1_793' title='bbox 1552 5740 1605 5783; x_wconf 92' lang='lat' dir='ltr'><strong>et</strong></span> <span class='ocrx_word' id='word_1_794' title='bbox 1641 5728 1792 5783; x_wconf 82' lang='lat' dir='ltr'><strong>valde</strong></span> <span class='ocrx_word' id='word_1_795' title='bbox 1834 5732 2015 5801; x_wconf 84' lang='lat' dir='ltr'><strong>gravia</strong></span> <span class='ocrx_word' id='word_1_796' title='bbox 2045 5742 2097 5787; x_wconf 88' lang='lat' dir='ltr'><strong>et</strong></span> <span class='ocrx_word' id='word_1_797' title='bbox 2157 5732 2314 5801; x_wconf 84' lang='lat' dir='ltr'><strong>plane</strong></span> 
     </span>
    </p>
   </div>
   <div class='ocr_carea' id='block_1_105' title="bbox 795 5906 1874 5963">
    <p class='ocr_par' dir='ltr' id='par_1_105' title="bbox 795 5906 1874 5963">
     <span class='ocr_line' id='line_1_105' title="bbox 795 5906 1874 5963; baseline 0.004 -5"><span class='ocrx_word' id='word_1_798' title='bbox 795 5909 813 5938; x_wconf 75' lang='grc' dir='ltr'>ί</span> <span class='ocrx_word' id='word_1_799' title='bbox 839 5906 974 5961; x_wconf 85' lang='lat' dir='ltr'><strong>Dan.</strong></span> <span class='ocrx_word' id='word_1_800' title='bbox 998 5922 1046 5959; x_wconf 93' lang='lat' dir='ltr'><strong>vt</strong></span> <span class='ocrx_word' id='word_1_801' title='bbox 1071 5920 1121 5962; x_wconf 83' lang='lat' dir='ltr'><strong>et</strong></span> <span class='ocrx_word' id='word_1_802' title='bbox 1147 5923 1224 5961; x_wconf 91' lang='grc' dir='ltr'>ιιι.</span> <span class='ocrx_word' id='word_1_803' title='bbox 1310 5909 1327 5939; x_wconf 90' lang='grc'><strong><em>³</em></strong></span> <span class='ocrx_word' id='word_1_804' title='bbox 1355 5906 1522 5962; x_wconf 75' lang='lat' dir='ltr'><strong>Exod.</strong></span> <span class='ocrx_word' id='word_1_805' title='bbox 1562 5924 1656 5963; x_wconf 82' lang='lat' dir='ltr'><strong>xui</strong></span> <span class='ocrx_word' id='word_1_806' title='bbox 1685 5917 1736 5961; x_wconf 91' lang='lat' dir='ltr'><strong>et</strong></span> <span class='ocrx_word' id='word_1_807' title='bbox 1765 5923 1874 5963; x_wconf 78' lang='lat' dir='ltr'><strong>xvr.</strong></span> 
     </span>
    </p>
   </div>
   <div class='ocr_carea' id='block_1_106' title="bbox 2421 4708 4004 4784">
    <p class='ocr_par' dir='ltr' id='par_1_106' title="bbox 2421 4708 4004 4784">
     <span class='ocr_line' id='line_1_106' title="bbox 2421 4708 4004 4784; baseline -0.003 -17"><span class='ocrx_word' id='word_1_808' title='bbox 2421 4715 2629 4768; x_wconf 83' lang='grc' dir='ltr'>Θέκλαν</span> <span class='ocrx_word' id='word_1_809' title='bbox 2659 4715 2721 4766; x_wconf 83' lang='grc' dir='ltr'>ὲκ</span> <span class='ocrx_word' id='word_1_810' title='bbox 2768 4716 2936 4784; x_wconf 76' lang='grc' dir='ltr'>πυρὸς</span> <span class='ocrx_word' id='word_1_811' title='bbox 2978 4718 3068 4767; x_wconf 89' lang='grc' dir='ltr'><strong>καί</strong></span> <span class='ocrx_word' id='word_1_812' title='bbox 3123 4713 3328 4782; x_wconf 72' lang='grc' dir='ltr'>θηρίων</span> <span class='ocrx_word' id='word_1_813' title='bbox 3356 4708 3429 4764; x_wconf 63' lang='grc' dir='ltr'><strong>³ο</strong></span> <span class='ocrx_word' id='word_1_814' title='bbox 3467 4714 3649 4782; x_wconf 81' lang='grc' dir='ltr'>πατήρ</span> <span class='ocrx_word' id='word_1_815' title='bbox 3704 4731 3808 4781; x_wconf 70' lang='grc' dir='ltr'><strong>μου</strong></span> <span class='ocrx_word' id='word_1_816' title='bbox 3851 4714 4004 4780; x_wconf 73' lang='grc' dir='ltr'><strong>καὶὴ</strong></span> 
     </span>
    </p>
   </div>
   <div class='ocr_carea' id='block_1_107' title="bbox 2423 4806 4008 4879">
    <p class='ocr_par' dir='ltr' id='par_1_107' title="bbox 2423 4806 4008 4879">
     <span class='ocr_line' id='line_1_107' title="bbox 2423 4806 4008 4879; baseline -0.003 -18"><span class='ocrx_word' id='word_1_817' title='bbox 2423 4812 2608 4879; x_wconf 80' lang='grc' dir='ltr'>μητήρ</span> <span class='ocrx_word' id='word_1_818' title='bbox 2638 4826 2739 4875; x_wconf 86' lang='grc' dir='ltr'><strong>μου</strong></span> <span class='ocrx_word' id='word_1_819' title='bbox 2771 4808 3132 4875; x_wconf 72' lang='grc' dir='ltr'>ἐγκατέλιπον</span> <span class='ocrx_word' id='word_1_820' title='bbox 3166 4824 3231 4877; x_wconf 90' lang='grc' dir='ltr'><strong>με</strong></span> <span class='ocrx_word' id='word_1_821' title='bbox 3258 4825 3273 4838; x_wconf 77' lang='lat'><strong>-</strong></span> <span class='ocrx_word' id='word_1_822' title='bbox 3311 4807 3374 4857; x_wconf 66' lang='grc' dir='ltr'><strong>σὺ</strong></span> <span class='ocrx_word' id='word_1_823' title='bbox 3416 4806 3495 4867; x_wconf 81' lang='grc' dir='ltr'>δὲ,</span> <span class='ocrx_word' id='word_1_824' title='bbox 3529 4806 3724 4875; x_wconf 75' lang='grc' dir='ltr'>Κύριε,</span> <span class='ocrx_word' id='word_1_825' title='bbox 3763 4806 3840 4875; x_wconf 83' lang='grc' dir='ltr'>μὴ</span> <span class='ocrx_word' id='word_1_826' title='bbox 3876 4808 4008 4858; x_wconf 79' lang='grc' dir='ltr'>ἀπο-</span> 
     </span>
    </p>
   </div>
   <div class='ocr_carea' id='block_1_108' title="bbox 2422 4898 4011 4969">
    <p class='ocr_par' dir='ltr' id='par_1_108' title="bbox 2422 4898 4011 4969">
     <span class='ocr_line' id='line_1_108' title="bbox 2422 4898 4011 4969; baseline -0.004 -17"><span class='ocrx_word' id='word_1_827' title='bbox 2422 4902 2560 4969; x_wconf 81' lang='grc' dir='ltr'>στῇς</span> <span class='ocrx_word' id='word_1_828' title='bbox 2608 4900 2702 4952; x_wconf 83' lang='grc' dir='ltr'><strong>ἀπ’</strong></span> <span class='ocrx_word' id='word_1_829' title='bbox 2742 4900 2901 4968; x_wconf 75' lang='grc' dir='ltr'>ἐμοῦ,</span> <span class='ocrx_word' id='word_1_830' title='bbox 2938 4900 3054 4951; x_wconf 81' lang='grc' dir='ltr'>ἀλλ’</span> <span class='ocrx_word' id='word_1_831' title='bbox 3086 4899 3144 4950; x_wconf 84' lang='grc' dir='ltr'><strong>ὃν</strong></span> <span class='ocrx_word' id='word_1_832' title='bbox 3180 4899 3378 4965; x_wconf 76' lang='grc' dir='ltr'>τρόπον</span> <span class='ocrx_word' id='word_1_833' title='bbox 3419 4898 3510 4950; x_wconf 73' lang='grc' dir='ltr'>καὶ</span> <span class='ocrx_word' id='word_1_834' title='bbox 3563 4899 3731 4949; x_wconf 77' lang='grc' dir='ltr'>πάλαι</span> <span class='ocrx_word' id='word_1_835' title='bbox 3769 4901 3864 4949; x_wconf 71' lang='grc' dir='ltr'>τὸν</span> <span class='ocrx_word' id='word_1_836' title='bbox 3914 4902 4011 4966; x_wconf 69' lang='grc' dir='ltr'>μὲν</span> 
     </span>
    </p>
   </div>
   <div class='ocr_carea' id='block_1_109' title="bbox 2432 4989 4013 5062">
    <p class='ocr_par' dir='ltr' id='par_1_109' title="bbox 2432 4989 4013 5062">
     <span class='ocr_line' id='line_1_109' title="bbox 2432 4989 4013 5062; baseline -0.001 -18"><span class='ocrx_word' id='word_1_837' title='bbox 2432 4992 2649 5062; x_wconf 80' lang='grc' dir='ltr'>Ἰσραὴλ</span> <span class='ocrx_word' id='word_1_838' title='bbox 2703 4992 2973 5060; x_wconf 81' lang='grc' dir='ltr'>φεύγοντα</span> <span class='ocrx_word' id='word_1_839' title='bbox 3027 4991 3117 5043; x_wconf 77' lang='grc' dir='ltr'>διὰ</span> <span class='ocrx_word' id='word_1_840' title='bbox 3154 4990 3428 5057; x_wconf 70' lang='grc' dir='ltr'>θαλάσσης</span> <span class='ocrx_word' id='word_1_841' title='bbox 3476 4991 3709 5052; x_wconf 79' lang='grc' dir='ltr'>ἔσωσας,</span> <span class='ocrx_word' id='word_1_842' title='bbox 3760 4989 4013 5062; x_wconf 78' lang='grc' dir='ltr'>θαλάσσῃ</span> 
     </span>
    </p>
   </div>
   <div class='ocr_carea' id='block_1_110' title="bbox 2416 5080 4015 5152">
    <p class='ocr_par' dir='ltr' id='par_1_110' title="bbox 2416 5080 4015 5152">
     <span class='ocr_line' id='line_1_110' title="bbox 2416 5080 4015 5152; baseline -0.003 -15"><span class='ocrx_word' id='word_1_843' title='bbox 2416 5085 2472 5137; x_wconf 83' lang='grc' dir='ltr'>δὲ</span> <span class='ocrx_word' id='word_1_844' title='bbox 2513 5087 2639 5147; x_wconf 70' lang='grc' dir='ltr'>τοὺς</span> <span class='ocrx_word' id='word_1_845' title='bbox 2675 5082 2904 5152; x_wconf 71' lang='grc' dir='ltr'>ἐχθροὺς</span> <span class='ocrx_word' id='word_1_846' title='bbox 2953 5081 3136 5135; x_wconf 85' lang='grc' dir='ltr'>αὐτῶν</span> <span class='ocrx_word' id='word_1_847' title='bbox 3188 5080 3596 5149; x_wconf 65' lang='grc' dir='ltr'>κατεκάλνψας.</span> <span class='ocrx_word' id='word_1_848' title='bbox 3650 5080 3794 5133; x_wconf 71' lang='grc' dir='ltr'>οὕτω</span> <span class='ocrx_word' id='word_1_849' title='bbox 3831 5083 3887 5134; x_wconf 76' lang='grc' dir='ltr'>δὲ</span> <span class='ocrx_word' id='word_1_850' title='bbox 3921 5085 4015 5136; x_wconf 66' lang='grc' dir='ltr'><strong>καὶ</strong></span> 
     </span>
    </p>
   </div>
   <div class='ocr_carea' id='block_1_111' title="bbox 2418 5173 4015 5245">
    <p class='ocr_par' dir='ltr' id='par_1_111' title="bbox 2418 5173 4015 5245">
     <span class='ocr_line' id='line_1_111' title="bbox 2418 5173 4015 5245; baseline -0.003 -15"><span class='ocrx_word' id='word_1_851' title='bbox 2418 5177 2511 5231; x_wconf 80' lang='grc' dir='ltr'><strong>νῦν</strong></span> <span class='ocrx_word' id='word_1_852' title='bbox 2546 5178 2719 5230; x_wconf 89' lang='grc' dir='ltr'>σῶσον</span> <span class='ocrx_word' id='word_1_853' title='bbox 2762 5177 2859 5245; x_wconf 83' lang='grc' dir='ltr'>μὲν</span> <span class='ocrx_word' id='word_1_854' title='bbox 2906 5175 3024 5243; x_wconf 69' lang='grc' dir='ltr'>ἐμὲ,</span> <span class='ocrx_word' id='word_1_855' title='bbox 3059 5175 3148 5228; x_wconf 82' lang='grc' dir='ltr'>τὸν</span> <span class='ocrx_word' id='word_1_856' title='bbox 3183 5173 3521 5241; x_wconf 73' lang='grc' dir='ltr'>πολεμοῦντα</span> <span class='ocrx_word' id='word_1_857' title='bbox 3567 5173 3621 5224; x_wconf 82' lang='grc' dir='ltr'><em>δέ</em></span> <span class='ocrx_word' id='word_1_858' title='bbox 3678 5191 3767 5242; x_wconf 85' lang='grc' dir='ltr'><strong>μοι</strong></span> <span class='ocrx_word' id='word_1_859' title='bbox 3807 5175 4015 5245; x_wconf 80' lang='grc' dir='ltr'>κατάρο</span> 
     </span>
    </p>
   </div>
   <div class='ocr_carea' id='block_1_112' title="bbox 2426 5267 4008 5342">
    <p class='ocr_par' dir='ltr' id='par_1_112' title="bbox 2426 5267 4008 5342">
     <span class='ocr_line' id='line_1_112' title="bbox 2426 5267 4008 5342; baseline -0.004 -19"><span class='ocrx_word' id='word_1_860' title='bbox 2426 5271 2608 5342; x_wconf 77' lang='grc' dir='ltr'>ραξον,</span> <span class='ocrx_word' id='word_1_861' title='bbox 2644 5272 2883 5338; x_wconf 83' lang='grc' dir='ltr'>ἀήττητε</span> <span class='ocrx_word' id='word_1_862' title='bbox 2935 5267 3179 5339; x_wconf 81' lang='grc' dir='ltr'>βασιλεῦ,</span> <span class='ocrx_word' id='word_1_863' title='bbox 3223 5268 3314 5320; x_wconf 71' lang='grc' dir='ltr'><strong>καὶ</strong></span> <span class='ocrx_word' id='word_1_864' title='bbox 3340 5268 3408 5319; x_wconf 80' lang='grc' dir='ltr'>δι’</span> <span class='ocrx_word' id='word_1_865' title='bbox 3443 5267 3603 5319; x_wconf 70' lang='grc' dir='ltr'>αὐτοῦ</span> <span class='ocrx_word' id='word_1_866' title='bbox 3637 5268 3728 5317; x_wconf 63' lang='grc' dir='ltr'>τὸν</span> <span class='ocrx_word' id='word_1_867' title='bbox 3766 5268 4008 5318; x_wconf 74' lang='grc' dir='ltr'>ἀντικεί-</span> 
     </span>
    </p>
   </div>
   <div class='ocr_carea' id='block_1_113' title="bbox 2427 5358 4008 5433">
    <p class='ocr_par' dir='ltr' id='par_1_113' title="bbox 2427 5358 4008 5433">
     <span class='ocr_line' id='line_1_113' title="bbox 2427 5358 4008 5433; baseline -0.004 -18"><span class='ocrx_word' id='word_1_868' title='bbox 2427 5362 2587 5433; x_wconf 79' lang='grc' dir='ltr'>μενὸν</span> <span class='ocrx_word' id='word_1_869' title='bbox 2609 5379 2666 5414; x_wconf 90' lang='grc' dir='ltr'><strong>τε</strong></span> <span class='ocrx_word' id='word_1_870' title='bbox 2692 5362 2784 5414; x_wconf 74' lang='grc' dir='ltr'>καὶ</span> <span class='ocrx_word' id='word_1_871' title='bbox 2808 5361 3186 5423; x_wconf 75' lang='grc' dir='ltr'>ὑποσκελίζειν</span> <span class='ocrx_word' id='word_1_872' title='bbox 3207 5361 3348 5429; x_wconf 69' lang='grc' dir='ltr'>ἡμᾶς</span> <span class='ocrx_word' id='word_1_873' title='bbox 3376 5359 3714 5427; x_wconf 73' lang='grc' dir='ltr'>πειρώμενον</span> <span class='ocrx_word' id='word_1_874' title='bbox 3738 5358 4008 5410; x_wconf 68' lang='grc' dir='ltr'>Σατανᾶν.</span> 
     </span>
    </p>
   </div>
   <div class='ocr_carea' id='block_1_114' title="bbox 2502 5450 4014 5523">
    <p class='ocr_par' dir='ltr' id='par_1_114' title="bbox 2502 5450 4014 5523">
     <span class='ocr_line' id='line_1_114' title="bbox 2502 5450 4014 5523; baseline -0.005 -16"><span class='ocrx_word' id='word_1_875' title='bbox 2502 5456 2579 5509; x_wconf 75' lang='grc' dir='ltr'>ιισ.</span> <span class='ocrx_word' id='word_1_876' title='bbox 2618 5454 2738 5507; x_wconf 85' lang='grc' dir='ltr'>Ἔτι</span> <span class='ocrx_word' id='word_1_877' title='bbox 2768 5455 2866 5523; x_wconf 69' lang='grc' dir='ltr'>τῆς</span> <span class='ocrx_word' id='word_1_878' title='bbox 2916 5454 3078 5522; x_wconf 71' lang='grc' dir='ltr'>εὐχῆς</span> <span class='ocrx_word' id='word_1_879' title='bbox 3119 5453 3176 5503; x_wconf 80' lang='grc' dir='ltr'>ὲν</span> <span class='ocrx_word' id='word_1_880' title='bbox 3210 5451 3442 5520; x_wconf 64' lang='grc' dir='ltr'>χείλεσιν</span> <span class='ocrx_word' id='word_1_881' title='bbox 3493 5450 3681 5516; x_wconf 70' lang='grc' dir='ltr'>οῧσης.</span> <span class='ocrx_word' id='word_1_882' title='bbox 3724 5452 4014 5511; x_wconf 66' lang='grc' dir='ltr'>πρόσεισιν</span> 
     </span>
    </p>
   </div>
   <div class='ocr_carea' id='block_1_115' title="bbox 2426 5544 4017 5618">
    <p class='ocr_par' dir='ltr' id='par_1_115' title="bbox 2426 5544 4017 5618">
     <span class='ocr_line' id='line_1_115' title="bbox 2426 5544 4017 5618; baseline -0.014 -8"><span class='ocrx_word' id='word_1_883' title='bbox 2426 5550 2563 5618; x_wconf 77' lang='grc' dir='ltr'>αὐτῇ</span> <span class='ocrx_word' id='word_1_884' title='bbox 2592 5551 2619 5601; x_wconf 85' lang='grc' dir='ltr'>ὁ</span> <span class='ocrx_word' id='word_1_885' title='bbox 2654 5550 2866 5617; x_wconf 68' lang='grc' dir='ltr'>ἀφανὴς</span> <span class='ocrx_word' id='word_1_886' title='bbox 2901 5550 3117 5600; x_wconf 80' lang='grc' dir='ltr'>πάντων</span> <span class='ocrx_word' id='word_1_887' title='bbox 3168 5546 3359 5616; x_wconf 71' lang='grc' dir='ltr'>ἐχθρὸς</span> <span class='ocrx_word' id='word_1_888' title='bbox 3390 5545 3484 5598; x_wconf 64' lang='grc' dir='ltr'><strong>καὶ</strong></span> <span class='ocrx_word' id='word_1_889' title='bbox 3531 5544 3813 5611; x_wconf 78' lang='grc' dir='ltr'>πολέμιος,</span> <span class='ocrx_word' id='word_1_890' title='bbox 3848 5546 4017 5609; x_wconf 72' lang='grc' dir='ltr'>ἀγγε-</span> 
     </span>
    </p>
   </div>
   <div class='ocr_carea' id='block_1_116' title="bbox 3786 5629 3812 5649">
    <p class='ocr_par' dir='ltr' id='par_1_116' title="bbox 3786 5629 3812 5649">
     <span class='ocr_line' id='line_1_116' title="bbox 3786 5629 3812 5649; baseline 0 0"><span class='ocrx_word' id='word_1_891' title='bbox 3786 5629 3812 5649; x_wconf 66' lang='grc' dir='ltr'><strong><em>ν</em></strong></span> 
     </span>
    </p>
   </div>
   <div class='ocr_carea' id='block_1_117' title="bbox 2423 5639 4017 5711">
    <p class='ocr_par' dir='ltr' id='par_1_117' title="bbox 2423 5639 4017 5711">
     <span class='ocr_line' id='line_1_117' title="bbox 2423 5639 4017 5711; baseline -0.004 -16"><span class='ocrx_word' id='word_1_892' title='bbox 2423 5645 2511 5705; x_wconf 87' lang='grc' dir='ltr'><strong>λος</strong></span> <span class='ocrx_word' id='word_1_893' title='bbox 2544 5642 2679 5696; x_wconf 75' lang='grc' dir='ltr'>Θεοῦ</span> <span class='ocrx_word' id='word_1_894' title='bbox 2711 5642 2848 5696; x_wconf 79' lang='grc' dir='ltr'>εἶναι</span> <span class='ocrx_word' id='word_1_895' title='bbox 2893 5640 3302 5711; x_wconf 77' lang='grc' dir='ltr'>προσποιηθεὶς,</span> <span class='ocrx_word' id='word_1_896' title='bbox 3334 5640 3508 5700; x_wconf 76' lang='grc' dir='ltr'>Δεινά,</span> <span class='ocrx_word' id='word_1_897' title='bbox 3541 5639 3596 5689; x_wconf 81' lang='grc' dir='ltr'>λέ</span> <span class='ocrx_word' id='word_1_898' title='bbox 3612 5656 3737 5705; x_wconf 64' lang='grc' dir='ltr'><strong>των,</strong></span> <span class='ocrx_word' id='word_1_899' title='bbox 3779 5639 3826 5688; x_wconf 79' lang='grc' dir='ltr'>ὼ</span> <span class='ocrx_word' id='word_1_900' title='bbox 3888 5640 4017 5689; x_wconf 63' lang='grc' dir='ltr'><strong>Ἰου-</strong></span> 
     </span>
    </p>
   </div>
   <div class='ocr_carea' id='block_1_118' title="bbox 2426 5733 4017 5807">
    <p class='ocr_par' dir='ltr' id='par_1_118' title="bbox 2426 5733 4017 5807">
     <span class='ocr_line' id='line_1_118' title="bbox 2426 5733 4017 5807; baseline -0.004 -19"><span class='ocrx_word' id='word_1_901' title='bbox 2426 5737 2603 5807; x_wconf 75' lang='grc' dir='ltr'>λιανὴ,</span> <span class='ocrx_word' id='word_1_902' title='bbox 2662 5738 2802 5791; x_wconf 62' lang='grc' dir='ltr'>κατὰ</span> <span class='ocrx_word' id='word_1_903' title='bbox 2858 5735 2952 5789; x_wconf 75' lang='grc' dir='ltr'>σοῦ</span> <span class='ocrx_word' id='word_1_904' title='bbox 3006 5738 3031 5788; x_wconf 71' lang='grc' dir='ltr'>ὁ</span> <span class='ocrx_word' id='word_1_905' title='bbox 3069 5738 3268 5806; x_wconf 69' lang='grc' dir='ltr'>ἅρχων,</span> <span class='ocrx_word' id='word_1_906' title='bbox 3323 5734 3472 5788; x_wconf 78' lang='grc' dir='ltr'>δε.νά</span> <span class='ocrx_word' id='word_1_907' title='bbox 3524 5733 3723 5803; x_wconf 55' lang='grc' dir='ltr'>σσὸἰρα</span> <span class='ocrx_word' id='word_1_908' title='bbox 3778 5736 3873 5786; x_wconf 75' lang='grc' dir='ltr'><strong>καὶ</strong></span> <span class='ocrx_word' id='word_1_909' title='bbox 3922 5736 4017 5787; x_wconf 59' lang='grc' dir='ltr'><strong>ἀνι</strong></span> 
     </span>
    </p>
   </div>
  </div>
