  <div class='ocr_page' id='page_1' title='image "/cluster/home/n/w/nwhite01/storage/ocr_20150623/114/nnc1.0046980210/734.png"; bbox 0 0 4218 6482; ppageno 0'>
   <div class='ocr_carea' id='block_1_1' title="bbox 262 429 401 491">
    <p class='ocr_par' dir='ltr' id='par_1_1' title="bbox 262 429 401 491">
     <span class='ocr_line' id='line_1_1' title="bbox 262 429 401 491; baseline -0.014 0"><span class='ocrx_word' id='word_1_1' title='bbox 262 429 401 491; x_wconf 68' lang='lat' dir='ltr'><strong>1M5</strong></span> 
     </span>
    </p>
   </div>
   <div class='ocr_carea' id='block_1_2' title="bbox 1533 400 2207 470">
    <p class='ocr_par' dir='ltr' id='par_1_2' title="bbox 1533 400 2207 470">
     <span class='ocr_line' id='line_1_2' title="bbox 1533 400 2207 470; baseline -0.016 0"><span class='ocrx_word' id='word_1_2' title='bbox 1533 406 1713 470; x_wconf 78' lang='lat' dir='ltr'><strong>VlTA</strong></span> <span class='ocrx_word' id='word_1_3' title='bbox 1743 405 1802 463; x_wconf 84' lang='lat' dir='ltr'><strong>S.</strong></span> <span class='ocrx_word' id='word_1_4' title='bbox 1838 400 2207 464; x_wconf 68' lang='lat' dir='ltr'><strong>JULIAN/F-.</strong></span> 
     </span>
    </p>
   </div>
   <div class='ocr_carea' id='block_1_3' title="bbox 3389 382 3523 445">
    <p class='ocr_par' dir='ltr' id='par_1_3' title="bbox 3389 382 3523 445">
     <span class='ocr_line' id='line_1_3' title="bbox 3389 382 3523 445; baseline 0.007 -1"><span class='ocrx_word' id='word_1_5' title='bbox 3389 382 3523 445; x_wconf 72' lang='grc' dir='ltr'><strong>Ι-ίὶὀ</strong></span> 
     </span>
    </p>
   </div>
   <div class='ocr_carea' id='block_1_4' title="bbox 262 496 1858 601">
    <p class='ocr_par' dir='ltr' id='par_1_4' title="bbox 262 514 1849 601">
     <span class='ocr_line' id='line_1_4' title="bbox 262 514 1849 601; baseline -0.016 -9"><span class='ocrx_word' id='word_1_6' title='bbox 262 540 492 593; x_wconf 78' lang='grc' dir='ltr'>ύιιοιστα</span> <span class='ocrx_word' id='word_1_7' title='bbox 523 527 909 601; x_wconf 80' lang='grc' dir='ltr'><strong>παρεσκεύασε</strong></span> <span class='ocrx_word' id='word_1_8' title='bbox 941 522 1299 592; x_wconf 79' lang='grc' dir='ltr'><strong>κολαστήρια·</strong></span> <span class='ocrx_word' id='word_1_9' title='bbox 1328 518 1390 572; x_wconf 72' lang='grc' dir='ltr'><strong>σὺ</strong></span> <span class='ocrx_word' id='word_1_10' title='bbox 1426 518 1506 583; x_wconf 66' lang='grc' dir='ltr'>δὲ,</span> <span class='ocrx_word' id='word_1_11' title='bbox 1539 517 1655 572; x_wconf 80' lang='grc' dir='ltr'>ἀλλ’</span> <span class='ocrx_word' id='word_1_12' title='bbox 1681 514 1849 586; x_wconf 76' lang='grc' dir='ltr'>ἡνίκα</span> 
     </span>
    </p>
   </div>
   <div class='ocr_carea' id='block_1_5' title="bbox 1955 496 3519 601">
    <p class='ocr_par' dir='ltr' id='par_1_5' title="bbox 1955 496 3519 584">
     <span class='ocr_line' id='line_1_5' title="bbox 1955 496 3519 584; baseline -0.009 -21"><span class='ocrx_word' id='word_1_13' title='bbox 1955 508 2310 564; x_wconf 87' lang='lat' dir='ltr'><strong>intolerabilia</strong></span> <span class='ocrx_word' id='word_1_14' title='bbox 2338 505 2599 560; x_wconf 87' lang='lat' dir='ltr'><strong>adversus</strong></span> <span class='ocrx_word' id='word_1_15' title='bbox 2624 509 2672 556; x_wconf 89' lang='lat' dir='ltr'><strong>te</strong></span> <span class='ocrx_word' id='word_1_16' title='bbox 2695 500 2981 584; x_wconf 61' lang='lat' dir='ltr'><strong>praefectus</strong></span> <span class='ocrx_word' id='word_1_17' title='bbox 3004 496 3519 566; x_wconf 77' lang='lat' dir='ltr'><strong>paravitsupplicia.</strong></span> 
     </span>
    </p>
   </div>
   <div class='ocr_carea' id='block_1_6' title="bbox 262 606 1842 699">
    <p class='ocr_par' dir='ltr' id='par_1_6' title="bbox 262 606 1842 699">
     <span class='ocr_line' id='line_1_6' title="bbox 262 606 1842 699; baseline -0.017 -16"><span class='ocrx_word' id='word_1_18' title='bbox 262 629 423 699; x_wconf 89' lang='grc' dir='ltr'>μόνον</span> <span class='ocrx_word' id='word_1_19' title='bbox 474 621 785 691; x_wconf 80' lang='grc' dir='ltr'>ἐξαγάγωσί</span> <span class='ocrx_word' id='word_1_20' title='bbox 820 636 877 672; x_wconf 88' lang='grc' dir='ltr'><strong>σε</strong></span> <span class='ocrx_word' id='word_1_21' title='bbox 903 616 1012 689; x_wconf 59' lang='grc' dir='ltr'><strong>βῆς</strong></span> <span class='ocrx_word' id='word_1_22' title='bbox 1066 612 1336 683; x_wconf 80' lang='grc' dir='ltr'><strong>φυλακῆς,</strong></span> <span class='ocrx_word' id='word_1_23' title='bbox 1396 610 1713 681; x_wconf 82' lang='grc' dir='ltr'>πρόσδραμε</span> <span class='ocrx_word' id='word_1_24' title='bbox 1749 606 1842 699; x_wconf 65' lang='grc' dir='ltr'>καὶ</span> 
     </span>
    </p>
   </div>
   <div class='ocr_carea' id='block_1_7' title="bbox 260 697 1842 780">
    <p class='ocr_par' dir='ltr' id='par_1_7' title="bbox 260 697 1842 780">
     <span class='ocr_line' id='line_1_7' title="bbox 260 697 1842 780; baseline -0.016 -7"><span class='ocrx_word' id='word_1_25' title='bbox 260 697 422 772; x_wconf 67' lang='grc' dir='ltr'>δύσον</span> <span class='ocrx_word' id='word_1_26' title='bbox 453 715 641 779; x_wconf 76' lang='grc' dir='ltr'>εὐθὺς,</span> <span class='ocrx_word' id='word_1_27' title='bbox 675 712 799 765; x_wconf 78' lang='grc' dir='ltr'>οὐδὲ</span> <span class='ocrx_word' id='word_1_28' title='bbox 824 712 932 780; x_wconf 79' lang='grc' dir='ltr'><strong>γάρ</strong></span> <span class='ocrx_word' id='word_1_29' title='bbox 964 707 1207 770; x_wconf 85' lang='grc' dir='ltr'>ύποίσοις</span> <span class='ocrx_word' id='word_1_30' title='bbox 1252 703 1314 756; x_wconf 86' lang='grc' dir='ltr'>τὸ</span> <span class='ocrx_word' id='word_1_31' title='bbox 1343 703 1459 755; x_wconf 91' lang='grc' dir='ltr'>λίαν</span> <span class='ocrx_word' id='word_1_32' title='bbox 1504 701 1700 771; x_wconf 64' lang='grc' dir='ltr'>πικρόν</span> <span class='ocrx_word' id='word_1_33' title='bbox 1732 697 1842 749; x_wconf 81' lang='grc' dir='ltr'><strong>τῶν</strong></span> 
     </span>
    </p>
   </div>
   <div class='ocr_carea' id='block_1_8' title="bbox 259 788 1840 870">
    <p class='ocr_par' dir='ltr' id='par_1_8' title="bbox 259 788 1840 870">
     <span class='ocr_line' id='line_1_8' title="bbox 259 788 1840 870; baseline -0.016 -4"><span class='ocrx_word' id='word_1_34' title='bbox 259 810 557 865; x_wconf 81' lang='grc' dir='ltr'><strong>κολάσεων.</strong></span> <span class='ocrx_word' id='word_1_35' title='bbox 587 807 651 861; x_wconf 86' lang='lat' dir='ltr'><strong>&#39;H</strong></span> <span class='ocrx_word' id='word_1_36' title='bbox 681 805 759 858; x_wconf 83' lang='grc' dir='ltr'>δέ·</span> <span class='ocrx_word' id='word_1_37' title='bbox 793 805 900 857; x_wconf 68' lang='grc' dir='ltr'>Καὶ</span> <span class='ocrx_word' id='word_1_38' title='bbox 922 799 1026 865; x_wconf 85' lang='grc' dir='ltr'>τίς,</span> <span class='ocrx_word' id='word_1_39' title='bbox 1051 801 1232 870; x_wconf 73' lang='grc' dir='ltr'>ᾔρετο,</span> <span class='ocrx_word' id='word_1_40' title='bbox 1262 796 1359 861; x_wconf 88' lang='grc' dir='ltr'>σύ;</span> <span class='ocrx_word' id='word_1_41' title='bbox 1390 795 1499 848; x_wconf 76' lang='grc' dir='ltr'><strong>Καὶ</strong></span> <span class='ocrx_word' id='word_1_42' title='bbox 1525 796 1553 847; x_wconf 98' lang='lat'><strong>6</strong></span> <span class='ocrx_word' id='word_1_43' title='bbox 1584 788 1840 859; x_wconf 72' lang='grc' dir='ltr'>πονηρός·</span> 
     </span>
    </p>
   </div>
   <div class='ocr_carea' id='block_1_9' title="bbox 262 880 1844 971">
    <p class='ocr_par' dir='ltr' id='par_1_9' title="bbox 262 880 1844 971">
     <span class='ocr_line' id='line_1_9' title="bbox 262 880 1844 971; baseline -0.015 -14"><span class='ocrx_word' id='word_1_44' title='bbox 262 902 529 971; x_wconf 72' lang='grc' dir='ltr'>’Δγγελός</span> <span class='ocrx_word' id='word_1_45' title='bbox 580 901 698 967; x_wconf 89' lang='grc' dir='ltr'>είμι</span> <span class='ocrx_word' id='word_1_46' title='bbox 750 896 845 947; x_wconf 81' lang='grc' dir='ltr'><strong>τοῦ</strong></span> <span class='ocrx_word' id='word_1_47' title='bbox 889 894 1058 947; x_wconf 76' lang='grc' dir='ltr'>Θεοῦ·</span> <span class='ocrx_word' id='word_1_48' title='bbox 1110 890 1206 944; x_wconf 71' lang='grc' dir='ltr'><strong>καὶ</strong></span> <span class='ocrx_word' id='word_1_49' title='bbox 1259 889 1449 959; x_wconf 83' lang='grc' dir='ltr'>ἐπειδὴ</span> <span class='ocrx_word' id='word_1_50' title='bbox 1504 887 1660 954; x_wconf 91' lang='grc' dir='ltr'>λόγος</span> <span class='ocrx_word' id='word_1_51' title='bbox 1695 880 1844 951; x_wconf 86' lang='grc' dir='ltr'>αύτῷ</span> 
     </span>
    </p>
   </div>
   <div class='ocr_carea' id='block_1_10' title="bbox 261 974 1843 1064">
    <p class='ocr_par' dir='ltr' id='par_1_10' title="bbox 261 974 1843 1064">
     <span class='ocr_line' id='line_1_10' title="bbox 261 974 1843 1064; baseline -0.013 -19"><span class='ocrx_word' id='word_1_52' title='bbox 261 997 392 1064; x_wconf 73' lang='grc' dir='ltr'>περὶ</span> <span class='ocrx_word' id='word_1_53' title='bbox 428 990 546 1057; x_wconf 80' lang='grc' dir='ltr'>σοῦ,</span> <span class='ocrx_word' id='word_1_54' title='bbox 585 990 793 1058; x_wconf 80' lang='grc' dir='ltr'>πέμπει</span> <span class='ocrx_word' id='word_1_55' title='bbox 828 1002 894 1055; x_wconf 88' lang='grc' dir='ltr'><strong>με</strong></span> <span class='ocrx_word' id='word_1_56' title='bbox 927 983 1063 1055; x_wconf 83' lang='grc' dir='ltr'>πρὸς</span> <span class='ocrx_word' id='word_1_57' title='bbox 1094 983 1174 1046; x_wconf 84' lang='grc' dir='ltr'><strong>σὲ,</strong></span> <span class='ocrx_word' id='word_1_58' title='bbox 1214 980 1505 1051; x_wconf 77' lang='grc' dir='ltr'>πεισθῆναί</span> <span class='ocrx_word' id='word_1_59' title='bbox 1534 995 1592 1030; x_wconf 87' lang='grc' dir='ltr'><strong>σε</strong></span> <span class='ocrx_word' id='word_1_60' title='bbox 1620 974 1843 1045; x_wconf 82' lang='grc' dir='ltr'><strong>μηνύων</strong></span> 
     </span>
    </p>
   </div>
   <div class='ocr_carea' id='block_1_11' title="bbox 260 1068 1839 1154">
    <p class='ocr_par' dir='ltr' id='par_1_11' title="bbox 260 1068 1839 1154">
     <span class='ocr_line' id='line_1_11' title="bbox 260 1068 1839 1154; baseline -0.013 -15"><span class='ocrx_word' id='word_1_61' title='bbox 260 1088 355 1139; x_wconf 70' lang='grc' dir='ltr'><strong>καὶ</strong></span> <span class='ocrx_word' id='word_1_62' title='bbox 390 1085 463 1154; x_wconf 81' lang='grc' dir='ltr'>μὴ</span> <span class='ocrx_word' id='word_1_63' title='bbox 492 1083 610 1144; x_wconf 83' lang='grc' dir='ltr'>ταῖς</span> <span class='ocrx_word' id='word_1_64' title='bbox 643 1078 867 1139; x_wconf 85' lang='grc' dir='ltr'>πολλαῖς</span> <span class='ocrx_word' id='word_1_65' title='bbox 891 1074 1147 1145; x_wconf 81' lang='grc' dir='ltr'><strong>βασάνοις</strong></span> <span class='ocrx_word' id='word_1_66' title='bbox 1178 1074 1241 1124; x_wconf 82' lang='grc' dir='ltr'>τὸ</span> <span class='ocrx_word' id='word_1_67' title='bbox 1268 1072 1427 1142; x_wconf 81' lang='grc' dir='ltr'>σῶμα</span> <span class='ocrx_word' id='word_1_68' title='bbox 1456 1068 1839 1138; x_wconf 67' lang='grc' dir='ltr'>διαφθαρῆναι·</span> 
     </span>
    </p>
   </div>
   <div class='ocr_carea' id='block_1_12' title="bbox 264 1157 1842 1244">
    <p class='ocr_par' dir='ltr' id='par_1_12' title="bbox 264 1157 1842 1244">
     <span class='ocr_line' id='line_1_12' title="bbox 264 1157 1842 1244; baseline -0.014 -13"><span class='ocrx_word' id='word_1_69' title='bbox 264 1173 643 1244; x_wconf 80' lang='grc' dir='ltr'><strong>συγγνώσεται</strong></span> <span class='ocrx_word' id='word_1_70' title='bbox 694 1171 803 1239; x_wconf 80' lang='grc' dir='ltr'>γάρ</span> <span class='ocrx_word' id='word_1_71' title='bbox 839 1184 919 1221; x_wconf 91' lang='grc' dir='ltr'><strong>σοι</strong></span> <span class='ocrx_word' id='word_1_72' title='bbox 974 1164 1282 1236; x_wconf 77' lang='grc' dir='ltr'>πεισθείσῃ,</span> <span class='ocrx_word' id='word_1_73' title='bbox 1328 1163 1633 1233; x_wconf 80' lang='grc' dir='ltr'>φιλάνθρωτ</span> <span class='ocrx_word' id='word_1_74' title='bbox 1655 1176 1713 1223; x_wconf 90' lang='grc' dir='ltr'><strong>ος</strong></span> <span class='ocrx_word' id='word_1_75' title='bbox 1744 1157 1842 1223; x_wconf 78' lang='grc' dir='ltr'>ὢν,</span> 
     </span>
    </p>
   </div>
   <div class='ocr_carea' id='block_1_13' title="bbox 263 1250 1843 1335">
    <p class='ocr_par' dir='ltr' id='par_1_13' title="bbox 263 1250 1843 1335">
     <span class='ocr_line' id='line_1_13' title="bbox 263 1250 1843 1335; baseline -0.012 -16"><span class='ocrx_word' id='word_1_76' title='bbox 263 1267 353 1319; x_wconf 86' lang='grc' dir='ltr'>διὰ</span> <span class='ocrx_word' id='word_1_77' title='bbox 374 1266 472 1335; x_wconf 82' lang='grc' dir='ltr'><strong>τὴν</strong></span> <span class='ocrx_word' id='word_1_78' title='bbox 507 1260 706 1329; x_wconf 82' lang='grc' dir='ltr'>πολλὴν</span> <span class='ocrx_word' id='word_1_79' title='bbox 743 1259 942 1329; x_wconf 78' lang='grc' dir='ltr'>σαρκὸς</span> <span class='ocrx_word' id='word_1_80' title='bbox 989 1254 1295 1310; x_wconf 84' lang='grc' dir='ltr'>ἀσθένειαν.</span> <span class='ocrx_word' id='word_1_81' title='bbox 1329 1254 1371 1306; x_wconf 85' lang='grc' dir='ltr'>Τ</span> <span class='ocrx_word' id='word_1_82' title='bbox 1377 1254 1583 1324; x_wconf 86' lang='grc' dir='ltr'>αρὰχου</span> <span class='ocrx_word' id='word_1_83' title='bbox 1616 1252 1707 1302; x_wconf 75' lang='grc' dir='ltr'>καὶ</span> <span class='ocrx_word' id='word_1_84' title='bbox 1734 1250 1843 1302; x_wconf 88' lang='grc' dir='ltr'>δεί-</span> 
     </span>
    </p>
   </div>
   <div class='ocr_carea' id='block_1_14' title="bbox 268 1341 1845 1424">
    <p class='ocr_par' dir='ltr' id='par_1_14' title="bbox 268 1341 1845 1424">
     <span class='ocr_line' id='line_1_14' title="bbox 268 1341 1845 1424; baseline -0.01 -16"><span class='ocrx_word' id='word_1_85' title='bbox 268 1371 438 1424; x_wconf 86' lang='grc' dir='ltr'>ματος</span> <span class='ocrx_word' id='word_1_86' title='bbox 474 1354 564 1403; x_wconf 73' lang='grc' dir='ltr'><strong>ἐπὶ</strong></span> <span class='ocrx_word' id='word_1_87' title='bbox 610 1350 818 1411; x_wconf 76' lang='grc' dir='ltr'><strong>τούτοις</strong></span> <span class='ocrx_word' id='word_1_88' title='bbox 863 1349 896 1417; x_wconf 80' lang='grc' dir='ltr'>ἡ</span> <span class='ocrx_word' id='word_1_89' title='bbox 931 1347 1143 1417; x_wconf 81' lang='grc' dir='ltr'><strong>μάρτυς</strong></span> <span class='ocrx_word' id='word_1_90' title='bbox 1174 1344 1347 1416; x_wconf 82' lang='grc' dir='ltr'>μεστὴ</span> <span class='ocrx_word' id='word_1_91' title='bbox 1391 1344 1635 1410; x_wconf 86' lang='grc' dir='ltr'>γίνεται·</span> <span class='ocrx_word' id='word_1_92' title='bbox 1683 1341 1845 1412; x_wconf 81' lang='grc' dir='ltr'>ὲῲκει</span> 
     </span>
    </p>
   </div>
   <div class='ocr_carea' id='block_1_15' title="bbox 265 1436 1845 1516">
    <p class='ocr_par' dir='ltr' id='par_1_15' title="bbox 265 1436 1845 1516">
     <span class='ocr_line' id='line_1_15' title="bbox 265 1436 1845 1516; baseline -0.012 4"><span class='ocrx_word' id='word_1_93' title='bbox 265 1447 374 1516; x_wconf 74' lang='grc' dir='ltr'><strong>γάρ</strong></span> <span class='ocrx_word' id='word_1_94' title='bbox 407 1443 498 1497; x_wconf 72' lang='grc' dir='ltr'><strong>τοῦ</strong></span> <span class='ocrx_word' id='word_1_95' title='bbox 533 1444 865 1512; x_wconf 75' lang='grc' dir='ltr'>φαινομένου</span> <span class='ocrx_word' id='word_1_96' title='bbox 898 1443 930 1505; x_wconf 79' lang='grc' dir='ltr'><strong>ἡ</strong></span> <span class='ocrx_word' id='word_1_97' title='bbox 986 1441 1085 1510; x_wconf 77' lang='grc' dir='ltr'>μὲν</span> <span class='ocrx_word' id='word_1_98' title='bbox 1121 1438 1305 1509; x_wconf 79' lang='grc' dir='ltr'>μορφὴ</span> <span class='ocrx_word' id='word_1_99' title='bbox 1339 1438 1594 1505; x_wconf 69' lang='grc' dir='ltr'>ἀγγέλου»</span> <span class='ocrx_word' id='word_1_100' title='bbox 1626 1436 1659 1503; x_wconf 81' lang='grc' dir='ltr'><strong>ἡ</strong></span> <span class='ocrx_word' id='word_1_101' title='bbox 1703 1452 1845 1503; x_wconf 79' lang='grc' dir='ltr'>συμ-</span> 
     </span>
    </p>
   </div>
   <div class='ocr_carea' id='block_1_16' title="bbox 265 1524 1847 1603">
    <p class='ocr_par' dir='ltr' id='par_1_16' title="bbox 265 1524 1847 1603">
     <span class='ocr_line' id='line_1_16' title="bbox 265 1524 1847 1603; baseline -0.008 -15"><span class='ocrx_word' id='word_1_102' title='bbox 265 1537 431 1603; x_wconf 76' lang='grc' dir='ltr'>ῦουλὴ</span> <span class='ocrx_word' id='word_1_103' title='bbox 463 1535 518 1587; x_wconf 79' lang='grc' dir='ltr'><strong>δὲ</strong></span> <span class='ocrx_word' id='word_1_104' title='bbox 548 1535 810 1603; x_wconf 76' lang='grc' dir='ltr'>ἄντικρυς</span> <span class='ocrx_word' id='word_1_105' title='bbox 846 1531 1040 1603; x_wconf 78' lang='grc' dir='ltr'>ἐχθροῦ</span> <span class='ocrx_word' id='word_1_106' title='bbox 1067 1547 1079 1560; x_wconf 81' lang='lat'>&#39;</span> <span class='ocrx_word' id='word_1_107' title='bbox 1115 1532 1260 1599; x_wconf 84' lang='grc' dir='ltr'>μέγα</span> <span class='ocrx_word' id='word_1_108' title='bbox 1293 1524 1385 1581; x_wconf 82' lang='grc' dir='ltr'>οὖν</span> <span class='ocrx_word' id='word_1_109' title='bbox 1418 1529 1511 1581; x_wconf 84' lang='grc' dir='ltr'>καὶ</span> <span class='ocrx_word' id='word_1_110' title='bbox 1542 1525 1847 1596; x_wconf 65' lang='grc' dir='ltr'>περιπαθὲς</span> 
     </span>
    </p>
   </div>
   <div class='ocr_carea' id='block_1_17' title="bbox 268 1623 1844 1700">
    <p class='ocr_par' dir='ltr' id='par_1_17' title="bbox 268 1623 1844 1700">
     <span class='ocr_line' id='line_1_17' title="bbox 268 1623 1844 1700; baseline -0.008 -17"><span class='ocrx_word' id='word_1_111' title='bbox 268 1630 573 1694; x_wconf 56' lang='lat' dir='ltr'><strong>«magna</strong></span> <span class='ocrx_word' id='word_1_112' title='bbox 624 1630 719 1682; x_wconf 73' lang='grc' dir='ltr'>καὶ</span> <span class='ocrx_word' id='word_1_113' title='bbox 750 1628 1001 1700; x_wconf 78' lang='grc' dir='ltr'>δακρύων</span> <span class='ocrx_word' id='word_1_114' title='bbox 1033 1627 1158 1688; x_wconf 80' lang='grc' dir='ltr'>τοὺς</span> <span class='ocrx_word' id='word_1_115' title='bbox 1209 1625 1522 1694; x_wconf 71' lang='grc' dir='ltr'>ὀφθαλμοὺς</span> <span class='ocrx_word' id='word_1_116' title='bbox 1572 1623 1844 1691; x_wconf 76' lang='grc' dir='ltr'>πλήσασα,</span> 
     </span>
    </p>
   </div>
   <div class='ocr_carea' id='block_1_18' title="bbox 266 1714 1848 1793">
    <p class='ocr_par' dir='ltr' id='par_1_18' title="bbox 266 1714 1848 1793">
     <span class='ocr_line' id='line_1_18' title="bbox 266 1714 1848 1793; baseline -0.006 -18"><span class='ocrx_word' id='word_1_117' title='bbox 266 1722 443 1793; x_wconf 79' lang='grc' dir='ltr'>Κύριέ</span> <span class='ocrx_word' id='word_1_118' title='bbox 482 1739 605 1789; x_wconf 90' lang='grc' dir='ltr'>μου,</span> <span class='ocrx_word' id='word_1_119' title='bbox 660 1719 831 1789; x_wconf 77' lang='grc' dir='ltr'>λέγει,</span> <span class='ocrx_word' id='word_1_120' title='bbox 868 1719 1066 1790; x_wconf 82' lang='grc' dir='ltr'>ποιητά</span> <span class='ocrx_word' id='word_1_121' title='bbox 1113 1718 1220 1771; x_wconf 83' lang='grc' dir='ltr'>τῶν</span> <span class='ocrx_word' id='word_1_122' title='bbox 1268 1718 1547 1779; x_wconf 83' lang='grc' dir='ltr'>ἁπάντων,</span> <span class='ocrx_word' id='word_1_123' title='bbox 1598 1714 1656 1766; x_wconf 84' lang='grc' dir='ltr'>ὃν</span> <span class='ocrx_word' id='word_1_124' title='bbox 1686 1714 1848 1783; x_wconf 89' lang='grc' dir='ltr'>μόνον</span> 
     </span>
    </p>
   </div>
   <div class='ocr_carea' id='block_1_19' title="bbox 267 1806 1848 1882">
    <p class='ocr_par' dir='ltr' id='par_1_19' title="bbox 267 1806 1848 1882">
     <span class='ocr_line' id='line_1_19' title="bbox 267 1806 1848 1882; baseline -0.004 -17"><span class='ocrx_word' id='word_1_125' title='bbox 267 1814 375 1865; x_wconf 83' lang='grc' dir='ltr'>τῶν</span> <span class='ocrx_word' id='word_1_126' title='bbox 417 1813 515 1880; x_wconf 81' lang='grc' dir='ltr'>μὲν</span> <span class='ocrx_word' id='word_1_127' title='bbox 548 1813 814 1882; x_wconf 74' lang='grc' dir='ltr'>οὐρανίων</span> <span class='ocrx_word' id='word_1_128' title='bbox 838 1814 893 1865; x_wconf 85' lang='grc' dir='ltr'><strong>αί</strong></span> <span class='ocrx_word' id='word_1_129' title='bbox 932 1812 1189 1880; x_wconf 81' lang='grc' dir='ltr'>δυνάμεις</span> <span class='ocrx_word' id='word_1_130' title='bbox 1225 1807 1474 1877; x_wconf 80' lang='grc' dir='ltr'>ὑμνοῦσι,</span> <span class='ocrx_word' id='word_1_131' title='bbox 1517 1807 1624 1859; x_wconf 85' lang='grc' dir='ltr'><strong>τῶν</strong></span> <span class='ocrx_word' id='word_1_132' title='bbox 1648 1806 1848 1874; x_wconf 81' lang='grc' dir='ltr'>ἀερίων</span> 
     </span>
    </p>
   </div>
   <div class='ocr_carea' id='block_1_20' title="bbox 1947 582 3524 654">
    <p class='ocr_par' dir='ltr' id='par_1_20' title="bbox 1947 582 3524 654">
     <span class='ocr_line' id='line_1_20' title="bbox 1947 582 3524 654; baseline -0.015 0"><span class='ocrx_word' id='word_1_133' title='bbox 1947 599 2028 654; x_wconf 88' lang='grc' dir='ltr'><strong>Τιι</strong></span> <span class='ocrx_word' id='word_1_134' title='bbox 2058 611 2239 654; x_wconf 86' lang='lat' dir='ltr'><strong>autem</strong></span> <span class='ocrx_word' id='word_1_135' title='bbox 2273 582 2611 651; x_wconf 79' lang='lat' dir='ltr'><strong>solummodo</strong></span> <span class='ocrx_word' id='word_1_136' title='bbox 2643 607 2768 646; x_wconf 89' lang='lat' dir='ltr'><strong>cum</strong></span> <span class='ocrx_word' id='word_1_137' title='bbox 2799 582 2850 644; x_wconf 83' lang='lat' dir='ltr'><strong>te</strong></span> <span class='ocrx_word' id='word_1_138' title='bbox 2874 588 3163 643; x_wconf 87' lang='lat' dir='ltr'><strong>eduxerint</strong></span> <span class='ocrx_word' id='word_1_139' title='bbox 3196 602 3226 640; x_wconf 90' lang='lat' dir='ltr'><strong>e</strong></span> <span class='ocrx_word' id='word_1_140' title='bbox 3255 585 3524 648; x_wconf 65' lang='lat' dir='ltr'><strong>custodia,</strong></span> 
     </span>
    </p>
   </div>
   <div class='ocr_carea' id='block_1_21' title="bbox 1946 675 3529 750">
    <p class='ocr_par' dir='ltr' id='par_1_21' title="bbox 1946 675 3529 750">
     <span class='ocr_line' id='line_1_21' title="bbox 1946 675 3529 750; baseline -0.013 -3"><span class='ocrx_word' id='word_1_141' title='bbox 1946 705 2177 747; x_wconf 89' lang='lat' dir='ltr'><strong>accurre</strong></span> <span class='ocrx_word' id='word_1_142' title='bbox 2204 698 2259 744; x_wconf 90' lang='lat' dir='ltr'><strong>et</strong></span> <span class='ocrx_word' id='word_1_143' title='bbox 2295 687 2479 741; x_wconf 89' lang='lat' dir='ltr'><strong>statim</strong></span> <span class='ocrx_word' id='word_1_144' title='bbox 2512 683 2787 739; x_wconf 77' lang='lat' dir='ltr'><strong>sacriﬁca.</strong></span> <span class='ocrx_word' id='word_1_145' title='bbox 2821 680 3011 750; x_wconf 81' lang='lat' dir='ltr'><strong>Neque</strong></span> <span class='ocrx_word' id='word_1_146' title='bbox 3033 678 3176 732; x_wconf 89' lang='lat' dir='ltr'><strong>enim</strong></span> <span class='ocrx_word' id='word_1_147' title='bbox 3231 675 3529 731; x_wconf 81' lang='lat' dir='ltr'><strong>sustinebis</strong></span> 
     </span>
    </p>
   </div>
   <div class='ocr_carea' id='block_1_22' title="bbox 1945 764 3529 855">
    <p class='ocr_par' dir='ltr' id='par_1_22' title="bbox 1945 764 3529 855">
     <span class='ocr_line' id='line_1_22' title="bbox 1945 764 3529 855; baseline -0.015 -14"><span class='ocrx_word' id='word_1_148' title='bbox 1945 783 2329 855; x_wconf 86' lang='lat' dir='ltr'><strong>suppliciorum</strong></span> <span class='ocrx_word' id='word_1_149' title='bbox 2386 777 2609 834; x_wconf 78' lang='lat' dir='ltr'><strong>nimiam</strong></span> <span class='ocrx_word' id='word_1_150' title='bbox 2665 776 3043 828; x_wconf 84' lang='lat' dir='ltr'><strong>acerbitatem.</strong></span> <span class='ocrx_word' id='word_1_151' title='bbox 3082 768 3177 822; x_wconf 77' lang='lat' dir='ltr'><strong>Illa</strong></span> <span class='ocrx_word' id='word_1_152' title='bbox 3204 778 3381 820; x_wconf 90' lang='lat' dir='ltr'><strong>autem</strong></span> <span class='ocrx_word' id='word_1_153' title='bbox 3414 784 3427 819; x_wconf 90' lang='lat'>:</span> <span class='ocrx_word' id='word_1_154' title='bbox 3462 764 3529 818; x_wconf 82' lang='lat' dir='ltr'><strong>Et</strong></span> 
     </span>
    </p>
   </div>
   <div class='ocr_carea' id='block_1_23' title="bbox 1946 855 3526 948">
    <p class='ocr_par' dir='ltr' id='par_1_23' title="bbox 1946 855 3526 948">
     <span class='ocr_line' id='line_1_23' title="bbox 1946 855 3526 948; baseline -0.016 -14"><span class='ocrx_word' id='word_1_155' title='bbox 1946 880 2196 948; x_wconf 84' lang='lat' dir='ltr'><strong>quisnam</strong></span> <span class='ocrx_word' id='word_1_156' title='bbox 2225 883 2278 928; x_wconf 92' lang='lat' dir='ltr'><strong>tu</strong></span> <span class='ocrx_word' id='word_1_157' title='bbox 2295 887 2353 929; x_wconf 89' lang='lat' dir='ltr'><strong>es</strong></span> <span class='ocrx_word' id='word_1_158' title='bbox 2372 870 2396 926; x_wconf 71' lang='grc' dir='ltr'><strong>Τ</strong></span> <span class='ocrx_word' id='word_1_159' title='bbox 2418 868 2647 938; x_wconf 75' lang='lat' dir='ltr'><strong>rogavit.</strong></span> <span class='ocrx_word' id='word_1_160' title='bbox 2676 865 2941 932; x_wconf 84' lang='lat' dir='ltr'><strong>Malignus</strong></span> <span class='ocrx_word' id='word_1_161' title='bbox 2962 876 3124 917; x_wconf 86' lang='lat' dir='ltr'><strong>vero:</strong></span> <span class='ocrx_word' id='word_1_162' title='bbox 3148 858 3299 922; x_wconf 88' lang='lat' dir='ltr'><strong>Smn,</strong></span> <span class='ocrx_word' id='word_1_163' title='bbox 3331 855 3526 926; x_wconf 90' lang='lat' dir='ltr'><strong>inquit,</strong></span> 
     </span>
    </p>
   </div>
   <div class='ocr_carea' id='block_1_24' title="bbox 1949 952 3529 1037">
    <p class='ocr_par' dir='ltr' id='par_1_24' title="bbox 1949 952 3529 1037">
     <span class='ocr_line' id='line_1_24' title="bbox 1949 952 3529 1037; baseline -0.016 -12"><span class='ocrx_word' id='word_1_164' title='bbox 1949 970 2041 1024; x_wconf 92' lang='lat' dir='ltr'><strong>Dei</strong></span> <span class='ocrx_word' id='word_1_165' title='bbox 2070 966 2297 1037; x_wconf 87' lang='lat' dir='ltr'><strong>angelus</strong></span> <span class='ocrx_word' id='word_1_166' title='bbox 2328 983 2341 1018; x_wconf 89' lang='lat'><strong>:</strong></span> <span class='ocrx_word' id='word_1_167' title='bbox 2374 974 2428 1018; x_wconf 91' lang='lat' dir='ltr'><strong>et</strong></span> <span class='ocrx_word' id='word_1_168' title='bbox 2476 959 2736 1032; x_wconf 87' lang='lat' dir='ltr'><strong>quoniam</strong></span> <span class='ocrx_word' id='word_1_169' title='bbox 2774 959 2819 1012; x_wconf 88' lang='lat' dir='ltr'><strong>is</strong></span> <span class='ocrx_word' id='word_1_170' title='bbox 2851 970 3101 1024; x_wconf 86' lang='lat' dir='ltr'><strong>magnam</strong></span> <span class='ocrx_word' id='word_1_171' title='bbox 3153 952 3414 1006; x_wconf 69' lang='lat' dir='ltr'><strong>tui&#39;dueit</strong></span> <span class='ocrx_word' id='word_1_172' title='bbox 3442 964 3529 1003; x_wconf 84' lang='lat' dir='ltr'><strong>ra-</strong></span> 
     </span>
    </p>
   </div>
   <div class='ocr_carea' id='block_1_25' title="bbox 1948 1048 3519 1125">
    <p class='ocr_par' dir='ltr' id='par_1_25' title="bbox 1948 1048 3519 1125">
     <span class='ocr_line' id='line_1_25' title="bbox 1948 1048 3519 1125; baseline -0.013 -8"><span class='ocrx_word' id='word_1_173' title='bbox 1948 1064 2171 1125; x_wconf 88' lang='lat' dir='ltr'><strong>tionem,</strong></span> <span class='ocrx_word' id='word_1_174' title='bbox 2205 1060 2372 1113; x_wconf 78' lang='lat' dir='ltr'><strong>mittit</strong></span> <span class='ocrx_word' id='word_1_175' title='bbox 2400 1072 2485 1111; x_wconf 91' lang='lat' dir='ltr'><strong>me</strong></span> <span class='ocrx_word' id='word_1_176' title='bbox 2511 1057 2577 1110; x_wconf 89' lang='lat' dir='ltr'><strong>ad</strong></span> <span class='ocrx_word' id='word_1_177' title='bbox 2615 1066 2688 1119; x_wconf 89' lang='lat' dir='ltr'><strong>te,</strong></span> <span class='ocrx_word' id='word_1_178' title='bbox 2722 1048 3112 1120; x_wconf 77' lang='lat' dir='ltr'><strong>magnifacieus</strong></span> <span class='ocrx_word' id='word_1_179' title='bbox 3128 1056 3187 1099; x_wconf 91' lang='lat' dir='ltr'><strong>ut</strong></span> <span class='ocrx_word' id='word_1_180' title='bbox 3217 1055 3271 1099; x_wconf 92' lang='lat' dir='ltr'><strong>tu</strong></span> <span class='ocrx_word' id='word_1_181' title='bbox 3302 1057 3519 1113; x_wconf 88' lang='lat' dir='ltr'><strong>pareas,</strong></span> 
     </span>
    </p>
   </div>
   <div class='ocr_carea' id='block_1_26' title="bbox 1947 1142 3523 1220">
    <p class='ocr_par' dir='ltr' id='par_1_26' title="bbox 1947 1142 3523 1220">
     <span class='ocr_line' id='line_1_26' title="bbox 1947 1142 3523 1220; baseline -0.013 -8"><span class='ocrx_word' id='word_1_182' title='bbox 1947 1166 1999 1213; x_wconf 91' lang='lat' dir='ltr'><strong>et</strong></span> <span class='ocrx_word' id='word_1_183' title='bbox 2049 1170 2158 1211; x_wconf 90' lang='lat' dir='ltr'><strong>non</strong></span> <span class='ocrx_word' id='word_1_184' title='bbox 2218 1168 2415 1220; x_wconf 92' lang='lat' dir='ltr'><strong>corpus</strong></span> <span class='ocrx_word' id='word_1_185' title='bbox 2467 1160 2614 1204; x_wconf 93' lang='lat' dir='ltr'><strong>tuum</strong></span> <span class='ocrx_word' id='word_1_186' title='bbox 2675 1148 2861 1202; x_wconf 88' lang='lat' dir='ltr'><strong>multis</strong></span> <span class='ocrx_word' id='word_1_187' title='bbox 2928 1142 3213 1200; x_wconf 89' lang='lat' dir='ltr'><strong>tormentis</strong></span> <span class='ocrx_word' id='word_1_188' title='bbox 3276 1142 3523 1195; x_wconf 82' lang='lat' dir='ltr'><strong>intereat.</strong></span> 
     </span>
    </p>
   </div>
   <div class='ocr_carea' id='block_1_27' title="bbox 1947 1233 3527 1319">
    <p class='ocr_par' dir='ltr' id='par_1_27' title="bbox 1947 1233 3527 1319">
     <span class='ocr_line' id='line_1_27' title="bbox 1947 1233 3527 1319; baseline -0.012 -16"><span class='ocrx_word' id='word_1_189' title='bbox 1947 1250 2194 1319; x_wconf 83' lang='lat' dir='ltr'><strong>Ignoscet</strong></span> <span class='ocrx_word' id='word_1_190' title='bbox 2220 1247 2363 1300; x_wconf 83' lang='lat' dir='ltr'><strong>enim</strong></span> <span class='ocrx_word' id='word_1_191' title='bbox 2412 1243 2534 1307; x_wconf 86' lang='lat' dir='ltr'><strong>tibi,</strong></span> <span class='ocrx_word' id='word_1_192' title='bbox 2560 1242 2607 1296; x_wconf 87' lang='lat' dir='ltr'><strong>si</strong></span> <span class='ocrx_word' id='word_1_193' title='bbox 2656 1240 2925 1310; x_wconf 90' lang='lat' dir='ltr'><strong>parueris,</strong></span> <span class='ocrx_word' id='word_1_194' title='bbox 2969 1252 3090 1292; x_wconf 88' lang='lat' dir='ltr'><strong>cum</strong></span> <span class='ocrx_word' id='word_1_195' title='bbox 3127 1235 3199 1290; x_wconf 91' lang='lat' dir='ltr'><strong>sit</strong></span> <span class='ocrx_word' id='word_1_196' title='bbox 3240 1233 3527 1301; x_wconf 84' lang='lat' dir='ltr'><strong>benignus,</strong></span> 
     </span>
    </p>
   </div>
   <div class='ocr_carea' id='block_1_28' title="bbox 1947 1325 3530 1410">
    <p class='ocr_par' dir='ltr' id='par_1_28' title="bbox 1947 1325 3530 1410">
     <span class='ocr_line' id='line_1_28' title="bbox 1947 1325 3530 1410; baseline -0.009 -16"><span class='ocrx_word' id='word_1_197' title='bbox 1947 1349 2171 1410; x_wconf 79' lang='lat' dir='ltr'><strong>propter</strong></span> <span class='ocrx_word' id='word_1_198' title='bbox 2190 1338 2410 1391; x_wconf 88' lang='lat' dir='ltr'><strong>multam</strong></span> <span class='ocrx_word' id='word_1_199' title='bbox 2434 1335 2618 1391; x_wconf 87' lang='lat' dir='ltr'><strong>carnis</strong></span> <span class='ocrx_word' id='word_1_200' title='bbox 2637 1332 3083 1386; x_wconf 80' lang='lat' dir='ltr'><strong>imbecillitatem.</strong></span> <span class='ocrx_word' id='word_1_201' title='bbox 3110 1325 3530 1382; x_wconf 80' lang='lat' dir='ltr'><strong>Perturbatione</strong></span> 
     </span>
    </p>
   </div>
   <div class='ocr_carea' id='block_1_29' title="bbox 1949 1417 3523 1499">
    <p class='ocr_par' dir='ltr' id='par_1_29' title="bbox 1949 1417 3523 1499">
     <span class='ocr_line' id='line_1_29' title="bbox 1949 1417 3523 1499; baseline -0.012 -11"><span class='ocrx_word' id='word_1_202' title='bbox 1949 1444 2004 1488; x_wconf 88' lang='lat' dir='ltr'><strong>et</strong></span> <span class='ocrx_word' id='word_1_203' title='bbox 2029 1444 2232 1487; x_wconf 84' lang='lat' dir='ltr'><strong>terrore</strong></span> <span class='ocrx_word' id='word_1_204' title='bbox 2263 1440 2466 1499; x_wconf 83' lang='lat' dir='ltr'><strong>martyr</strong></span> <span class='ocrx_word' id='word_1_205' title='bbox 2502 1436 2721 1496; x_wconf 85' lang='lat' dir='ltr'><strong>propter</strong></span> <span class='ocrx_word' id='word_1_206' title='bbox 2753 1425 2866 1478; x_wconf 76' lang='lat' dir='ltr'><strong>inec</strong></span> <span class='ocrx_word' id='word_1_207' title='bbox 2894 1422 2993 1477; x_wconf 79' lang='lat' dir='ltr'><strong>fuit</strong></span> <span class='ocrx_word' id='word_1_208' title='bbox 3014 1422 3190 1490; x_wconf 89' lang='lat' dir='ltr'><strong>plena.</strong></span> <span class='ocrx_word' id='word_1_209' title='bbox 3227 1419 3359 1472; x_wconf 83' lang='lat' dir='ltr'><strong>Nam</strong></span> <span class='ocrx_word' id='word_1_210' title='bbox 3380 1417 3523 1487; x_wconf 83' lang='lat' dir='ltr'><strong>ejus,</strong></span> 
     </span>
    </p>
   </div>
   <div class='ocr_carea' id='block_1_30' title="bbox 1949 1507 3529 1596">
    <p class='ocr_par' dir='ltr' id='par_1_30' title="bbox 1949 1507 3529 1596">
     <span class='ocr_line' id='line_1_30' title="bbox 1949 1507 3529 1596; baseline -0.013 -18"><span class='ocrx_word' id='word_1_211' title='bbox 1949 1526 2039 1596; x_wconf 92' lang='lat' dir='ltr'><strong>qui</strong></span> <span class='ocrx_word' id='word_1_212' title='bbox 2092 1521 2411 1591; x_wconf 81' lang='lat' dir='ltr'><strong>apparebat,</strong></span> <span class='ocrx_word' id='word_1_213' title='bbox 2469 1518 2760 1574; x_wconf 81' lang='lat' dir='ltr'><strong>videbatur</strong></span> <span class='ocrx_word' id='word_1_214' title='bbox 2827 1514 3044 1584; x_wconf 82' lang='lat' dir='ltr'><strong>quidem</strong></span> <span class='ocrx_word' id='word_1_215' title='bbox 3110 1512 3280 1565; x_wconf 87' lang='lat' dir='ltr'><strong>lorma</strong></span> <span class='ocrx_word' id='word_1_216' title='bbox 3331 1507 3529 1577; x_wconf 79' lang='lat' dir='ltr'><strong>angeli,</strong></span> 
     </span>
    </p>
   </div>
   <div class='ocr_carea' id='block_1_31' title="bbox 1951 1600 3536 1679">
    <p class='ocr_par' dir='ltr' id='par_1_31' title="bbox 1951 1600 3536 1679">
     <span class='ocr_line' id='line_1_31' title="bbox 1951 1600 3536 1679; baseline -0.012 -8"><span class='ocrx_word' id='word_1_217' title='bbox 1951 1614 2241 1672; x_wconf 87' lang='lat' dir='ltr'><strong>consilium</strong></span> <span class='ocrx_word' id='word_1_218' title='bbox 2291 1622 2470 1666; x_wconf 82' lang='lat' dir='ltr'><strong>autem</strong></span> <span class='ocrx_word' id='word_1_219' title='bbox 2524 1619 2712 1679; x_wconf 87' lang='lat' dir='ltr'><strong>aperte</strong></span> <span class='ocrx_word' id='word_1_220' title='bbox 2760 1606 2991 1661; x_wconf 91' lang='lat' dir='ltr'><strong>inimici.</strong></span> <span class='ocrx_word' id='word_1_221' title='bbox 3053 1603 3188 1659; x_wconf 90' lang='lat' dir='ltr'><strong>Cum</strong></span> <span class='ocrx_word' id='word_1_222' title='bbox 3211 1616 3339 1670; x_wconf 84' lang='lat' dir='ltr'><strong>ergo</strong></span> <span class='ocrx_word' id='word_1_223' title='bbox 3381 1600 3536 1652; x_wconf 83' lang='lat' dir='ltr'><strong>valde</strong></span> 
     </span>
    </p>
   </div>
   <div class='ocr_carea' id='block_1_32' title="bbox 1950 1691 3537 1772">
    <p class='ocr_par' dir='ltr' id='par_1_32' title="bbox 1950 1691 3537 1772">
     <span class='ocr_line' id='line_1_32' title="bbox 1950 1691 3537 1772; baseline -0.013 -8"><span class='ocrx_word' id='word_1_224' title='bbox 1950 1706 2416 1764; x_wconf 87' lang='lat' dir='ltr'><strong>etmiserabiliter</strong></span> <span class='ocrx_word' id='word_1_225' title='bbox 2453 1702 2812 1772; x_wconf 80' lang='lat' dir='ltr'><strong>ingemuisset</strong></span> <span class='ocrx_word' id='word_1_226' title='bbox 2875 1708 2928 1753; x_wconf 91' lang='lat' dir='ltr'><strong>et</strong></span> <span class='ocrx_word' id='word_1_227' title='bbox 2976 1695 3230 1765; x_wconf 85' lang='lat' dir='ltr'><strong>laerymis</strong></span> <span class='ocrx_word' id='word_1_228' title='bbox 3261 1691 3537 1761; x_wconf 78' lang='lat' dir='ltr'><strong>implesset</strong></span> 
     </span>
    </p>
   </div>
   <div class='ocr_carea' id='block_1_33' title="bbox 1951 1786 3533 1858">
    <p class='ocr_par' dir='ltr' id='par_1_33' title="bbox 1951 1786 3533 1858">
     <span class='ocr_line' id='line_1_33' title="bbox 1951 1786 3533 1858; baseline -0.013 -6"><span class='ocrx_word' id='word_1_229' title='bbox 1951 1798 2140 1852; x_wconf 87' lang='lat' dir='ltr'><strong>oculos</strong></span> <span class='ocrx_word' id='word_1_230' title='bbox 2173 1815 2186 1847; x_wconf 90' lang='lat'><strong>:</strong></span> <span class='ocrx_word' id='word_1_231' title='bbox 2219 1794 2443 1847; x_wconf 83' lang='lat' dir='ltr'><strong>Domine</strong></span> <span class='ocrx_word' id='word_1_232' title='bbox 2498 1793 2595 1858; x_wconf 78' lang='lat' dir='ltr'><strong>ini,</strong></span> <span class='ocrx_word' id='word_1_233' title='bbox 2649 1790 2847 1858; x_wconf 87' lang='lat' dir='ltr'><strong>inquit,</strong></span> <span class='ocrx_word' id='word_1_234' title='bbox 2896 1786 3159 1847; x_wconf 90' lang='lat' dir='ltr'><strong>omnium,</strong></span> <span class='ocrx_word' id='word_1_235' title='bbox 3218 1799 3338 1855; x_wconf 71' lang='lat' dir='ltr'><strong>qua:</strong></span> <span class='ocrx_word' id='word_1_236' title='bbox 3387 1788 3533 1843; x_wconf 90' lang='lat' dir='ltr'><strong>sunt,</strong></span> 
     </span>
    </p>
   </div>
   <div class='ocr_carea' id='block_1_34' title="bbox 267 1874 1858 1974">
    <p class='ocr_par' dir='ltr' id='par_1_34' title="bbox 267 1874 1849 1974">
     <span class='ocr_line' id='line_1_34' title="bbox 267 1874 1849 1974; baseline -0.007 -14"><span class='ocrx_word' id='word_1_237' title='bbox 267 1907 324 1960; x_wconf 81' lang='grc' dir='ltr'>δὲ</span> <span class='ocrx_word' id='word_1_238' title='bbox 358 1874 629 1972; x_wconf 58' lang='grc' dir='ltr'>δαιμόνων</span> <span class='ocrx_word' id='word_1_239' title='bbox 683 1906 1000 1974; x_wconf 79' lang='grc' dir='ltr'>φρίττουσιν</span> <span class='ocrx_word' id='word_1_240' title='bbox 1035 1874 1079 1973; x_wconf 32' lang='grc' dir='ltr'><strong>ἡ.</strong></span> <span class='ocrx_word' id='word_1_241' title='bbox 1121 1874 1352 1971; x_wconf 26' lang='grc' dir='ltr'>πληονὺς,</span> <span class='ocrx_word' id='word_1_242' title='bbox 1386 1901 1461 1970; x_wconf 87' lang='grc' dir='ltr'>μή</span> <span class='ocrx_word' id='word_1_243' title='bbox 1499 1916 1566 1969; x_wconf 86' lang='grc' dir='ltr'><strong>με</strong></span> <span class='ocrx_word' id='word_1_244' title='bbox 1614 1897 1849 1968; x_wconf 66' lang='grc' dir='ltr'>παρόψει</span> 
     </span>
    </p>
   </div>
   <div class='ocr_carea' id='block_1_35' title="bbox 1955 1874 3537 1974">
    <p class='ocr_par' dir='ltr' id='par_1_35' title="bbox 1955 1874 3537 1955">
     <span class='ocr_line' id='line_1_35' title="bbox 1955 1874 3537 1955; baseline -0.012 -12"><span class='ocrx_word' id='word_1_245' title='bbox 1955 1886 2223 1943; x_wconf 79' lang='lat' dir='ltr'><strong>eﬂector:</strong></span> <span class='ocrx_word' id='word_1_246' title='bbox 2273 1899 2435 1955; x_wconf 90' lang='lat' dir='ltr'><strong>quem</strong></span> <span class='ocrx_word' id='word_1_247' title='bbox 2493 1882 2668 1937; x_wconf 87' lang='lat' dir='ltr'><strong>solum</strong></span> <span class='ocrx_word' id='word_1_248' title='bbox 2728 1880 2945 1949; x_wconf 85' lang='lat' dir='ltr'><strong>quidem</strong></span> <span class='ocrx_word' id='word_1_249' title='bbox 3019 1877 3240 1930; x_wconf 86' lang='lat' dir='ltr'><strong>laudant</strong></span> <span class='ocrx_word' id='word_1_250' title='bbox 3304 1874 3537 1927; x_wconf 78' lang='lat' dir='ltr'><strong>virtutes</strong></span> 
     </span>
    </p>
   </div>
   <div class='ocr_carea' id='block_1_36' title="bbox 268 1995 1852 2067">
    <p class='ocr_par' dir='ltr' id='par_1_36' title="bbox 268 1995 1852 2067">
     <span class='ocr_line' id='line_1_36' title="bbox 268 1995 1852 2067; baseline -0.005 -17"><span class='ocrx_word' id='word_1_251' title='bbox 268 2001 368 2067; x_wconf 80' lang='grc' dir='ltr'>τὴν</span> <span class='ocrx_word' id='word_1_252' title='bbox 404 1996 726 2050; x_wconf 85' lang='grc' dir='ltr'>πεποιθυῖαν</span> <span class='ocrx_word' id='word_1_253' title='bbox 768 2000 847 2061; x_wconf 89' lang='grc' dir='ltr'><strong>είς</strong></span> <span class='ocrx_word' id='word_1_254' title='bbox 892 1996 970 2056; x_wconf 82' lang='grc' dir='ltr'><strong>σέ,</strong></span> <span class='ocrx_word' id='word_1_255' title='bbox 1012 1996 1135 2064; x_wconf 78' lang='grc' dir='ltr'>μηδ’</span> <span class='ocrx_word' id='word_1_256' title='bbox 1164 1996 1220 2046; x_wconf 82' lang='grc' dir='ltr'><strong>ἐν</strong></span> <span class='ocrx_word' id='word_1_257' title='bbox 1252 1995 1521 2063; x_wconf 81' lang='grc' dir='ltr'>προφάσει</span> <span class='ocrx_word' id='word_1_258' title='bbox 1557 2011 1645 2062; x_wconf 89' lang='grc' dir='ltr'><strong>μοι</strong></span> <span class='ocrx_word' id='word_1_259' title='bbox 1675 2008 1852 2061; x_wconf 84' lang='grc' dir='ltr'>σωτη-</span> 
     </span>
    </p>
   </div>
   <div class='ocr_carea' id='block_1_37' title="bbox 272 2083 1851 2159">
    <p class='ocr_par' dir='ltr' id='par_1_37' title="bbox 272 2083 1851 2159">
     <span class='ocr_line' id='line_1_37' title="bbox 272 2083 1851 2159; baseline -0.003 -20"><span class='ocrx_word' id='word_1_260' title='bbox 272 2090 396 2159; x_wconf 84' lang='grc' dir='ltr'>ρίας</span> <span class='ocrx_word' id='word_1_261' title='bbox 437 2090 464 2139; x_wconf 90' lang='grc' dir='ltr'><strong>ό</strong></span> <span class='ocrx_word' id='word_1_262' title='bbox 518 2088 751 2157; x_wconf 74' lang='grc' dir='ltr'>πονηρὸς</span> <span class='ocrx_word' id='word_1_263' title='bbox 802 2087 998 2156; x_wconf 87' lang='grc' dir='ltr'>πικρόν</span> <span class='ocrx_word' id='word_1_264' title='bbox 1030 2103 1083 2138; x_wconf 89' lang='grc' dir='ltr'><strong>τι</strong></span> <span class='ocrx_word' id='word_1_265' title='bbox 1130 2086 1341 2157; x_wconf 79' lang='grc' dir='ltr'>κεράσῃ</span> <span class='ocrx_word' id='word_1_266' title='bbox 1378 2088 1664 2155; x_wconf 77' lang='grc' dir='ltr'>ποτήριονο</span> <span class='ocrx_word' id='word_1_267' title='bbox 1717 2083 1851 2138; x_wconf 83' lang='grc' dir='ltr'><strong>ἀλλά</strong></span> 
     </span>
    </p>
   </div>
   <div class='ocr_carea' id='block_1_38' title="bbox 269 2176 1851 2249">
    <p class='ocr_par' dir='ltr' id='par_1_38' title="bbox 269 2176 1851 2249">
     <span class='ocr_line' id='line_1_38' title="bbox 269 2176 1851 2249; baseline -0.002 -16"><span class='ocrx_word' id='word_1_268' title='bbox 269 2179 442 2247; x_wconf 79' lang='grc' dir='ltr'>δεῖξόν</span> <span class='ocrx_word' id='word_1_269' title='bbox 484 2199 575 2249; x_wconf 85' lang='grc' dir='ltr'><strong>μοι</strong></span> <span class='ocrx_word' id='word_1_270' title='bbox 601 2180 678 2242; x_wconf 86' lang='grc' dir='ltr'><strong>τίς</strong></span> <span class='ocrx_word' id='word_1_271' title='bbox 712 2181 738 2231; x_wconf 87' lang='grc' dir='ltr'>ὁ</span> <span class='ocrx_word' id='word_1_272' title='bbox 781 2180 951 2232; x_wconf 78' lang='grc' dir='ltr'>ταῦτα</span> <span class='ocrx_word' id='word_1_273' title='bbox 980 2180 1153 2248; x_wconf 84' lang='grc' dir='ltr'>λέγων</span> <span class='ocrx_word' id='word_1_274' title='bbox 1186 2182 1278 2232; x_wconf 76' lang='grc' dir='ltr'>καὶ</span> <span class='ocrx_word' id='word_1_275' title='bbox 1313 2180 1403 2243; x_wconf 80' lang='grc' dir='ltr'><strong>σὸς</strong></span> <span class='ocrx_word' id='word_1_276' title='bbox 1442 2176 1582 2233; x_wconf 78' lang='grc' dir='ltr'>εἶναι</span> <span class='ocrx_word' id='word_1_277' title='bbox 1635 2179 1851 2248; x_wconf 74' lang='grc' dir='ltr'>οἰκέτης</span> 
     </span>
    </p>
   </div>
   <div class='ocr_carea' id='block_1_39' title="bbox 275 2268 1850 2343">
    <p class='ocr_par' dir='ltr' id='par_1_39' title="bbox 275 2268 1850 2343">
     <span class='ocr_line' id='line_1_39' title="bbox 275 2268 1850 2343; baseline -0.002 -19"><span class='ocrx_word' id='word_1_278' title='bbox 275 2268 889 2343; x_wconf 77' lang='grc' dir='ltr'>ύποκρινόμενος.Εἶπε·</span> <span class='ocrx_word' id='word_1_279' title='bbox 912 2272 1009 2325; x_wconf 78' lang='grc' dir='ltr'>καὶ</span> <span class='ocrx_word' id='word_1_280' title='bbox 1034 2274 1069 2343; x_wconf 16' lang='grc' dir='ltr'><strong>ὀί</strong></span> <span class='ocrx_word' id='word_1_281' title='bbox 1086 2272 1417 2341; x_wconf 80' lang='grc' dir='ltr'>καλούμενος</span> <span class='ocrx_word' id='word_1_282' title='bbox 1439 2273 1597 2335; x_wconf 76' lang='grc' dir='ltr'>εὐθὺς</span> <span class='ocrx_word' id='word_1_283' title='bbox 1628 2272 1850 2341; x_wconf 74' lang='grc' dir='ltr'>ἢκουσε,</span> 
     </span>
    </p>
   </div>
   <div class='ocr_carea' id='block_1_40' title="bbox 272 2342 1850 2435">
    <p class='ocr_par' dir='ltr' id='par_1_40' title="bbox 272 2342 1850 2435">
     <span class='ocr_line' id='line_1_40' title="bbox 272 2342 1850 2435; baseline -0.003 -18"><span class='ocrx_word' id='word_1_284' title='bbox 272 2365 368 2417; x_wconf 81' lang='grc' dir='ltr'><strong>καὶ</strong></span> <span class='ocrx_word' id='word_1_285' title='bbox 408 2342 561 2434; x_wconf 74' lang='grc' dir='ltr'>(ρωνὴ</span> <span class='ocrx_word' id='word_1_286' title='bbox 615 2365 943 2434; x_wconf 71' lang='grc' dir='ltr'>οὐρανόθεν·</span> <span class='ocrx_word' id='word_1_287' title='bbox 1000 2342 1227 2435; x_wconf 78' lang='grc' dir='ltr'>Θάρσει,</span> <span class='ocrx_word' id='word_1_288' title='bbox 1280 2366 1486 2431; x_wconf 77' lang='grc' dir='ltr'>ἔλεγεν,</span> <span class='ocrx_word' id='word_1_289' title='bbox 1548 2363 1850 2430; x_wconf 84' lang='grc' dir='ltr'>Ἰουλιανή·</span> 
     </span>
    </p>
   </div>
   <div class='ocr_carea' id='block_1_41' title="bbox 273 2454 1854 2527">
    <p class='ocr_par' dir='ltr' id='par_1_41' title="bbox 273 2454 1854 2527">
     <span class='ocr_line' id='line_1_41' title="bbox 273 2454 1854 2527; baseline -0.003 -18"><span class='ocrx_word' id='word_1_290' title='bbox 273 2457 386 2525; x_wconf 88' lang='grc' dir='ltr'>ἐγὼ</span> <span class='ocrx_word' id='word_1_291' title='bbox 416 2457 527 2527; x_wconf 81' lang='grc' dir='ltr'><strong>γάρ</strong></span> <span class='ocrx_word' id='word_1_292' title='bbox 548 2459 664 2525; x_wconf 86' lang='grc' dir='ltr'>εἰμι</span> <span class='ocrx_word' id='word_1_293' title='bbox 692 2456 831 2525; x_wconf 80' lang='grc' dir='ltr'><strong>μετά</strong></span> <span class='ocrx_word' id='word_1_294' title='bbox 866 2456 986 2522; x_wconf 73' lang='grc' dir='ltr'>σοῦ,</span> <span class='ocrx_word' id='word_1_295' title='bbox 1015 2457 1207 2508; x_wconf 86' lang='grc' dir='ltr'>τούτου</span> <span class='ocrx_word' id='word_1_296' title='bbox 1232 2455 1287 2507; x_wconf 82' lang='grc' dir='ltr'>δὲ</span> <span class='ocrx_word' id='word_1_297' title='bbox 1323 2455 1489 2508; x_wconf 78' lang='grc' dir='ltr'>λαὸοὖ</span> <span class='ocrx_word' id='word_1_298' title='bbox 1508 2454 1718 2526; x_wconf 82' lang='grc' dir='ltr'>(δίδωμι</span> <span class='ocrx_word' id='word_1_299' title='bbox 1746 2454 1854 2525; x_wconf 84' lang='grc' dir='ltr'><strong>γάρ</strong></span> 
     </span>
    </p>
   </div>
   <div class='ocr_carea' id='block_1_42' title="bbox 275 2546 1852 2620">
    <p class='ocr_par' dir='ltr' id='par_1_42' title="bbox 275 2546 1852 2620">
     <span class='ocr_line' id='line_1_42' title="bbox 275 2546 1852 2620; baseline 0 -21"><span class='ocrx_word' id='word_1_300' title='bbox 275 2564 358 2599; x_wconf 88' lang='grc' dir='ltr'><strong>σοι</strong></span> <span class='ocrx_word' id='word_1_301' title='bbox 389 2549 511 2599; x_wconf 86' lang='grc' dir='ltr'>κατ’</span> <span class='ocrx_word' id='word_1_302' title='bbox 534 2547 701 2601; x_wconf 82' lang='grc' dir='ltr'>αὑτοῦ</span> <span class='ocrx_word' id='word_1_303' title='bbox 743 2547 841 2618; x_wconf 75' lang='grc' dir='ltr'>τὴν</span> <span class='ocrx_word' id='word_1_304' title='bbox 874 2546 1073 2619; x_wconf 75' lang='grc' dir='ltr'>ἰσχὺν),</span> <span class='ocrx_word' id='word_1_305' title='bbox 1112 2548 1208 2602; x_wconf 74' lang='grc' dir='ltr'><strong>καὶ</strong></span> <span class='ocrx_word' id='word_1_306' title='bbox 1235 2548 1380 2611; x_wconf 77' lang='grc' dir='ltr'>ὅστις</span> <span class='ocrx_word' id='word_1_307' title='bbox 1407 2548 1494 2618; x_wconf 81' lang='grc' dir='ltr'>εἴη</span> <span class='ocrx_word' id='word_1_308' title='bbox 1526 2547 1656 2620; x_wconf 82' lang='grc' dir='ltr'>παρ’</span> <span class='ocrx_word' id='word_1_309' title='bbox 1687 2548 1852 2600; x_wconf 81' lang='grc' dir='ltr'>αὐτοῦ</span> 
     </span>
    </p>
   </div>
   <div class='ocr_carea' id='block_1_43' title="bbox 278 2636 546 2706">
    <p class='ocr_par' dir='ltr' id='par_1_43' title="bbox 278 2636 546 2706">
     <span class='ocr_line' id='line_1_43' title="bbox 278 2636 546 2706; baseline -0.004 -15"><span class='ocrx_word' id='word_1_310' title='bbox 278 2636 546 2706; x_wconf 75' lang='grc' dir='ltr'>μάνθανε.</span> 
     </span>
    </p>
   </div>
   <div class='ocr_carea' id='block_1_44' title="bbox 346 2902 1855 2977">
    <p class='ocr_par' dir='ltr' id='par_1_44' title="bbox 346 2902 1855 2977">
     <span class='ocr_line' id='line_1_44' title="bbox 346 2902 1855 2977; baseline 0.001 -22"><span class='ocrx_word' id='word_1_311' title='bbox 346 2903 425 2956; x_wconf 82' lang='grc' dir='ltr'><strong>Θ’.</strong></span> <span class='ocrx_word' id='word_1_312' title='bbox 445 2902 601 2955; x_wconf 77' lang='grc' dir='ltr'>Οὕτω</span> <span class='ocrx_word' id='word_1_313' title='bbox 619 2905 685 2974; x_wconf 76' lang='grc' dir='ltr'>τῇ</span> <span class='ocrx_word' id='word_1_314' title='bbox 709 2903 840 2975; x_wconf 62' lang='lat' dir='ltr'><strong>eam</strong></span> <span class='ocrx_word' id='word_1_315' title='bbox 862 2903 960 2973; x_wconf 81' lang='grc' dir='ltr'>μὲν</span> <span class='ocrx_word' id='word_1_316' title='bbox 980 2905 1012 2973; x_wconf 80' lang='grc' dir='ltr'>ἡ</span> <span class='ocrx_word' id='word_1_317' title='bbox 1032 2905 1181 2975; x_wconf 74' lang='grc' dir='ltr'>φωνή</span> <span class='ocrx_word' id='word_1_318' title='bbox 1203 2921 1217 2936; x_wconf 87' lang='grc'><strong>·</strong></span> <span class='ocrx_word' id='word_1_319' title='bbox 1238 2908 1299 2976; x_wconf 72' lang='grc' dir='ltr'>τῇ</span> <span class='ocrx_word' id='word_1_320' title='bbox 1321 2908 1473 2977; x_wconf 75' lang='grc' dir='ltr'>φωνῇ</span> <span class='ocrx_word' id='word_1_321' title='bbox 1488 2906 1543 2959; x_wconf 84' lang='grc' dir='ltr'>δὲ</span> <span class='ocrx_word' id='word_1_322' title='bbox 1570 2905 1855 2976; x_wconf 77' lang='grc' dir='ltr'>ἠκολούθει</span> 
     </span>
    </p>
   </div>
   <div class='ocr_carea' id='block_1_45' title="bbox 275 2995 1855 3069">
    <p class='ocr_par' dir='ltr' id='par_1_45' title="bbox 275 2995 1855 3069">
     <span class='ocr_line' id='line_1_45' title="bbox 275 2995 1855 3069; baseline 0.003 -22"><span class='ocrx_word' id='word_1_323' title='bbox 275 2996 337 3048; x_wconf 76' lang='grc' dir='ltr'>τὸ</span> <span class='ocrx_word' id='word_1_324' title='bbox 377 2995 565 3064; x_wconf 88' lang='grc' dir='ltr'>Θαῦμα</span> <span class='ocrx_word' id='word_1_325' title='bbox 589 3012 600 3024; x_wconf 91' lang='grc'><strong>·</strong></span> <span class='ocrx_word' id='word_1_326' title='bbox 631 2997 831 3049; x_wconf 83' lang='grc' dir='ltr'>αὐτίκα</span> <span class='ocrx_word' id='word_1_327' title='bbox 870 2997 978 3066; x_wconf 87' lang='grc' dir='ltr'>γὰρ</span> <span class='ocrx_word' id='word_1_328' title='bbox 1005 2997 1224 3051; x_wconf 77' lang='grc' dir='ltr'>ἐλύοντο</span> <span class='ocrx_word' id='word_1_329' title='bbox 1260 3001 1357 3068; x_wconf 84' lang='grc' dir='ltr'><strong>μὲν</strong></span> <span class='ocrx_word' id='word_1_330' title='bbox 1396 3001 1464 3051; x_wconf 84' lang='grc' dir='ltr'>τὰ</span> <span class='ocrx_word' id='word_1_331' title='bbox 1509 2999 1705 3069; x_wconf 79' lang='grc' dir='ltr'>δεσμὰ,</span> <span class='ocrx_word' id='word_1_332' title='bbox 1738 2998 1855 3063; x_wconf 80' lang='grc' dir='ltr'><strong>ἐξέ-</strong></span> 
     </span>
    </p>
   </div>
   <div class='ocr_carea' id='block_1_46' title="bbox 278 3087 1893 3160">
    <p class='ocr_par' dir='ltr' id='par_1_46' title="bbox 278 3087 1893 3160">
     <span class='ocr_line' id='line_1_46' title="bbox 278 3087 1893 3160; baseline 0.002 -21"><span class='ocrx_word' id='word_1_333' title='bbox 278 3105 447 3140; x_wconf 88' lang='grc' dir='ltr'>πιπτε</span> <span class='ocrx_word' id='word_1_334' title='bbox 475 3088 532 3139; x_wconf 87' lang='grc' dir='ltr'>δὲ</span> <span class='ocrx_word' id='word_1_335' title='bbox 577 3087 605 3139; x_wconf 88' lang='lat'><strong>6</strong></span> <span class='ocrx_word' id='word_1_336' title='bbox 637 3088 853 3157; x_wconf 86' lang='grc' dir='ltr'>σίδηρος</span> <span class='ocrx_word' id='word_1_337' title='bbox 902 3088 1011 3141; x_wconf 82' lang='grc' dir='ltr'><strong>τῶν</strong></span> <span class='ocrx_word' id='word_1_338' title='bbox 1053 3088 1243 3159; x_wconf 80' lang='grc' dir='ltr'>μηρῶν</span> <span class='ocrx_word' id='word_1_339' title='bbox 1271 3105 1284 3119; x_wconf 88' lang='grc'><strong>·</strong></span> <span class='ocrx_word' id='word_1_340' title='bbox 1317 3091 1349 3160; x_wconf 81' lang='grc' dir='ltr'>ἡ</span> <span class='ocrx_word' id='word_1_341' title='bbox 1376 3089 1432 3142; x_wconf 82' lang='grc' dir='ltr'>δὲ</span> <span class='ocrx_word' id='word_1_342' title='bbox 1484 3089 1580 3142; x_wconf 84' lang='grc' dir='ltr'>τοῦ</span> <span class='ocrx_word' id='word_1_343' title='bbox 1624 3090 1856 3158; x_wconf 63' lang='grc' dir='ltr'>ἐδάφους</span> <span class='ocrx_word' id='word_1_344' title='bbox 1877 3136 1893 3142; x_wconf 90' lang='grc'><strong>-</strong></span> 
     </span>
    </p>
   </div>
   <div class='ocr_carea' id='block_1_47' title="bbox 1954 1964 3537 2042">
    <p class='ocr_par' dir='ltr' id='par_1_47' title="bbox 1954 1964 3537 2042">
     <span class='ocr_line' id='line_1_47' title="bbox 1954 1964 3537 2042; baseline -0.012 -8"><span class='ocrx_word' id='word_1_345' title='bbox 1954 1977 2282 2042; x_wconf 65' lang='lat' dir='ltr'><strong>caelestium,</strong></span> <span class='ocrx_word' id='word_1_346' title='bbox 2337 1977 2526 2029; x_wconf 90' lang='lat' dir='ltr'><strong>horret</strong></span> <span class='ocrx_word' id='word_1_347' title='bbox 2579 1986 2710 2025; x_wconf 88' lang='lat' dir='ltr'><strong>vero</strong></span> <span class='ocrx_word' id='word_1_348' title='bbox 2751 1984 3037 2025; x_wconf 87' lang='lat' dir='ltr'><strong>aereorum</strong></span> <span class='ocrx_word' id='word_1_349' title='bbox 3078 1967 3370 2020; x_wconf 84' lang='lat' dir='ltr'><strong>multitudo</strong></span> <span class='ocrx_word' id='word_1_350' title='bbox 3426 1964 3537 2016; x_wconf 65' lang='lat' dir='ltr'><strong>da:-</strong></span> 
     </span>
    </p>
   </div>
   <div class='ocr_carea' id='block_1_48' title="bbox 1954 2064 3538 2131">
    <p class='ocr_par' dir='ltr' id='par_1_48' title="bbox 1954 2064 3538 2131">
     <span class='ocr_line' id='line_1_48' title="bbox 1954 2064 3538 2131; baseline -0.009 -6"><span class='ocrx_word' id='word_1_351' title='bbox 1954 2086 2173 2126; x_wconf 88' lang='lat' dir='ltr'><strong>monum</strong></span> <span class='ocrx_word' id='word_1_352' title='bbox 2204 2085 2219 2121; x_wconf 90' lang='lat'><strong>:</strong></span> <span class='ocrx_word' id='word_1_353' title='bbox 2254 2082 2319 2122; x_wconf 91' lang='lat' dir='ltr'><strong>ne</strong></span> <span class='ocrx_word' id='word_1_354' title='bbox 2373 2081 2458 2120; x_wconf 89' lang='lat' dir='ltr'><strong>me</strong></span> <span class='ocrx_word' id='word_1_355' title='bbox 2513 2064 2847 2131; x_wconf 82' lang='lat' dir='ltr'><strong>despexeris,</strong></span> <span class='ocrx_word' id='word_1_356' title='bbox 2902 2076 3022 2131; x_wconf 64' lang='lat' dir='ltr'><strong>quae</strong></span> <span class='ocrx_word' id='word_1_357' title='bbox 3070 2070 3292 2128; x_wconf 90' lang='lat' dir='ltr'><strong>propter</strong></span> <span class='ocrx_word' id='word_1_358' title='bbox 3333 2067 3383 2112; x_wconf 88' lang='lat' dir='ltr'><strong>te</strong></span> <span class='ocrx_word' id='word_1_359' title='bbox 3416 2071 3538 2110; x_wconf 87' lang='lat' dir='ltr'><strong>sum</strong></span> 
     </span>
    </p>
   </div>
   <div class='ocr_carea' id='block_1_49' title="bbox 1952 2152 3537 2234">
    <p class='ocr_par' dir='ltr' id='par_1_49' title="bbox 1952 2152 3537 2234">
     <span class='ocr_line' id='line_1_49' title="bbox 1952 2152 3537 2234; baseline -0.01 -17"><span class='ocrx_word' id='word_1_360' title='bbox 1952 2177 2111 2234; x_wconf 88' lang='lat' dir='ltr'><strong>passa</strong></span> <span class='ocrx_word' id='word_1_361' title='bbox 2148 2178 2161 2214; x_wconf 88' lang='lat'><strong>:</strong></span> <span class='ocrx_word' id='word_1_362' title='bbox 2190 2174 2289 2213; x_wconf 91' lang='lat' dir='ltr'><strong>nec</strong></span> <span class='ocrx_word' id='word_1_363' title='bbox 2314 2157 2444 2212; x_wconf 89' lang='lat' dir='ltr'><strong>mihi</strong></span> <span class='ocrx_word' id='word_1_364' title='bbox 2464 2165 2727 2225; x_wconf 66' lang='lat' dir='ltr'><strong>prmtextu</strong></span> <span class='ocrx_word' id='word_1_365' title='bbox 2760 2154 2970 2216; x_wconf 87' lang='lat' dir='ltr'><strong>salutis,</strong></span> <span class='ocrx_word' id='word_1_366' title='bbox 2994 2152 3267 2217; x_wconf 84' lang='lat' dir='ltr'><strong>malignus</strong></span> <span class='ocrx_word' id='word_1_367' title='bbox 3292 2162 3537 2203; x_wconf 82' lang='lat' dir='ltr'><strong>amarunt</strong></span> 
     </span>
    </p>
   </div>
   <div class='ocr_carea' id='block_1_50' title="bbox 1954 2240 3536 2325">
    <p class='ocr_par' dir='ltr' id='par_1_50' title="bbox 1954 2240 3536 2325">
     <span class='ocr_line' id='line_1_50' title="bbox 1954 2240 3536 2325; baseline -0.011 -16"><span class='ocrx_word' id='word_1_368' title='bbox 1954 2254 2173 2325; x_wconf 79' lang='lat' dir='ltr'><strong>aliquod</strong></span> <span class='ocrx_word' id='word_1_369' title='bbox 2264 2260 2528 2320; x_wconf 78' lang='lat' dir='ltr'><strong>temperet</strong></span> <span class='ocrx_word' id='word_1_370' title='bbox 2591 2248 2888 2316; x_wconf 88' lang='lat' dir='ltr'><strong>poculum:</strong></span> <span class='ocrx_word' id='word_1_371' title='bbox 2928 2245 3023 2300; x_wconf 86' lang='lat' dir='ltr'><strong>sed</strong></span> <span class='ocrx_word' id='word_1_372' title='bbox 3090 2243 3315 2299; x_wconf 90' lang='lat' dir='ltr'><strong>ostende</strong></span> <span class='ocrx_word' id='word_1_373' title='bbox 3381 2240 3536 2303; x_wconf 82' lang='lat' dir='ltr'><strong>mihi,</strong></span> 
     </span>
    </p>
   </div>
   <div class='ocr_carea' id='block_1_51' title="bbox 1956 2335 3536 2415">
    <p class='ocr_par' dir='ltr' id='par_1_51' title="bbox 1956 2335 3536 2415">
     <span class='ocr_line' id='line_1_51' title="bbox 1956 2335 3536 2415; baseline -0.008 -16"><span class='ocrx_word' id='word_1_374' title='bbox 1956 2350 2208 2415; x_wconf 89' lang='lat' dir='ltr'><strong>quisnam</strong></span> <span class='ocrx_word' id='word_1_375' title='bbox 2257 2344 2349 2407; x_wconf 86' lang='lat' dir='ltr'><strong>sit,</strong></span> <span class='ocrx_word' id='word_1_376' title='bbox 2381 2341 2473 2410; x_wconf 90' lang='lat' dir='ltr'><strong>qui</strong></span> <span class='ocrx_word' id='word_1_377' title='bbox 2514 2340 2626 2395; x_wconf 71' lang='lat' dir='ltr'><strong>hazc</strong></span> <span class='ocrx_word' id='word_1_378' title='bbox 2660 2339 2811 2403; x_wconf 88' lang='lat' dir='ltr'><strong>dicit,</strong></span> <span class='ocrx_word' id='word_1_379' title='bbox 2844 2337 3024 2406; x_wconf 87' lang='lat' dir='ltr'><strong>etqui</strong></span> <span class='ocrx_word' id='word_1_380' title='bbox 3064 2349 3122 2389; x_wconf 88' lang='lat' dir='ltr'><strong>se</strong></span> <span class='ocrx_word' id='word_1_381' title='bbox 3169 2335 3324 2404; x_wconf 83' lang='lat' dir='ltr'><strong>ﬁngit</strong></span> <span class='ocrx_word' id='word_1_382' title='bbox 3387 2342 3536 2387; x_wconf 84' lang='lat' dir='ltr'><strong>tuum</strong></span> 
     </span>
    </p>
   </div>
   <div class='ocr_carea' id='block_1_52' title="bbox 1956 2425 3539 2495">
    <p class='ocr_par' dir='ltr' id='par_1_52' title="bbox 1956 2425 3539 2495">
     <span class='ocr_line' id='line_1_52' title="bbox 1956 2425 3539 2495; baseline -0.009 -1"><span class='ocrx_word' id='word_1_383' title='bbox 1956 2452 2077 2494; x_wconf 87' lang='lat' dir='ltr'><strong>esse</strong></span> <span class='ocrx_word' id='word_1_384' title='bbox 2104 2435 2390 2489; x_wconf 79' lang='lat' dir='ltr'><strong>famulum.</strong></span> <span class='ocrx_word' id='word_1_385' title='bbox 2431 2432 2600 2493; x_wconf 81' lang='lat' dir='ltr'><strong>Dixit,</strong></span> <span class='ocrx_word' id='word_1_386' title='bbox 2630 2439 2683 2484; x_wconf 91' lang='lat' dir='ltr'><strong>et</strong></span> <span class='ocrx_word' id='word_1_387' title='bbox 2708 2432 2890 2495; x_wconf 84' lang='lat' dir='ltr'><strong>statim</strong></span> <span class='ocrx_word' id='word_1_388' title='bbox 2921 2426 3163 2481; x_wconf 76' lang='lat' dir='ltr'><strong>exaudiit</strong></span> <span class='ocrx_word' id='word_1_389' title='bbox 3197 2427 3241 2482; x_wconf 87' lang='lat' dir='ltr'><strong>is</strong></span> <span class='ocrx_word' id='word_1_390' title='bbox 3268 2425 3360 2494; x_wconf 90' lang='lat' dir='ltr'><strong>qui</strong></span> <span class='ocrx_word' id='word_1_391' title='bbox 3388 2426 3539 2479; x_wconf 85' lang='lat' dir='ltr'><strong>invo-</strong></span> 
     </span>
    </p>
   </div>
   <div class='ocr_carea' id='block_1_53' title="bbox 1956 2506 3539 2592">
    <p class='ocr_par' dir='ltr' id='par_1_53' title="bbox 1956 2506 3539 2592">
     <span class='ocr_line' id='line_1_53' title="bbox 1956 2506 3539 2592; baseline -0.009 -8"><span class='ocrx_word' id='word_1_392' title='bbox 1956 2531 2205 2592; x_wconf 87' lang='lat' dir='ltr'><strong>cabatur,</strong></span> <span class='ocrx_word' id='word_1_393' title='bbox 2236 2538 2291 2581; x_wconf 88' lang='lat' dir='ltr'><strong>et</strong></span> <span class='ocrx_word' id='word_1_394' title='bbox 2327 2541 2429 2579; x_wconf 91' lang='lat' dir='ltr'><strong>vox</strong></span> <span class='ocrx_word' id='word_1_395' title='bbox 2478 2524 2691 2578; x_wconf 77' lang='lat' dir='ltr'><strong>exstitit</strong></span> <span class='ocrx_word' id='word_1_396' title='bbox 2720 2506 2937 2576; x_wconf 65' lang='lat' dir='ltr'><strong>caelitus</strong></span> <span class='ocrx_word' id='word_1_397' title='bbox 2973 2541 2987 2573; x_wconf 86' lang='grc'>;</span> <span class='ocrx_word' id='word_1_398' title='bbox 3016 2520 3261 2585; x_wconf 87' lang='lat' dir='ltr'><strong>Conlide,</strong></span> <span class='ocrx_word' id='word_1_399' title='bbox 3296 2518 3539 2579; x_wconf 85' lang='lat' dir='ltr'><strong>Juliaua.</strong></span> 
     </span>
    </p>
   </div>
   <div class='ocr_carea' id='block_1_54' title="bbox 1956 2612 3542 2695">
    <p class='ocr_par' dir='ltr' id='par_1_54' title="bbox 1956 2612 3542 2695">
     <span class='ocr_line' id='line_1_54' title="bbox 1956 2612 3542 2695; baseline -0.007 -17"><span class='ocrx_word' id='word_1_400' title='bbox 1956 2639 2073 2695; x_wconf 89' lang='lat' dir='ltr'><strong>ego,</strong></span> <span class='ocrx_word' id='word_1_401' title='bbox 2106 2623 2253 2677; x_wconf 89' lang='lat' dir='ltr'><strong>enim</strong></span> <span class='ocrx_word' id='word_1_402' title='bbox 2283 2636 2402 2676; x_wconf 91' lang='lat' dir='ltr'><strong>sum</strong></span> <span class='ocrx_word' id='word_1_403' title='bbox 2434 2630 2632 2674; x_wconf 88' lang='lat' dir='ltr'><strong>tecum.</strong></span> <span class='ocrx_word' id='word_1_404' title='bbox 2668 2616 2803 2669; x_wconf 85' lang='lat' dir='ltr'><strong>Eum</strong></span> <span class='ocrx_word' id='word_1_405' title='bbox 2829 2623 3010 2669; x_wconf 89' lang='lat' dir='ltr'><strong>autem</strong></span> <span class='ocrx_word' id='word_1_406' title='bbox 3049 2613 3397 2685; x_wconf 86' lang='lat' dir='ltr'><strong>apprehende</strong></span> <span class='ocrx_word' id='word_1_407' title='bbox 3448 2612 3542 2682; x_wconf 89' lang='lat' dir='ltr'><strong>(do</strong></span> 
     </span>
    </p>
   </div>
   <div class='ocr_carea' id='block_1_55' title="bbox 1957 2706 3542 2779">
    <p class='ocr_par' dir='ltr' id='par_1_55' title="bbox 1957 2706 3542 2779">
     <span class='ocr_line' id='line_1_55' title="bbox 1957 2706 3542 2779; baseline -0.007 -8"><span class='ocrx_word' id='word_1_408' title='bbox 1957 2718 2102 2771; x_wconf 91' lang='lat' dir='ltr'><strong>enim</strong></span> <span class='ocrx_word' id='word_1_409' title='bbox 2133 2716 2226 2770; x_wconf 88' lang='lat' dir='ltr'><strong>tibi</strong></span> <span class='ocrx_word' id='word_1_410' title='bbox 2260 2716 2521 2769; x_wconf 79' lang='lat' dir='ltr'><strong>adversus</strong></span> <span class='ocrx_word' id='word_1_411' title='bbox 2542 2726 2664 2767; x_wconf 88' lang='lat' dir='ltr'><strong>eum</strong></span> <span class='ocrx_word' id='word_1_412' title='bbox 2696 2707 2890 2779; x_wconf 89' lang='lat' dir='ltr'><strong>vires),</strong></span> <span class='ocrx_word' id='word_1_413' title='bbox 2930 2719 2985 2764; x_wconf 89' lang='lat' dir='ltr'><strong>et</strong></span> <span class='ocrx_word' id='word_1_414' title='bbox 3007 2723 3071 2763; x_wconf 88' lang='lat' dir='ltr'><strong>ex</strong></span> <span class='ocrx_word' id='word_1_415' title='bbox 3098 2722 3164 2762; x_wconf 90' lang='lat' dir='ltr'><strong>eo</strong></span> <span class='ocrx_word' id='word_1_416' title='bbox 3198 2708 3346 2762; x_wconf 88' lang='lat' dir='ltr'><strong>disce</strong></span> <span class='ocrx_word' id='word_1_417' title='bbox 3386 2706 3542 2774; x_wconf 90' lang='lat' dir='ltr'><strong>quis-</strong></span> 
     </span>
    </p>
   </div>
   <div class='ocr_carea' id='block_1_56' title="bbox 1962 2807 2208 2862">
    <p class='ocr_par' dir='ltr' id='par_1_56' title="bbox 1962 2807 2208 2862">
     <span class='ocr_line' id='line_1_56' title="bbox 1962 2807 2208 2862; baseline 0 -1"><span class='ocrx_word' id='word_1_418' title='bbox 1962 2823 2089 2862; x_wconf 89' lang='lat' dir='ltr'><strong>nam</strong></span> <span class='ocrx_word' id='word_1_419' title='bbox 2116 2807 2208 2861; x_wconf 88' lang='lat' dir='ltr'><strong>sit.</strong></span> 
     </span>
    </p>
   </div>
   <div class='ocr_carea' id='block_1_57' title="bbox 2030 2913 3541 2985">
    <p class='ocr_par' dir='ltr' id='par_1_57' title="bbox 2030 2913 3541 2985">
     <span class='ocr_line' id='line_1_57' title="bbox 2030 2913 3541 2985; baseline -0.005 -13"><span class='ocrx_word' id='word_1_420' title='bbox 2030 2918 2125 2973; x_wconf 75' lang='grc' dir='ltr'><strong>ιχ.</strong></span> <span class='ocrx_word' id='word_1_421' title='bbox 2152 2918 2245 2974; x_wconf 81' lang='lat' dir='ltr'><strong>Sic</strong></span> <span class='ocrx_word' id='word_1_422' title='bbox 2273 2932 2466 2985; x_wconf 89' lang='lat' dir='ltr'><strong>preces</strong></span> <span class='ocrx_word' id='word_1_423' title='bbox 2503 2930 2607 2969; x_wconf 89' lang='lat' dir='ltr'><strong>vox</strong></span> <span class='ocrx_word' id='word_1_424' title='bbox 2633 2913 2851 2983; x_wconf 90' lang='lat' dir='ltr'><strong>quidem</strong></span> <span class='ocrx_word' id='word_1_425' title='bbox 2896 2922 2980 2968; x_wconf 92' lang='lat' dir='ltr'><strong>est</strong></span> <span class='ocrx_word' id='word_1_426' title='bbox 3004 2920 3320 2977; x_wconf 87' lang='lat' dir='ltr'><strong>consecuta,</strong></span> <span class='ocrx_word' id='word_1_427' title='bbox 3351 2926 3541 2967; x_wconf 87' lang='lat' dir='ltr'><strong>vocem</strong></span> 
     </span>
    </p>
   </div>
   <div class='ocr_carea' id='block_1_58' title="bbox 1960 3003 3547 3095">
    <p class='ocr_par' dir='ltr' id='par_1_58' title="bbox 1960 3003 3547 3095">
     <span class='ocr_line' id='line_1_58' title="bbox 1960 3003 3547 3095; baseline -0.003 -32"><span class='ocrx_word' id='word_1_428' title='bbox 1960 3026 2091 3066; x_wconf 90' lang='lat' dir='ltr'><strong>vero</strong></span> <span class='ocrx_word' id='word_1_429' title='bbox 2144 3010 2493 3064; x_wconf 86' lang='lat' dir='ltr'><strong>miraculum.</strong></span> <span class='ocrx_word' id='word_1_430' title='bbox 2537 3007 2731 3060; x_wconf 77' lang='lat' dir='ltr'><strong>Statim</strong></span> <span class='ocrx_word' id='word_1_431' title='bbox 2783 3006 2927 3059; x_wconf 90' lang='lat' dir='ltr'><strong>enim</strong></span> <span class='ocrx_word' id='word_1_432' title='bbox 2957 3005 3131 3060; x_wconf 83' lang='lat' dir='ltr'><strong>soluta</strong></span> <span class='ocrx_word' id='word_1_433' title='bbox 3167 3003 3547 3095; x_wconf 14' lang='lat' dir='ltr'><strong>qpi’lemlsuut</strong></span> 
     </span>
    </p>
   </div>
   <div class='ocr_carea' id='block_1_59' title="bbox 1963 3095 3543 3166">
    <p class='ocr_par' dir='ltr' id='par_1_59' title="bbox 1963 3095 3543 3166">
     <span class='ocr_line' id='line_1_59' title="bbox 1963 3095 3543 3166; baseline -0.006 -10"><span class='ocrx_word' id='word_1_434' title='bbox 1963 3101 2196 3166; x_wconf 88' lang='lat' dir='ltr'><strong>vincula,</strong></span> <span class='ocrx_word' id='word_1_435' title='bbox 2218 3100 2412 3155; x_wconf 89' lang='lat' dir='ltr'><strong>cecidit</strong></span> <span class='ocrx_word' id='word_1_436' title='bbox 2441 3110 2626 3152; x_wconf 89' lang='lat' dir='ltr'><strong>autem</strong></span> <span class='ocrx_word' id='word_1_437' title='bbox 2649 3097 2857 3152; x_wconf 80' lang='lat' dir='ltr'><strong>ferrum</strong></span> <span class='ocrx_word' id='word_1_438' title='bbox 2886 3112 2915 3149; x_wconf 89' lang='lat' dir='ltr'><strong>a</strong></span> <span class='ocrx_word' id='word_1_439' title='bbox 2940 3095 3260 3149; x_wconf 70' lang='lat' dir='ltr'><strong>feruoribus.</strong></span> <span class='ocrx_word' id='word_1_440' title='bbox 3291 3095 3381 3148; x_wconf 88' lang='lat' dir='ltr'><strong>Illa</strong></span> <span class='ocrx_word' id='word_1_441' title='bbox 3413 3108 3543 3148; x_wconf 75' lang='lat' dir='ltr'><strong>vero</strong></span> 
     </span>
    </p>
   </div>
   <div class='ocr_carea' id='block_1_60' title="bbox 274 3179 1858 3277">
    <p class='ocr_par' dir='ltr' id='par_1_60' title="bbox 274 3179 1856 3251">
     <span class='ocr_line' id='line_1_60' title="bbox 274 3179 1856 3251; baseline 0 -19"><span class='ocrx_word' id='word_1_442' title='bbox 274 3180 437 3241; x_wconf 70' lang='grc' dir='ltr'>εὐθὺς</span> <span class='ocrx_word' id='word_1_443' title='bbox 470 3179 814 3243; x_wconf 77' lang='grc' dir='ltr'>ἐξανίσταται</span> <span class='ocrx_word' id='word_1_444' title='bbox 846 3182 940 3232; x_wconf 82' lang='grc' dir='ltr'>καὶ</span> <span class='ocrx_word' id='word_1_445' title='bbox 993 3180 1079 3249; x_wconf 81' lang='grc' dir='ltr'><strong>ἐφ’</strong></span> <span class='ocrx_word' id='word_1_446' title='bbox 1109 3182 1311 3251; x_wconf 78' lang='grc' dir='ltr'>ἑαυτῆς</span> <span class='ocrx_word' id='word_1_447' title='bbox 1344 3183 1584 3248; x_wconf 82' lang='grc' dir='ltr'>γίνεται·</span> <span class='ocrx_word' id='word_1_448' title='bbox 1616 3184 1709 3233; x_wconf 75' lang='grc' dir='ltr'><strong>καί</strong></span> <span class='ocrx_word' id='word_1_449' title='bbox 1748 3182 1856 3232; x_wconf 82' lang='grc' dir='ltr'>τῶν</span> 
     </span>
    </p>
   </div>
   <div class='ocr_carea' id='block_1_61' title="bbox 1955 3179 3546 3277">
    <p class='ocr_par' dir='ltr' id='par_1_61' title="bbox 1964 3187 3546 3260">
     <span class='ocr_line' id='line_1_61' title="bbox 1964 3187 3546 3260; baseline -0.006 -11"><span class='ocrx_word' id='word_1_450' title='bbox 1964 3198 2129 3250; x_wconf 90' lang='lat' dir='ltr'><strong>humo</strong></span> <span class='ocrx_word' id='word_1_451' title='bbox 2161 3194 2344 3249; x_wconf 89' lang='lat' dir='ltr'><strong>statim</strong></span> <span class='ocrx_word' id='word_1_452' title='bbox 2397 3191 2665 3260; x_wconf 78' lang='lat' dir='ltr'><strong>exsurgit,</strong></span> <span class='ocrx_word' id='word_1_453' title='bbox 2688 3199 2743 3244; x_wconf 92' lang='lat' dir='ltr'><strong>et</strong></span> <span class='ocrx_word' id='word_1_454' title='bbox 2791 3188 2850 3242; x_wconf 79' lang='lat' dir='ltr'><strong>lit</strong></span> <span class='ocrx_word' id='word_1_455' title='bbox 2899 3189 2980 3243; x_wconf 89' lang='lat' dir='ltr'><strong>sui</strong></span> <span class='ocrx_word' id='word_1_456' title='bbox 3009 3188 3147 3259; x_wconf 87' lang='lat' dir='ltr'><strong>juris</strong></span> <span class='ocrx_word' id='word_1_457' title='bbox 3181 3207 3195 3241; x_wconf 88' lang='lat'><strong>:</strong></span> <span class='ocrx_word' id='word_1_458' title='bbox 3229 3197 3285 3240; x_wconf 89' lang='lat' dir='ltr'><strong>ct</strong></span> <span class='ocrx_word' id='word_1_459' title='bbox 3313 3203 3434 3240; x_wconf 90' lang='lat' dir='ltr'><strong>eum</strong></span> <span class='ocrx_word' id='word_1_460' title='bbox 3463 3187 3546 3241; x_wconf 82' lang='lat' dir='ltr'><strong>sic.</strong></span> 
     </span>
    </p>
   </div>
   <div class='ocr_carea' id='block_1_62' title="bbox 273 3271 1854 3343">
    <p class='ocr_par' dir='ltr' id='par_1_62' title="bbox 273 3271 1854 3343">
     <span class='ocr_line' id='line_1_62' title="bbox 273 3271 1854 3343; baseline 0.001 -20"><span class='ocrx_word' id='word_1_461' title='bbox 273 3271 491 3341; x_wconf 74' lang='grc' dir='ltr'>δεσμῶν</span> <span class='ocrx_word' id='word_1_462' title='bbox 546 3273 765 3341; x_wconf 76' lang='grc' dir='ltr'>ἐκείνης</span> <span class='ocrx_word' id='word_1_463' title='bbox 816 3272 959 3325; x_wconf 72' lang='grc' dir='ltr'>οὕτω</span> <span class='ocrx_word' id='word_1_464' title='bbox 1013 3273 1303 3338; x_wconf 72' lang='grc' dir='ltr'>λυθέντων,</span> <span class='ocrx_word' id='word_1_465' title='bbox 1335 3275 1361 3325; x_wconf 89' lang='grc' dir='ltr'><strong>ὀ</strong></span> <span class='ocrx_word' id='word_1_466' title='bbox 1418 3275 1606 3340; x_wconf 79' lang='grc' dir='ltr'>φανεὶς</span> <span class='ocrx_word' id='word_1_467' title='bbox 1654 3273 1854 3343; x_wconf 83' lang='grc' dir='ltr'>μᾶλλον</span> 
     </span>
    </p>
   </div>
   <div class='ocr_carea' id='block_1_63' title="bbox 274 3367 1855 3439">
    <p class='ocr_par' dir='ltr' id='par_1_63' title="bbox 274 3367 1855 3439">
     <span class='ocr_line' id='line_1_63' title="bbox 274 3367 1855 3439; baseline 0.001 -21"><span class='ocrx_word' id='word_1_468' title='bbox 274 3367 460 3436; x_wconf 78' lang='grc' dir='ltr'>ὠρᾶτο</span> <span class='ocrx_word' id='word_1_469' title='bbox 503 3368 879 3437; x_wconf 77' lang='grc' dir='ltr'>πεπεδημένος</span> <span class='ocrx_word' id='word_1_470' title='bbox 903 3384 917 3399; x_wconf 88' lang='grc'><strong>·</strong></span> <span class='ocrx_word' id='word_1_471' title='bbox 960 3367 1020 3422; x_wconf 88' lang='grc' dir='ltr'>ὃν</span> <span class='ocrx_word' id='word_1_472' title='bbox 1051 3370 1082 3438; x_wconf 78' lang='grc' dir='ltr'>ἡ</span> <span class='ocrx_word' id='word_1_473' title='bbox 1118 3369 1325 3439; x_wconf 84' lang='grc' dir='ltr'>μάρτυς</span> <span class='ocrx_word' id='word_1_474' title='bbox 1357 3369 1704 3439; x_wconf 82' lang='grc' dir='ltr'>κατασχοῦσα</span> <span class='ocrx_word' id='word_1_475' title='bbox 1733 3386 1855 3437; x_wconf 85' lang='grc' dir='ltr'>γεν-</span> 
     </span>
    </p>
   </div>
   <div class='ocr_carea' id='block_1_64' title="bbox 275 3459 1855 3531">
    <p class='ocr_par' dir='ltr' id='par_1_64' title="bbox 275 3459 1855 3531">
     <span class='ocr_line' id='line_1_64' title="bbox 275 3459 1855 3531; baseline 0.002 -20"><span class='ocrx_word' id='word_1_476' title='bbox 275 3460 465 3521; x_wconf 82' lang='grc' dir='ltr'>ναίως,</span> <span class='ocrx_word' id='word_1_477' title='bbox 490 3459 676 3512; x_wconf 83' lang='grc' dir='ltr'>δοῦλον</span> <span class='ocrx_word' id='word_1_478' title='bbox 707 3459 895 3530; x_wconf 82' lang='grc' dir='ltr'>ὥσπερ</span> <span class='ocrx_word' id='word_1_479' title='bbox 917 3460 1065 3513; x_wconf 76' lang='grc' dir='ltr'>δεινὰ</span> <span class='ocrx_word' id='word_1_480' title='bbox 1090 3463 1480 3531; x_wconf 82' lang='grc' dir='ltr'>πεπραγμένον</span> <span class='ocrx_word' id='word_1_481' title='bbox 1506 3461 1641 3530; x_wconf 74' lang='grc' dir='ltr'>πρὸς</span> <span class='ocrx_word' id='word_1_482' title='bbox 1674 3460 1855 3525; x_wconf 77' lang='grc' dir='ltr'>ἐξέτα-</span> 
     </span>
    </p>
   </div>
   <div class='ocr_carea' id='block_1_65' title="bbox 274 3548 1857 3622">
    <p class='ocr_par' dir='ltr' id='par_1_65' title="bbox 274 3548 1857 3622">
     <span class='ocr_line' id='line_1_65' title="bbox 274 3548 1857 3622; baseline 0.002 -20"><span class='ocrx_word' id='word_1_483' title='bbox 274 3568 361 3603; x_wconf 82' lang='grc' dir='ltr'><strong>σιν</strong></span> <span class='ocrx_word' id='word_1_484' title='bbox 396 3549 525 3620; x_wconf 80' lang='grc' dir='ltr'>ἦγε,</span> <span class='ocrx_word' id='word_1_485' title='bbox 577 3552 672 3614; x_wconf 82' lang='grc' dir='ltr'>Τίς</span> <span class='ocrx_word' id='word_1_486' title='bbox 722 3569 782 3603; x_wconf 88' lang='grc' dir='ltr'><strong>τε</strong></span> <span class='ocrx_word' id='word_1_487' title='bbox 828 3548 878 3603; x_wconf 84' lang='grc' dir='ltr'><strong>εῐ</strong></span> <span class='ocrx_word' id='word_1_488' title='bbox 934 3554 1027 3604; x_wconf 82' lang='grc' dir='ltr'>καὶ</span> <span class='ocrx_word' id='word_1_489' title='bbox 1056 3553 1246 3619; x_wconf 72' lang='grc' dir='ltr'>πόθεν,</span> <span class='ocrx_word' id='word_1_490' title='bbox 1296 3553 1551 3619; x_wconf 79' lang='grc' dir='ltr'>λέγουσα,</span> <span class='ocrx_word' id='word_1_491' title='bbox 1579 3553 1674 3605; x_wconf 80' lang='grc' dir='ltr'><strong>καὶ</strong></span> <span class='ocrx_word' id='word_1_492' title='bbox 1706 3553 1857 3622; x_wconf 78' lang='grc' dir='ltr'><strong>παρά</strong></span> 
     </span>
    </p>
   </div>
   <div class='ocr_carea' id='block_1_66' title="bbox 271 3645 1856 3717">
    <p class='ocr_par' dir='ltr' id='par_1_66' title="bbox 271 3645 1856 3717">
     <span class='ocr_line' id='line_1_66' title="bbox 271 3645 1856 3717; baseline 0.001 -21"><span class='ocrx_word' id='word_1_493' title='bbox 271 3646 419 3707; x_wconf 80' lang='grc' dir='ltr'>τίνος</span> <span class='ocrx_word' id='word_1_494' title='bbox 455 3645 562 3714; x_wconf 80' lang='grc' dir='ltr'>ἄρα</span> <span class='ocrx_word' id='word_1_495' title='bbox 601 3645 892 3714; x_wconf 82' lang='grc' dir='ltr'>τυγχάνεις</span> <span class='ocrx_word' id='word_1_496' title='bbox 919 3645 1366 3716; x_wconf 46' lang='grc' dir='ltr'>ἀπεσταλμένος</span> <span class='ocrx_word' id='word_1_497' title='bbox 1407 3647 1500 3699; x_wconf 76' lang='grc' dir='ltr'><strong>τὸν</strong></span> <span class='ocrx_word' id='word_1_498' title='bbox 1541 3647 1598 3698; x_wconf 89' lang='grc' dir='ltr'>δὲ</span> <span class='ocrx_word' id='word_1_499' title='bbox 1629 3648 1856 3717; x_wconf 71' lang='grc' dir='ltr'>(στερρὰ</span> 
     </span>
    </p>
   </div>
   <div class='ocr_carea' id='block_1_67' title="bbox 274 3736 1858 3807">
    <p class='ocr_par' dir='ltr' id='par_1_67' title="bbox 274 3736 1858 3807">
     <span class='ocr_line' id='line_1_67' title="bbox 274 3736 1858 3807; baseline 0.001 -19"><span class='ocrx_word' id='word_1_500' title='bbox 274 3738 385 3805; x_wconf 82' lang='grc' dir='ltr'><strong>γαρ</strong></span> <span class='ocrx_word' id='word_1_501' title='bbox 412 3753 494 3797; x_wconf 85' lang='grc' dir='ltr'><strong>τις</strong></span> <span class='ocrx_word' id='word_1_502' title='bbox 542 3736 637 3788; x_wconf 76' lang='grc' dir='ltr'>καὶ</span> <span class='ocrx_word' id='word_1_503' title='bbox 671 3738 900 3805; x_wconf 79' lang='grc' dir='ltr'>αορατος</span> <span class='ocrx_word' id='word_1_504' title='bbox 936 3738 1133 3806; x_wconf 76' lang='grc' dir='ltr'>ἤπειγε</span> <span class='ocrx_word' id='word_1_505' title='bbox 1167 3738 1387 3806; x_wconf 78' lang='grc' dir='ltr'>μάστιξ)</span> <span class='ocrx_word' id='word_1_506' title='bbox 1413 3737 1667 3807; x_wconf 76' lang='grc' dir='ltr'>ἀληϐύειν</span> <span class='ocrx_word' id='word_1_507' title='bbox 1693 3737 1858 3807; x_wconf 56' lang='lat' dir='ltr'><strong>may-</strong></span> 
     </span>
    </p>
   </div>
   <div class='ocr_carea' id='block_1_68' title="bbox 274 3828 1856 3899">
    <p class='ocr_par' dir='ltr' id='par_1_68' title="bbox 274 3828 1856 3899">
     <span class='ocr_line' id='line_1_68' title="bbox 274 3828 1856 3899; baseline 0.001 -19"><span class='ocrx_word' id='word_1_508' title='bbox 274 3829 443 3890; x_wconf 73' lang='grc' dir='ltr'>καςεν</span> <span class='ocrx_word' id='word_1_509' title='bbox 487 3829 624 3890; x_wconf 86' lang='grc' dir='ltr'>ὅλως</span> <span class='ocrx_word' id='word_1_510' title='bbox 652 3828 782 3881; x_wconf 76' lang='grc' dir='ltr'>ὄντα</span> <span class='ocrx_word' id='word_1_511' title='bbox 813 3830 1114 3899; x_wconf 64' lang='grc' dir='ltr'>φιλοψευδῆ</span> <span class='ocrx_word' id='word_1_512' title='bbox 1137 3869 1151 3895; x_wconf 95' lang='grc'><strong>,</strong></span> <span class='ocrx_word' id='word_1_513' title='bbox 1184 3832 1280 3883; x_wconf 74' lang='grc' dir='ltr'>καὶ</span> <span class='ocrx_word' id='word_1_514' title='bbox 1317 3831 1491 3883; x_wconf 87' lang='grc' dir='ltr'>πάντα</span> <span class='ocrx_word' id='word_1_515' title='bbox 1518 3831 1653 3899; x_wconf 75' lang='grc' dir='ltr'>ὁμοῦ</span> <span class='ocrx_word' id='word_1_516' title='bbox 1686 3845 1856 3882; x_wconf 86' lang='grc' dir='ltr'>κατα-</span> 
     </span>
    </p>
   </div>
   <div class='ocr_carea' id='block_1_69' title="bbox 276 3920 1859 3990">
    <p class='ocr_par' dir='ltr' id='par_1_69' title="bbox 276 3920 1859 3990">
     <span class='ocr_line' id='line_1_69' title="bbox 276 3920 1859 3990; baseline 0.001 -20"><span class='ocrx_word' id='word_1_517' title='bbox 276 3922 448 3985; x_wconf 81' lang='grc' dir='ltr'>λέγει,</span> <span class='ocrx_word' id='word_1_518' title='bbox 502 3920 593 3971; x_wconf 81' lang='grc' dir='ltr'>τὸν</span> <span class='ocrx_word' id='word_1_519' title='bbox 648 3922 1051 3984; x_wconf 78' lang='grc' dir='ltr'>ἀπεσταλκότα,</span> <span class='ocrx_word' id='word_1_520' title='bbox 1100 3923 1182 3974; x_wconf 85' lang='grc' dir='ltr'>ὅτι</span> <span class='ocrx_word' id='word_1_521' title='bbox 1237 3922 1322 3990; x_wconf 79' lang='grc' dir='ltr'>εἴη</span> <span class='ocrx_word' id='word_1_522' title='bbox 1375 3924 1404 3973; x_wconf 89' lang='grc' dir='ltr'><strong>ό</strong></span> <span class='ocrx_word' id='word_1_523' title='bbox 1451 3922 1714 3989; x_wconf 77' lang='grc' dir='ltr'>Σατανᾶς,</span> <span class='ocrx_word' id='word_1_524' title='bbox 1768 3924 1859 3976; x_wconf 70' lang='grc' dir='ltr'><strong>τὸν</strong></span> 
     </span>
    </p>
   </div>
   <div class='ocr_carea' id='block_1_70' title="bbox 276 4013 1859 4085">
    <p class='ocr_par' dir='ltr' id='par_1_70' title="bbox 276 4013 1859 4085">
     <span class='ocr_line' id='line_1_70' title="bbox 276 4013 1859 4085; baseline 0.001 -19"><span class='ocrx_word' id='word_1_525' title='bbox 276 4013 695 4080; x_wconf 76' lang='grc' dir='ltr'>ἀπεσταλμένον</span> <span class='ocrx_word' id='word_1_526' title='bbox 747 4014 932 4078; x_wconf 71' lang='grc' dir='ltr'>αὑτὸν,</span> <span class='ocrx_word' id='word_1_527' title='bbox 966 4016 1048 4067; x_wconf 79' lang='grc' dir='ltr'><strong>ὅτι</strong></span> <span class='ocrx_word' id='word_1_528' title='bbox 1080 4015 1293 4067; x_wconf 83' lang='grc' dir='ltr'>ἐκείνου</span> <span class='ocrx_word' id='word_1_529' title='bbox 1334 4016 1604 4083; x_wconf 76' lang='grc' dir='ltr'>δαιμόνων</span> <span class='ocrx_word' id='word_1_530' title='bbox 1644 4017 1672 4066; x_wconf 88' lang='grc' dir='ltr'><strong>ό</strong></span> <span class='ocrx_word' id='word_1_531' title='bbox 1706 4016 1859 4085; x_wconf 85' lang='grc' dir='ltr'>πρῶ·</span> 
     </span>
    </p>
   </div>
   <div class='ocr_carea' id='block_1_71' title="bbox 274 4104 1863 4175">
    <p class='ocr_par' dir='ltr' id='par_1_71' title="bbox 274 4104 1863 4175">
     <span class='ocr_line' id='line_1_71' title="bbox 274 4104 1863 4175; baseline -0.005 -23"><span class='ocrx_word' id='word_1_532' title='bbox 274 4117 401 4162; x_wconf 77' lang='grc' dir='ltr'>τος·</span> <span class='ocrx_word' id='word_1_533' title='bbox 434 4104 532 4171; x_wconf 76' lang='grc' dir='ltr'>τὴν</span> <span class='ocrx_word' id='word_1_534' title='bbox 564 4104 763 4165; x_wconf 75' lang='grc' dir='ltr'>αἰτίαν,</span> <span class='ocrx_word' id='word_1_535' title='bbox 791 4104 871 4155; x_wconf 78' lang='grc' dir='ltr'><strong>ὅτι</strong></span> <span class='ocrx_word' id='word_1_536' title='bbox 908 4105 1119 4171; x_wconf 77' lang='grc' dir='ltr'>μεγάλα</span> <span class='ocrx_word' id='word_1_537' title='bbox 1148 4105 1211 4155; x_wconf 84' lang='grc' dir='ltr'>δι’</span> <span class='ocrx_word' id='word_1_538' title='bbox 1243 4104 1413 4172; x_wconf 79' lang='grc' dir='ltr'>αὐτῆς</span> <span class='ocrx_word' id='word_1_539' title='bbox 1445 4107 1472 4156; x_wconf 93' lang='grc' dir='ltr'><strong>ό</strong></span> <span class='ocrx_word' id='word_1_540' title='bbox 1505 4106 1739 4175; x_wconf 78' lang='grc' dir='ltr'>πονηρὸς</span> <span class='ocrx_word' id='word_1_541' title='bbox 1767 4108 1863 4157; x_wconf 75' lang='grc' dir='ltr'><strong>πέ-</strong></span> 
     </span>
    </p>
   </div>
   <div class='ocr_carea' id='block_1_72' title="bbox 278 4194 1860 4269">
    <p class='ocr_par' dir='ltr' id='par_1_72' title="bbox 278 4194 1860 4269">
     <span class='ocr_line' id='line_1_72' title="bbox 278 4194 1860 4269; baseline 0.003 -24"><span class='ocrx_word' id='word_1_542' title='bbox 278 4194 523 4262; x_wconf 80' lang='grc' dir='ltr'>πληκτο·</span> <span class='ocrx_word' id='word_1_543' title='bbox 566 4196 701 4263; x_wconf 82' lang='grc' dir='ltr'>πρὸς</span> <span class='ocrx_word' id='word_1_544' title='bbox 751 4194 984 4259; x_wconf 77' lang='grc' dir='ltr'>τούτοις,</span> <span class='ocrx_word' id='word_1_545' title='bbox 1021 4197 1103 4247; x_wconf 84' lang='grc' dir='ltr'>ὅτι</span> <span class='ocrx_word' id='word_1_546' title='bbox 1159 4197 1320 4257; x_wconf 73' lang='grc' dir='ltr'>αὐτὸς</span> <span class='ocrx_word' id='word_1_547' title='bbox 1360 4198 1565 4260; x_wconf 89' lang='grc' dir='ltr'>ἐκεῖνος</span> <span class='ocrx_word' id='word_1_548' title='bbox 1610 4199 1638 4249; x_wconf 92' lang='grc' dir='ltr'><strong>ό</strong></span> <span class='ocrx_word' id='word_1_549' title='bbox 1677 4197 1768 4249; x_wconf 77' lang='grc' dir='ltr'>καὶ</span> <span class='ocrx_word' id='word_1_550' title='bbox 1796 4202 1860 4269; x_wconf 76' lang='grc' dir='ltr'>τῇ</span> 
     </span>
    </p>
   </div>
   <div class='ocr_carea' id='block_1_73' title="bbox 279 4286 1862 4359">
    <p class='ocr_par' dir='ltr' id='par_1_73' title="bbox 279 4286 1862 4359">
     <span class='ocr_line' id='line_1_73' title="bbox 279 4286 1862 4359; baseline 0.001 -20"><span class='ocrx_word' id='word_1_551' title='bbox 279 4286 399 4356; x_wconf 64' lang='grc' dir='ltr'>Εὕα</span> <span class='ocrx_word' id='word_1_552' title='bbox 432 4286 596 4338; x_wconf 84' lang='grc' dir='ltr'>πάλαι</span> <span class='ocrx_word' id='word_1_553' title='bbox 626 4286 723 4356; x_wconf 78' lang='grc' dir='ltr'>τὴν</span> <span class='ocrx_word' id='word_1_554' title='bbox 758 4286 1006 4355; x_wconf 77' lang='grc' dir='ltr'>ὀλεθρίαν</span> <span class='ocrx_word' id='word_1_555' title='bbox 1033 4287 1402 4357; x_wconf 83' lang='grc' dir='ltr'>προσαγαγὼν</span> <span class='ocrx_word' id='word_1_556' title='bbox 1436 4289 1743 4359; x_wconf 77' lang='grc' dir='ltr'>συμϐουλὴν</span> <span class='ocrx_word' id='word_1_557' title='bbox 1768 4294 1862 4341; x_wconf 79' lang='grc' dir='ltr'>καὶ</span> 
     </span>
    </p>
   </div>
   <div class='ocr_carea' id='block_1_74' title="bbox 281 4372 1861 4448">
    <p class='ocr_par' dir='ltr' id='par_1_74' title="bbox 281 4372 1861 4448">
     <span class='ocr_line' id='line_1_74' title="bbox 281 4372 1861 4448; baseline 0.001 -17"><span class='ocrx_word' id='word_1_558' title='bbox 281 4380 425 4431; x_wconf 74' lang='grc' dir='ltr'><strong>Κάῖν</strong></span> <span class='ocrx_word' id='word_1_559' title='bbox 453 4379 531 4440; x_wconf 86' lang='grc' dir='ltr'><strong>είς</strong></span> <span class='ocrx_word' id='word_1_560' title='bbox 561 4372 983 4445; x_wconf 71' lang='grc' dir='ltr'>ἀδελφοκτονίαν</span> <span class='ocrx_word' id='word_1_561' title='bbox 1011 4381 1221 4447; x_wconf 69' lang='grc' dir='ltr'>ἐπάρλς</span> <span class='ocrx_word' id='word_1_562' title='bbox 1255 4381 1349 4431; x_wconf 84' lang='grc' dir='ltr'><strong>καί</strong></span> <span class='ocrx_word' id='word_1_563' title='bbox 1375 4380 1433 4432; x_wconf 87' lang='grc' dir='ltr'><strong>τὸ</strong></span> <span class='ocrx_word' id='word_1_564' title='bbox 1465 4379 1711 4448; x_wconf 77' lang='grc' dir='ltr'>φονεύειν</span> <span class='ocrx_word' id='word_1_565' title='bbox 1747 4383 1861 4433; x_wconf 82' lang='grc' dir='ltr'>εἰσ·</span> 
     </span>
    </p>
   </div>
   <div class='ocr_carea' id='block_1_75' title="bbox 277 4470 1861 4541">
    <p class='ocr_par' dir='ltr' id='par_1_75' title="bbox 277 4470 1861 4541">
     <span class='ocr_line' id='line_1_75' title="bbox 277 4470 1861 4541; baseline 0.004 -20"><span class='ocrx_word' id='word_1_566' title='bbox 277 4471 654 4541; x_wconf 82' lang='grc' dir='ltr'>ηγησάμενος,</span> <span class='ocrx_word' id='word_1_567' title='bbox 693 4470 1165 4539; x_wconf 67' lang='grc' dir='ltr'>Ναϐουχοδονόσορ</span> <span class='ocrx_word' id='word_1_568' title='bbox 1207 4471 1306 4539; x_wconf 76' lang='grc' dir='ltr'>τὴν</span> <span class='ocrx_word' id='word_1_569' title='bbox 1349 4474 1449 4540; x_wconf 82' lang='grc' dir='ltr'>τῆς</span> <span class='ocrx_word' id='word_1_570' title='bbox 1492 4471 1701 4537; x_wconf 75' lang='grc' dir='ltr'>εἰκόνος</span> <span class='ocrx_word' id='word_1_571' title='bbox 1735 4473 1861 4527; x_wconf 81' lang='grc' dir='ltr'>ἀνά-</span> 
     </span>
    </p>
   </div>
   <div class='ocr_carea' id='block_1_76' title="bbox 1961 3279 3542 3346">
    <p class='ocr_par' dir='ltr' id='par_1_76' title="bbox 1961 3279 3542 3346">
     <span class='ocr_line' id='line_1_76' title="bbox 1961 3279 3542 3346; baseline -0.006 -6"><span class='ocrx_word' id='word_1_572' title='bbox 1961 3286 2139 3341; x_wconf 85' lang='lat' dir='ltr'><strong>soluta</strong></span> <span class='ocrx_word' id='word_1_573' title='bbox 2165 3292 2349 3339; x_wconf 89' lang='lat' dir='ltr'><strong>essent</strong></span> <span class='ocrx_word' id='word_1_574' title='bbox 2375 3283 2521 3337; x_wconf 89' lang='lat' dir='ltr'><strong>illius</strong></span> <span class='ocrx_word' id='word_1_575' title='bbox 2552 3282 2787 3343; x_wconf 86' lang='lat' dir='ltr'><strong>vincula,</strong></span> <span class='ocrx_word' id='word_1_576' title='bbox 2827 3281 3043 3333; x_wconf 88' lang='lat' dir='ltr'><strong>vinctus</strong></span> <span class='ocrx_word' id='word_1_577' title='bbox 3072 3279 3361 3331; x_wconf 80' lang='lat' dir='ltr'><strong>videbatur</strong></span> <span class='ocrx_word' id='word_1_578' title='bbox 3385 3279 3432 3332; x_wconf 91' lang='lat' dir='ltr'><strong>is</strong></span> <span class='ocrx_word' id='word_1_579' title='bbox 3451 3279 3542 3346; x_wconf 89' lang='lat' dir='ltr'><strong>qui</strong></span> 
     </span>
    </p>
   </div>
   <div class='ocr_carea' id='block_1_77' title="bbox 1959 3375 3541 3447">
    <p class='ocr_par' dir='ltr' id='par_1_77' title="bbox 1959 3375 3541 3447">
     <span class='ocr_line' id='line_1_77' title="bbox 1959 3375 3541 3447; baseline -0.006 -16"><span class='ocrx_word' id='word_1_580' title='bbox 1959 3386 2303 3447; x_wconf 88' lang='lat' dir='ltr'><strong>apparuerat.</strong></span> <span class='ocrx_word' id='word_1_581' title='bbox 2367 3375 2537 3441; x_wconf 84' lang='lat' dir='ltr'><strong>Quem</strong></span> <span class='ocrx_word' id='word_1_582' title='bbox 2597 3389 2719 3427; x_wconf 92' lang='lat' dir='ltr'><strong>cum</strong></span> <span class='ocrx_word' id='word_1_583' title='bbox 2774 3384 2978 3441; x_wconf 87' lang='lat' dir='ltr'><strong>martyr</strong></span> <span class='ocrx_word' id='word_1_584' title='bbox 3030 3382 3253 3424; x_wconf 84' lang='lat' dir='ltr'><strong>strenue</strong></span> <span class='ocrx_word' id='word_1_585' title='bbox 3284 3382 3541 3438; x_wconf 87' lang='lat' dir='ltr'><strong>tanquam</strong></span> 
     </span>
    </p>
   </div>
   <div class='ocr_carea' id='block_1_78' title="bbox 1959 3462 3540 3535">
    <p class='ocr_par' dir='ltr' id='par_1_78' title="bbox 1959 3462 3540 3535">
     <span class='ocr_line' id='line_1_78' title="bbox 1959 3462 3540 3535; baseline -0.004 -14"><span class='ocrx_word' id='word_1_586' title='bbox 1959 3482 2177 3521; x_wconf 88' lang='lat' dir='ltr'><strong>servum</strong></span> <span class='ocrx_word' id='word_1_587' title='bbox 2211 3465 2735 3535; x_wconf 87' lang='lat' dir='ltr'><strong>comprehendisset,</strong></span> <span class='ocrx_word' id='word_1_588' title='bbox 2760 3463 2849 3532; x_wconf 89' lang='lat' dir='ltr'><strong>qui</strong></span> <span class='ocrx_word' id='word_1_589' title='bbox 2882 3462 3067 3532; x_wconf 79' lang='lat' dir='ltr'><strong>gravia</strong></span> <span class='ocrx_word' id='word_1_590' title='bbox 3109 3472 3540 3530; x_wconf 84' lang='lat' dir='ltr'><strong>perpetraverat,</strong></span> 
     </span>
    </p>
   </div>
   <div class='ocr_carea' id='block_1_79' title="bbox 1960 3552 3542 3619">
    <p class='ocr_par' dir='ltr' id='par_1_79' title="bbox 1960 3552 3542 3619">
     <span class='ocr_line' id='line_1_79' title="bbox 1960 3552 3542 3619; baseline -0.004 -7"><span class='ocrx_word' id='word_1_591' title='bbox 1960 3558 2117 3613; x_wconf 85' lang='lat' dir='ltr'><strong>duxit</strong></span> <span class='ocrx_word' id='word_1_592' title='bbox 2154 3557 2221 3611; x_wconf 90' lang='lat' dir='ltr'><strong>ad</strong></span> <span class='ocrx_word' id='word_1_593' title='bbox 2257 3555 2742 3619; x_wconf 81' lang='lat' dir='ltr'><strong>exatninationem,</strong></span> <span class='ocrx_word' id='word_1_594' title='bbox 2796 3554 2984 3609; x_wconf 88' lang='lat' dir='ltr'><strong>dicens</strong></span> <span class='ocrx_word' id='word_1_595' title='bbox 3019 3571 3032 3607; x_wconf 90' lang='lat'><strong>:</strong></span> <span class='ocrx_word' id='word_1_596' title='bbox 3070 3552 3329 3618; x_wconf 83' lang='lat' dir='ltr'><strong>Quisnam</strong></span> <span class='ocrx_word' id='word_1_597' title='bbox 3361 3568 3443 3616; x_wconf 90' lang='lat' dir='ltr'><strong>es,</strong></span> <span class='ocrx_word' id='word_1_598' title='bbox 3488 3562 3542 3607; x_wconf 89' lang='lat' dir='ltr'><strong>et</strong></span> 
     </span>
    </p>
   </div>
   <div class='ocr_carea' id='block_1_80' title="bbox 1962 3646 3542 3718">
    <p class='ocr_par' dir='ltr' id='par_1_80' title="bbox 1962 3646 3542 3718">
     <span class='ocr_line' id='line_1_80' title="bbox 1962 3646 3542 3718; baseline -0.003 -15"><span class='ocrx_word' id='word_1_599' title='bbox 1962 3653 2130 3715; x_wconf 88' lang='lat' dir='ltr'><strong>unde,</strong></span> <span class='ocrx_word' id='word_1_600' title='bbox 2157 3658 2212 3704; x_wconf 90' lang='lat' dir='ltr'><strong>et</strong></span> <span class='ocrx_word' id='word_1_601' title='bbox 2242 3664 2270 3703; x_wconf 88' lang='lat' dir='ltr'><strong>a</strong></span> <span class='ocrx_word' id='word_1_602' title='bbox 2296 3663 2402 3718; x_wconf 91' lang='lat' dir='ltr'><strong>quo</strong></span> <span class='ocrx_word' id='word_1_603' title='bbox 2434 3648 2675 3702; x_wconf 88' lang='lat' dir='ltr'><strong>missus?</strong></span> <span class='ocrx_word' id='word_1_604' title='bbox 2708 3646 2860 3701; x_wconf 86' lang='lat' dir='ltr'><strong>Illum</strong></span> <span class='ocrx_word' id='word_1_605' title='bbox 2886 3657 3067 3700; x_wconf 87' lang='lat' dir='ltr'><strong>autem</strong></span> <span class='ocrx_word' id='word_1_606' title='bbox 3090 3646 3346 3715; x_wconf 89' lang='lat' dir='ltr'><strong>(validum</strong></span> <span class='ocrx_word' id='word_1_607' title='bbox 3376 3647 3542 3709; x_wconf 89' lang='lat' dir='ltr'><strong>enim,</strong></span> 
     </span>
    </p>
   </div>
   <div class='ocr_carea' id='block_1_81' title="bbox 1962 3737 3544 3811">
    <p class='ocr_par' dir='ltr' id='par_1_81' title="bbox 1962 3737 3544 3811">
     <span class='ocr_line' id='line_1_81' title="bbox 1962 3737 3544 3811; baseline -0.004 -16"><span class='ocrx_word' id='word_1_608' title='bbox 1962 3744 2103 3811; x_wconf 88' lang='lat' dir='ltr'><strong>quod</strong></span> <span class='ocrx_word' id='word_1_609' title='bbox 2140 3742 2241 3797; x_wconf 90' lang='lat' dir='ltr'><strong>sub</strong></span> <span class='ocrx_word' id='word_1_610' title='bbox 2268 3749 2549 3810; x_wconf 87' lang='lat' dir='ltr'><strong>aspectum</strong></span> <span class='ocrx_word' id='word_1_611' title='bbox 2585 3754 2689 3794; x_wconf 91' lang='lat' dir='ltr'><strong>non</strong></span> <span class='ocrx_word' id='word_1_612' title='bbox 2710 3738 2964 3802; x_wconf 80' lang='lat' dir='ltr'><strong>cadebat,</strong></span> <span class='ocrx_word' id='word_1_613' title='bbox 3003 3742 3229 3807; x_wconf 82' lang='lat' dir='ltr'><strong>urgebat</strong></span> <span class='ocrx_word' id='word_1_614' title='bbox 3254 3737 3544 3809; x_wconf 85' lang='lat' dir='ltr'><strong>ﬂagellum)</strong></span> 
     </span>
    </p>
   </div>
   <div class='ocr_carea' id='block_1_82' title="bbox 1963 3829 3546 3901">
    <p class='ocr_par' dir='ltr' id='par_1_82' title="bbox 1963 3829 3546 3901">
     <span class='ocr_line' id='line_1_82' title="bbox 1963 3829 3546 3901; baseline -0.003 -14"><span class='ocrx_word' id='word_1_615' title='bbox 1963 3835 2141 3901; x_wconf 82' lang='lat' dir='ltr'><strong>coegit</strong></span> <span class='ocrx_word' id='word_1_616' title='bbox 2199 3845 2383 3885; x_wconf 79' lang='lat' dir='ltr'><strong>verum</strong></span> <span class='ocrx_word' id='word_1_617' title='bbox 2456 3831 2660 3895; x_wconf 89' lang='lat' dir='ltr'><strong>dicere,</strong></span> <span class='ocrx_word' id='word_1_618' title='bbox 2711 3844 2835 3883; x_wconf 90' lang='lat' dir='ltr'><strong>cum</strong></span> <span class='ocrx_word' id='word_1_619' title='bbox 2888 3836 3031 3883; x_wconf 87' lang='lat' dir='ltr'><strong>esset</strong></span> <span class='ocrx_word' id='word_1_620' title='bbox 3060 3829 3282 3882; x_wconf 89' lang='lat' dir='ltr'><strong>omnino</strong></span> <span class='ocrx_word' id='word_1_621' title='bbox 3338 3830 3546 3883; x_wconf 86' lang='lat' dir='ltr'><strong>amicus</strong></span> 
     </span>
    </p>
   </div>
   <div class='ocr_carea' id='block_1_83' title="bbox 1964 3921 3542 3989">
    <p class='ocr_par' dir='ltr' id='par_1_83' title="bbox 1964 3921 3542 3989">
     <span class='ocr_line' id='line_1_83' title="bbox 1964 3921 3542 3989; baseline -0.003 -11"><span class='ocrx_word' id='word_1_622' title='bbox 1964 3923 2229 3978; x_wconf 85' lang='lat' dir='ltr'><strong>mendacii</strong></span> <span class='ocrx_word' id='word_1_623' title='bbox 2265 3940 2278 3975; x_wconf 90' lang='lat'><strong>:</strong></span> <span class='ocrx_word' id='word_1_624' title='bbox 2318 3931 2371 3976; x_wconf 89' lang='lat' dir='ltr'><strong>et</strong></span> <span class='ocrx_word' id='word_1_625' title='bbox 2403 3923 2585 3975; x_wconf 90' lang='lat' dir='ltr'><strong>omnia</strong></span> <span class='ocrx_word' id='word_1_626' title='bbox 2617 3921 2779 3975; x_wconf 85' lang='lat' dir='ltr'><strong>simul</strong></span> <span class='ocrx_word' id='word_1_627' title='bbox 2826 3929 3094 3983; x_wconf 86' lang='lat' dir='ltr'><strong>recenset,</strong></span> <span class='ocrx_word' id='word_1_628' title='bbox 3128 3934 3273 3985; x_wconf 86' lang='lat' dir='ltr'><strong>cum,</strong></span> <span class='ocrx_word' id='word_1_629' title='bbox 3311 3922 3404 3989; x_wconf 91' lang='lat' dir='ltr'><strong>qui</strong></span> <span class='ocrx_word' id='word_1_630' title='bbox 3439 3921 3542 3974; x_wconf 81' lang='lat' dir='ltr'><strong>nti-</strong></span> 
     </span>
    </p>
   </div>
   <div class='ocr_carea' id='block_1_84' title="bbox 1964 4015 3544 4085">
    <p class='ocr_par' dir='ltr' id='par_1_84' title="bbox 1964 4015 3544 4085">
     <span class='ocr_line' id='line_1_84' title="bbox 1964 4015 3544 4085; baseline -0.001 -14"><span class='ocrx_word' id='word_1_631' title='bbox 1964 4028 2130 4081; x_wconf 87' lang='lat' dir='ltr'><strong>serat,</strong></span> <span class='ocrx_word' id='word_1_632' title='bbox 2167 4018 2310 4085; x_wconf 87' lang='lat' dir='ltr'><strong>quod</strong></span> <span class='ocrx_word' id='word_1_633' title='bbox 2357 4018 2568 4070; x_wconf 88' lang='lat' dir='ltr'><strong>scilicet</strong></span> <span class='ocrx_word' id='word_1_634' title='bbox 2617 4026 2763 4070; x_wconf 85' lang='lat' dir='ltr'><strong>esset</strong></span> <span class='ocrx_word' id='word_1_635' title='bbox 2797 4015 3025 4069; x_wconf 81' lang='lat' dir='ltr'><strong>Satanas</strong></span> <span class='ocrx_word' id='word_1_636' title='bbox 3066 4031 3185 4079; x_wconf 88' lang='lat' dir='ltr'><strong>:se,</strong></span> <span class='ocrx_word' id='word_1_637' title='bbox 3226 4016 3318 4085; x_wconf 87' lang='lat' dir='ltr'><strong>qui</strong></span> <span class='ocrx_word' id='word_1_638' title='bbox 3348 4015 3544 4070; x_wconf 90' lang='lat' dir='ltr'><strong>missus</strong></span> 
     </span>
    </p>
   </div>
   <div class='ocr_carea' id='block_1_85' title="bbox 1965 4105 3546 4176">
    <p class='ocr_par' dir='ltr' id='par_1_85' title="bbox 1965 4105 3546 4176">
     <span class='ocr_line' id='line_1_85' title="bbox 1965 4105 3546 4176; baseline 0.001 -16"><span class='ocrx_word' id='word_1_639' title='bbox 1965 4108 2161 4172; x_wconf 78' lang='lat' dir='ltr'><strong>fuerat,</strong></span> <span class='ocrx_word' id='word_1_640' title='bbox 2205 4122 2396 4176; x_wconf 88' lang='lat' dir='ltr'><strong>nempe</strong></span> <span class='ocrx_word' id='word_1_641' title='bbox 2426 4107 2569 4174; x_wconf 90' lang='lat' dir='ltr'><strong>quod</strong></span> <span class='ocrx_word' id='word_1_642' title='bbox 2608 4115 2756 4161; x_wconf 84' lang='lat' dir='ltr'><strong>esset</strong></span> <span class='ocrx_word' id='word_1_643' title='bbox 2784 4106 2989 4174; x_wconf 87' lang='lat' dir='ltr'><strong>primus</strong></span> <span class='ocrx_word' id='word_1_644' title='bbox 3018 4120 3085 4159; x_wconf 84' lang='lat' dir='ltr'><strong>ex</strong></span> <span class='ocrx_word' id='word_1_645' title='bbox 3136 4105 3254 4174; x_wconf 87' lang='lat' dir='ltr'><strong>ejus</strong></span> <span class='ocrx_word' id='word_1_646' title='bbox 3288 4106 3546 4161; x_wconf 65' lang='lat' dir='ltr'><strong>daemoni-</strong></span> 
     </span>
    </p>
   </div>
   <div class='ocr_carea' id='block_1_86' title="bbox 1966 4196 3538 4265">
    <p class='ocr_par' dir='ltr' id='par_1_86' title="bbox 1966 4196 3538 4265">
     <span class='ocr_line' id='line_1_86' title="bbox 1966 4196 3538 4265; baseline -0.003 -13"><span class='ocrx_word' id='word_1_647' title='bbox 1966 4202 2109 4252; x_wconf 91' lang='lat' dir='ltr'><strong>bus:</strong></span> <span class='ocrx_word' id='word_1_648' title='bbox 2142 4212 2384 4261; x_wconf 80' lang='lat' dir='ltr'><strong>causam,</strong></span> <span class='ocrx_word' id='word_1_649' title='bbox 2418 4196 2561 4265; x_wconf 88' lang='lat' dir='ltr'><strong>quod</strong></span> <span class='ocrx_word' id='word_1_650' title='bbox 2606 4210 2702 4264; x_wconf 85' lang='lat' dir='ltr'><strong>per</strong></span> <span class='ocrx_word' id='word_1_651' title='bbox 2748 4196 2919 4263; x_wconf 86' lang='lat' dir='ltr'><strong>ipsam</strong></span> <span class='ocrx_word' id='word_1_652' title='bbox 2975 4196 3241 4263; x_wconf 83' lang='lat' dir='ltr'><strong>malignus</strong></span> <span class='ocrx_word' id='word_1_653' title='bbox 3287 4210 3538 4264; x_wconf 86' lang='lat' dir='ltr'><strong>magnum</strong></span> 
     </span>
    </p>
   </div>
   <div class='ocr_carea' id='block_1_87' title="bbox 1966 4286 3543 4357">
    <p class='ocr_par' dir='ltr' id='par_1_87' title="bbox 1966 4286 3543 4357">
     <span class='ocr_line' id='line_1_87' title="bbox 1966 4286 3543 4357; baseline -0.001 -15"><span class='ocrx_word' id='word_1_654' title='bbox 1966 4290 2159 4343; x_wconf 87' lang='lat' dir='ltr'><strong>vulnus</strong></span> <span class='ocrx_word' id='word_1_655' title='bbox 2223 4297 2531 4357; x_wconf 88' lang='lat' dir='ltr'><strong>acceperat.</strong></span> <span class='ocrx_word' id='word_1_656' title='bbox 2567 4287 2837 4340; x_wconf 64' lang='lat' dir='ltr'><strong>Praeterea</strong></span> <span class='ocrx_word' id='word_1_657' title='bbox 2891 4288 3035 4355; x_wconf 87' lang='lat' dir='ltr'><strong>quod</strong></span> <span class='ocrx_word' id='word_1_658' title='bbox 3086 4287 3201 4355; x_wconf 82' lang='lat' dir='ltr'><strong>ipse</strong></span> <span class='ocrx_word' id='word_1_659' title='bbox 3255 4297 3402 4340; x_wconf 87' lang='lat' dir='ltr'><strong>esset</strong></span> <span class='ocrx_word' id='word_1_660' title='bbox 3452 4286 3543 4341; x_wconf 86' lang='lat' dir='ltr'><strong>ille</strong></span> 
     </span>
    </p>
   </div>
   <div class='ocr_carea' id='block_1_88' title="bbox 1968 4377 3544 4449">
    <p class='ocr_par' dir='ltr' id='par_1_88' title="bbox 1968 4377 3544 4449">
     <span class='ocr_line' id='line_1_88' title="bbox 1968 4377 3544 4449; baseline 0.001 -17"><span class='ocrx_word' id='word_1_661' title='bbox 1968 4381 2083 4449; x_wconf 84' lang='lat' dir='ltr'><strong>ipse</strong></span> <span class='ocrx_word' id='word_1_662' title='bbox 2116 4379 2206 4449; x_wconf 89' lang='lat' dir='ltr'><strong>qui</strong></span> <span class='ocrx_word' id='word_1_663' title='bbox 2243 4380 2367 4433; x_wconf 74' lang='lat' dir='ltr'><strong>Eva:</strong></span> <span class='ocrx_word' id='word_1_664' title='bbox 2403 4378 2530 4432; x_wconf 89' lang='lat' dir='ltr'><strong>olim</strong></span> <span class='ocrx_word' id='word_1_665' title='bbox 2586 4378 2955 4447; x_wconf 80' lang='lat' dir='ltr'><strong>perniciosum</strong></span> <span class='ocrx_word' id='word_1_666' title='bbox 2994 4377 3141 4431; x_wconf 88' lang='lat' dir='ltr'><strong>dedit</strong></span> <span class='ocrx_word' id='word_1_667' title='bbox 3172 4378 3455 4433; x_wconf 84' lang='lat' dir='ltr'><strong>consilium</strong></span> <span class='ocrx_word' id='word_1_668' title='bbox 3488 4391 3544 4433; x_wconf 90' lang='lat' dir='ltr'><strong>et</strong></span> 
     </span>
    </p>
   </div>
   <div class='ocr_carea' id='block_1_89' title="bbox 1968 4469 3544 4538">
    <p class='ocr_par' dir='ltr' id='par_1_89' title="bbox 1968 4469 3544 4538">
     <span class='ocr_line' id='line_1_89' title="bbox 1968 4469 3544 4538; baseline -0.001 -13"><span class='ocrx_word' id='word_1_669' title='bbox 1968 4471 2035 4525; x_wconf 89' lang='lat' dir='ltr'><strong>ad</strong></span> <span class='ocrx_word' id='word_1_670' title='bbox 2099 4470 2285 4526; x_wconf 81' lang='lat' dir='ltr'><strong>fratris</strong></span> <span class='ocrx_word' id='word_1_671' title='bbox 2330 4472 2531 4525; x_wconf 71' lang='lat' dir='ltr'><strong>caedem</strong></span> <span class='ocrx_word' id='word_1_672' title='bbox 2568 4469 2704 4523; x_wconf 86' lang='lat' dir='ltr'><strong>Cain</strong></span> <span class='ocrx_word' id='word_1_673' title='bbox 2753 4470 3074 4534; x_wconf 72' lang='lat' dir='ltr'><strong>incitavit‘,</strong></span> <span class='ocrx_word' id='word_1_674' title='bbox 3110 4479 3163 4523; x_wconf 91' lang='lat' dir='ltr'><strong>et</strong></span> <span class='ocrx_word' id='word_1_675' title='bbox 3192 4470 3283 4538; x_wconf 89' lang='lat' dir='ltr'><strong>qui</strong></span> <span class='ocrx_word' id='word_1_676' title='bbox 3333 4471 3544 4525; x_wconf 83' lang='lat' dir='ltr'><strong>induxit</strong></span> 
     </span>
    </p>
   </div>
   <div class='ocr_carea' id='block_1_90' title="bbox 280 4561 1858 4635">
    <p class='ocr_par' dir='ltr' id='par_1_90' title="bbox 280 4561 1858 4631">
     <span class='ocr_line' id='line_1_90' title="bbox 280 4561 1858 4631; baseline 0.002 -16"><span class='ocrx_word' id='word_1_677' title='bbox 280 4580 475 4617; x_wconf 83' lang='grc' dir='ltr'>στασιν</span> <span class='ocrx_word' id='word_1_678' title='bbox 530 4562 788 4626; x_wconf 74' lang='grc' dir='ltr'>ὑποθεὶς,</span> <span class='ocrx_word' id='word_1_679' title='bbox 840 4561 1054 4629; x_wconf 79' lang='grc' dir='ltr'>Ἡρώδη</span> <span class='ocrx_word' id='word_1_680' title='bbox 1098 4564 1196 4631; x_wconf 80' lang='grc' dir='ltr'>τὴν</span> <span class='ocrx_word' id='word_1_681' title='bbox 1246 4563 1617 4629; x_wconf 57' lang='grc' dir='ltr'>παιδοςοονίαν,</span> <span class='ocrx_word' id='word_1_682' title='bbox 1690 4565 1858 4618; x_wconf 80' lang='grc' dir='ltr'>Ἰούδα</span> 
     </span>
    </p>
   </div>
   <div class='ocr_carea' id='block_1_91' title="bbox 1955 4561 3541 4635">
    <p class='ocr_par' dir='ltr' id='par_1_91' title="bbox 1966 4562 3541 4635">
     <span class='ocr_line' id='line_1_91' title="bbox 1966 4562 3541 4635; baseline 0.001 -16"><span class='ocrx_word' id='word_1_683' title='bbox 1966 4567 2339 4635; x_wconf 70' lang='lat' dir='ltr'><strong>parricidium,</strong></span> <span class='ocrx_word' id='word_1_684' title='bbox 2405 4566 2495 4635; x_wconf 90' lang='lat' dir='ltr'><strong>qui</strong></span> <span class='ocrx_word' id='word_1_685' title='bbox 2557 4565 2823 4635; x_wconf 88' lang='lat' dir='ltr'><strong>suggessit</strong></span> <span class='ocrx_word' id='word_1_686' title='bbox 2880 4562 3421 4631; x_wconf 86' lang='lat' dir='ltr'><strong>Nabuchodonosori,</strong></span> <span class='ocrx_word' id='word_1_687' title='bbox 3482 4578 3541 4621; x_wconf 90' lang='lat' dir='ltr'><strong>ut</strong></span> 
     </span>
    </p>
   </div>
   <div class='ocr_carea' id='block_1_92' title="bbox 276 4649 1868 4726">
    <p class='ocr_par' dir='ltr' id='par_1_92' title="bbox 276 4649 1868 4726">
     <span class='ocr_line' id='line_1_92' title="bbox 276 4649 1868 4726; baseline 0.003 -21"><span class='ocrx_word' id='word_1_688' title='bbox 276 4655 384 4726; x_wconf 72' lang='grc' dir='ltr'><strong>τὴν</strong></span> <span class='ocrx_word' id='word_1_689' title='bbox 428 4656 741 4724; x_wconf 76' lang='grc' dir='ltr'>προδοσίαν,</span> <span class='ocrx_word' id='word_1_690' title='bbox 792 4649 912 4704; x_wconf 82' lang='grc' dir='ltr'>εἶτα</span> <span class='ocrx_word' id='word_1_691' title='bbox 966 4656 1057 4705; x_wconf 71' lang='grc' dir='ltr'><strong>καὶ</strong></span> <span class='ocrx_word' id='word_1_692' title='bbox 1103 4658 1197 4722; x_wconf 74' lang='grc' dir='ltr'><strong>την</strong></span> <span class='ocrx_word' id='word_1_693' title='bbox 1232 4654 1490 4724; x_wconf 71' lang='grc' dir='ltr'>ἀγχόνην.</span> <span class='ocrx_word' id='word_1_694' title='bbox 1532 4656 1671 4725; x_wconf 88' lang='grc' dir='ltr'><strong>Ἐγὼ</strong></span> <span class='ocrx_word' id='word_1_695' title='bbox 1720 4660 1868 4709; x_wconf 84' lang='grc' dir='ltr'>κεκί·</span> 
     </span>
    </p>
   </div>
   <div class='ocr_carea' id='block_1_93' title="bbox 277 4745 1865 4817">
    <p class='ocr_par' dir='ltr' id='par_1_93' title="bbox 277 4745 1865 4817">
     <span class='ocr_line' id='line_1_93' title="bbox 277 4745 1865 4817; baseline 0.002 -18"><span class='ocrx_word' id='word_1_696' title='bbox 277 4763 449 4813; x_wconf 61' lang='grc' dir='ltr'>νηκα,</span> <span class='ocrx_word' id='word_1_697' title='bbox 482 4749 665 4815; x_wconf 71' lang='grc' dir='ltr'>φησιν,</span> <span class='ocrx_word' id='word_1_698' title='bbox 699 4750 792 4796; x_wconf 81' lang='grc' dir='ltr'><strong>καὶ</strong></span> <span class='ocrx_word' id='word_1_699' title='bbox 822 4746 959 4797; x_wconf 80' lang='grc' dir='ltr'><strong>κατὰ</strong></span> <span class='ocrx_word' id='word_1_700' title='bbox 991 4745 1264 4813; x_wconf 74' lang='grc' dir='ltr'>Στεφάνου</span> <span class='ocrx_word' id='word_1_701' title='bbox 1293 4747 1383 4798; x_wconf 88' lang='grc' dir='ltr'><strong>τὸν</strong></span> <span class='ocrx_word' id='word_1_702' title='bbox 1412 4747 1696 4817; x_wconf 81' lang='grc' dir='ltr'>λιθασμὸν,</span> <span class='ocrx_word' id='word_1_703' title='bbox 1726 4752 1865 4802; x_wconf 85' lang='grc' dir='ltr'><strong>κατά</strong></span> 
     </span>
    </p>
   </div>
   <div class='ocr_carea' id='block_1_94' title="bbox 281 4840 1864 4914">
    <p class='ocr_par' dir='ltr' id='par_1_94' title="bbox 281 4840 1864 4914">
     <span class='ocr_line' id='line_1_94' title="bbox 281 4840 1864 4914; baseline 0.003 -22"><span class='ocrx_word' id='word_1_704' title='bbox 281 4840 495 4910; x_wconf 78' lang='grc' dir='ltr'>Πέτρου</span> <span class='ocrx_word' id='word_1_705' title='bbox 551 4841 740 4891; x_wconf 78' lang='grc' dir='ltr'>δὲκαὶ</span> <span class='ocrx_word' id='word_1_706' title='bbox 805 4840 1012 4892; x_wconf 70' lang='grc' dir='ltr'>Παύλου</span> <span class='ocrx_word' id='word_1_707' title='bbox 1060 4842 1152 4892; x_wconf 70' lang='grc' dir='ltr'>τοῦ</span> <span class='ocrx_word' id='word_1_708' title='bbox 1217 4841 1317 4910; x_wconf 80' lang='grc' dir='ltr'><strong>μὲν</strong></span> <span class='ocrx_word' id='word_1_709' title='bbox 1369 4841 1467 4912; x_wconf 78' lang='grc' dir='ltr'><strong>τὴν</strong></span> <span class='ocrx_word' id='word_1_710' title='bbox 1527 4844 1864 4914; x_wconf 80' lang='grc' dir='ltr'>ἐπικεφαλὴν</span> 
     </span>
    </p>
   </div>
   <div class='ocr_carea' id='block_1_95' title="bbox 280 4930 1863 5005">
    <p class='ocr_par' dir='ltr' id='par_1_95' title="bbox 280 4930 1863 5005">
     <span class='ocr_line' id='line_1_95' title="bbox 280 4930 1863 5005; baseline 0.004 -22"><span class='ocrx_word' id='word_1_711' title='bbox 280 4933 614 5001; x_wconf 76' lang='grc' dir='ltr'>σταύρωσιν,</span> <span class='ocrx_word' id='word_1_712' title='bbox 650 4930 743 4982; x_wconf 79' lang='grc' dir='ltr'>τοῦ</span> <span class='ocrx_word' id='word_1_713' title='bbox 796 4932 849 4982; x_wconf 78' lang='grc' dir='ltr'>δὲ</span> <span class='ocrx_word' id='word_1_714' title='bbox 901 4934 997 5001; x_wconf 70' lang='grc' dir='ltr'><strong>τὴν</strong></span> <span class='ocrx_word' id='word_1_715' title='bbox 1041 4932 1130 4984; x_wconf 76' lang='grc' dir='ltr'>διὰ</span> <span class='ocrx_word' id='word_1_716' title='bbox 1179 4934 1365 5001; x_wconf 70' lang='grc' dir='ltr'>ξίφους</span> <span class='ocrx_word' id='word_1_717' title='bbox 1421 4934 1737 5005; x_wconf 76' lang='grc' dir='ltr'>ἀναίρεσιν·</span> <span class='ocrx_word' id='word_1_718' title='bbox 1771 4939 1863 4989; x_wconf 74' lang='grc' dir='ltr'><strong>ἐπὶ</strong></span> 
     </span>
    </p>
   </div>
   <div class='ocr_carea' id='block_1_96' title="bbox 276 5024 1861 5097">
    <p class='ocr_par' dir='ltr' id='par_1_96' title="bbox 276 5024 1861 5097">
     <span class='ocr_line' id='line_1_96' title="bbox 276 5024 1861 5097; baseline 0.004 -21"><span class='ocrx_word' id='word_1_719' title='bbox 276 5024 493 5085; x_wconf 62' lang='grc' dir='ltr'>τούτοις</span> <span class='ocrx_word' id='word_1_720' title='bbox 532 5026 695 5074; x_wconf 75' lang='grc' dir='ltr'>τεοῖσιν</span> <span class='ocrx_word' id='word_1_721' title='bbox 735 5025 843 5091; x_wconf 76' lang='grc' dir='ltr'>ἐγώ</span> <span class='ocrx_word' id='word_1_722' title='bbox 892 5027 1005 5093; x_wconf 79' lang='grc' dir='ltr'>εἰμι</span> <span class='ocrx_word' id='word_1_723' title='bbox 1037 5026 1064 5076; x_wconf 92' lang='grc' dir='ltr'><strong>ό</strong></span> <span class='ocrx_word' id='word_1_724' title='bbox 1122 5026 1401 5097; x_wconf 56' lang='grc' dir='ltr'>Ἐϐραίους</span> <span class='ocrx_word' id='word_1_725' title='bbox 1442 5027 1542 5096; x_wconf 85' lang='grc' dir='ltr'>μὲν</span> <span class='ocrx_word' id='word_1_726' title='bbox 1579 5029 1861 5082; x_wconf 83' lang='grc' dir='ltr'>εἰδωλολα-</span> 
     </span>
    </p>
   </div>
   <div class='ocr_carea' id='block_1_97' title="bbox 276 5116 1863 5194">
    <p class='ocr_par' dir='ltr' id='par_1_97' title="bbox 276 5116 1863 5194">
     <span class='ocr_line' id='line_1_97' title="bbox 276 5116 1863 5194; baseline 0.004 -27"><span class='ocrx_word' id='word_1_727' title='bbox 276 5118 433 5186; x_wconf 80' lang='grc' dir='ltr'>τρεῑν</span> <span class='ocrx_word' id='word_1_728' title='bbox 456 5116 780 5179; x_wconf 76' lang='grc' dir='ltr'>ἀναπείσας,</span> <span class='ocrx_word' id='word_1_729' title='bbox 828 5117 1154 5186; x_wconf 84' lang='grc' dir='ltr'>Σολομῶντα</span> <span class='ocrx_word' id='word_1_730' title='bbox 1184 5120 1238 5170; x_wconf 84' lang='grc' dir='ltr'><strong>δὲ</strong></span> <span class='ocrx_word' id='word_1_731' title='bbox 1270 5122 1360 5171; x_wconf 84' lang='grc' dir='ltr'><strong>τὸν</strong></span> <span class='ocrx_word' id='word_1_732' title='bbox 1398 5120 1560 5188; x_wconf 76' lang='grc' dir='ltr'>σοφὸν</span> <span class='ocrx_word' id='word_1_733' title='bbox 1601 5124 1863 5194; x_wconf 86' lang='grc' dir='ltr'>μωράνας</span> 
     </span>
    </p>
   </div>
   <div class='ocr_carea' id='block_1_98' title="bbox 277 5209 1504 5283">
    <p class='ocr_par' dir='ltr' id='par_1_98' title="bbox 277 5209 1504 5283">
     <span class='ocr_line' id='line_1_98' title="bbox 277 5209 1504 5283; baseline 0.004 -22"><span class='ocrx_word' id='word_1_734' title='bbox 277 5211 378 5261; x_wconf 81' lang='grc' dir='ltr'>καὶ</span> <span class='ocrx_word' id='word_1_735' title='bbox 403 5209 652 5275; x_wconf 78' lang='grc' dir='ltr'>παίγνιον</span> <span class='ocrx_word' id='word_1_736' title='bbox 689 5211 1020 5280; x_wconf 80' lang='grc' dir='ltr'>παρανόμων</span> <span class='ocrx_word' id='word_1_737' title='bbox 1059 5210 1235 5275; x_wconf 72' lang='grc' dir='ltr'>δείξας</span> <span class='ocrx_word' id='word_1_738' title='bbox 1267 5214 1504 5283; x_wconf 81' lang='grc' dir='ltr'>ἐρώτων.</span> 
     </span>
    </p>
   </div>
   <div class='ocr_carea' id='block_1_99' title="bbox 352 5473 1863 5546">
    <p class='ocr_par' dir='ltr' id='par_1_99' title="bbox 352 5473 1863 5546">
     <span class='ocr_line' id='line_1_99' title="bbox 352 5473 1863 5546; baseline 0.001 -19"><span class='ocrx_word' id='word_1_739' title='bbox 352 5475 414 5527; x_wconf 89' lang='lat' dir='ltr'><strong>l&#39;.</strong></span> <span class='ocrx_word' id='word_1_740' title='bbox 449 5474 634 5526; x_wconf 76' lang='grc' dir='ltr'>Ταῦτα</span> <span class='ocrx_word' id='word_1_741' title='bbox 666 5474 737 5537; x_wconf 84' lang='grc' dir='ltr'>ὡς</span> <span class='ocrx_word' id='word_1_742' title='bbox 773 5475 1005 5542; x_wconf 72' lang='grc' dir='ltr'>ἤκουσεν</span> <span class='ocrx_word' id='word_1_743' title='bbox 1037 5473 1318 5546; x_wconf 79' lang='grc' dir='ltr'>Ἰουλιανὴ,</span> <span class='ocrx_word' id='word_1_744' title='bbox 1346 5476 1440 5529; x_wconf 73' lang='grc' dir='ltr'><strong>καὶ</strong></span> <span class='ocrx_word' id='word_1_745' title='bbox 1462 5475 1650 5545; x_wconf 75' lang='grc' dir='ltr'>ἔτερόν</span> <span class='ocrx_word' id='word_1_746' title='bbox 1676 5493 1729 5528; x_wconf 89' lang='grc' dir='ltr'><strong>τι</strong></span> <span class='ocrx_word' id='word_1_747' title='bbox 1754 5476 1863 5528; x_wconf 86' lang='grc' dir='ltr'><strong>τῶν</strong></span> 
     </span>
    </p>
   </div>
   <div class='ocr_carea' id='block_1_100' title="bbox 278 5566 1861 5639">
    <p class='ocr_par' dir='ltr' id='par_1_100' title="bbox 278 5566 1861 5639">
     <span class='ocr_line' id='line_1_100' title="bbox 278 5566 1861 5639; baseline 0.001 -19"><span class='ocrx_word' id='word_1_748' title='bbox 278 5566 609 5638; x_wconf 75' lang='grc' dir='ltr'>ταραὸόξων</span> <span class='ocrx_word' id='word_1_749' title='bbox 641 5568 854 5620; x_wconf 87' lang='grc' dir='ltr'>ἐποίει·</span> <span class='ocrx_word' id='word_1_750' title='bbox 900 5568 1133 5639; x_wconf 72' lang='grc' dir='ltr'>δεσμοὺς</span> <span class='ocrx_word' id='word_1_751' title='bbox 1171 5568 1368 5631; x_wconf 84' lang='grc' dir='ltr'>ἄλλους</span> <span class='ocrx_word' id='word_1_752' title='bbox 1410 5569 1584 5637; x_wconf 74' lang='grc' dir='ltr'>ἐπῆγε</span> <span class='ocrx_word' id='word_1_753' title='bbox 1636 5569 1715 5639; x_wconf 82' lang='grc' dir='ltr'>τῷ</span> <span class='ocrx_word' id='word_1_754' title='bbox 1747 5569 1861 5621; x_wconf 87' lang='grc' dir='ltr'>δαί-</span> 
     </span>
    </p>
   </div>
   <div class='ocr_carea' id='block_1_101' title="bbox 279 5659 1861 5732">
    <p class='ocr_par' dir='ltr' id='par_1_101' title="bbox 279 5659 1861 5732">
     <span class='ocr_line' id='line_1_101' title="bbox 279 5659 1861 5732; baseline 0.001 -19"><span class='ocrx_word' id='word_1_755' title='bbox 279 5678 407 5732; x_wconf 81' lang='grc' dir='ltr'>μονι</span> <span class='ocrx_word' id='word_1_756' title='bbox 467 5663 560 5713; x_wconf 73' lang='grc' dir='ltr'><strong>καὶ</strong></span> <span class='ocrx_word' id='word_1_757' title='bbox 613 5659 856 5730; x_wconf 84' lang='grc' dir='ltr'>πληγάς·</span> <span class='ocrx_word' id='word_1_758' title='bbox 890 5662 1109 5726; x_wconf 81' lang='grc' dir='ltr'>πάντως</span> <span class='ocrx_word' id='word_1_759' title='bbox 1160 5662 1217 5716; x_wconf 82' lang='grc' dir='ltr'>δὲ</span> <span class='ocrx_word' id='word_1_760' title='bbox 1273 5665 1300 5715; x_wconf 90' lang='lat'><strong>6</strong></span> <span class='ocrx_word' id='word_1_761' title='bbox 1333 5665 1424 5717; x_wconf 71' lang='grc' dir='ltr'>καί</span> <span class='ocrx_word' id='word_1_762' title='bbox 1473 5664 1678 5716; x_wconf 88' lang='grc' dir='ltr'>τούτων</span> <span class='ocrx_word' id='word_1_763' title='bbox 1733 5664 1861 5716; x_wconf 82' lang='grc' dir='ltr'>ἄνευ</span> 
     </span>
    </p>
   </div>
   <div class='ocr_carea' id='block_1_102' title="bbox 1327 5843 1736 5899">
    <p class='ocr_par' dir='ltr' id='par_1_102' title="bbox 1327 5843 1736 5899">
     <span class='ocr_line' id='line_1_102' title="bbox 1327 5843 1736 5899; baseline 0 -2"><span class='ocrx_word' id='word_1_764' title='bbox 1327 5845 1349 5875; x_wconf 81' lang='grc'><strong>⁸</strong></span> <span class='ocrx_word' id='word_1_765' title='bbox 1379 5843 1563 5899; x_wconf 76' lang='lat' dir='ltr'><strong>Matth.</strong></span> <span class='ocrx_word' id='word_1_766' title='bbox 1594 5859 1736 5899; x_wconf 79' lang='lat' dir='ltr'><strong>xxvi.</strong></span> 
     </span>
    </p>
   </div>
   <div class='ocr_carea' id='block_1_103' title="bbox 389 5838 1243 5899">
    <p class='ocr_par' dir='ltr' id='par_1_103' title="bbox 389 5838 1243 5899">
     <span class='ocr_line' id='line_1_103' title="bbox 389 5838 1243 5899; baseline 0.004 -3"><span class='ocrx_word' id='word_1_767' title='bbox 389 5843 410 5872; x_wconf 83' lang='grc'><strong><em>⁸</em></strong></span> <span class='ocrx_word' id='word_1_768' title='bbox 438 5838 577 5897; x_wconf 78' lang='lat' dir='ltr'><strong>Gen.</strong></span> <span class='ocrx_word' id='word_1_769' title='bbox 604 5854 660 5895; x_wconf 84' lang='grc' dir='ltr'><strong>ιιι</strong></span> <span class='ocrx_word' id='word_1_770' title='bbox 703 5855 753 5897; x_wconf 87' lang='lat' dir='ltr'><strong>et</strong></span> <span class='ocrx_word' id='word_1_771' title='bbox 784 5858 857 5899; x_wconf 87' lang='lat' dir='ltr'><strong>tv.</strong></span> <span class='ocrx_word' id='word_1_772' title='bbox 930 5840 1107 5897; x_wconf 85' lang='lat' dir='ltr'><strong>&#39;Dan.</strong></span> <span class='ocrx_word' id='word_1_773' title='bbox 1162 5858 1243 5899; x_wconf 87' lang='grc' dir='ltr'>ιιι.</span> 
     </span>
    </p>
   </div>
   <div class='ocr_carea' id='block_1_104' title="bbox 1966 4657 3543 4725">
    <p class='ocr_par' dir='ltr' id='par_1_104' title="bbox 1966 4657 3543 4725">
     <span class='ocr_line' id='line_1_104' title="bbox 1966 4657 3543 4725; baseline 0 -16"><span class='ocrx_word' id='word_1_774' title='bbox 1966 4658 2230 4711; x_wconf 83' lang='lat' dir='ltr'><strong>excitaret</strong></span> <span class='ocrx_word' id='word_1_775' title='bbox 2258 4666 2487 4710; x_wconf 86' lang='lat' dir='ltr'><strong>statuam</strong></span> <span class='ocrx_word' id='word_1_776' title='bbox 2521 4658 2565 4721; x_wconf 87' lang='lat'><strong>&#39;,</strong></span> <span class='ocrx_word' id='word_1_777' title='bbox 2599 4657 2793 4711; x_wconf 92' lang='lat' dir='ltr'><strong>llerodi</strong></span> <span class='ocrx_word' id='word_1_778' title='bbox 2851 4670 3140 4725; x_wconf 90' lang='lat' dir='ltr'><strong>puerorum</strong></span> <span class='ocrx_word' id='word_1_779' title='bbox 3189 4657 3543 4724; x_wconf 85' lang='lat' dir='ltr'><strong>occisionem,</strong></span> 
     </span>
    </p>
   </div>
   <div class='ocr_carea' id='block_1_105' title="bbox 1963 4746 3542 4817">
    <p class='ocr_par' dir='ltr' id='par_1_105' title="bbox 1963 4746 3542 4817">
     <span class='ocr_line' id='line_1_105' title="bbox 1963 4746 3542 4817; baseline 0.001 -16"><span class='ocrx_word' id='word_1_780' title='bbox 1963 4746 2111 4802; x_wconf 67' lang='lat' dir='ltr'><strong>Judaa</strong></span> <span class='ocrx_word' id='word_1_781' title='bbox 2147 4748 2507 4817; x_wconf 86' lang='lat' dir='ltr'><strong>proditionem</strong></span> <span class='ocrx_word' id='word_1_782' title='bbox 2531 4757 2585 4802; x_wconf 91' lang='lat' dir='ltr'><strong>et</strong></span> <span class='ocrx_word' id='word_1_783' title='bbox 2606 4748 2801 4802; x_wconf 91' lang='lat' dir='ltr'><strong>deinde</strong></span> <span class='ocrx_word' id='word_1_784' title='bbox 2837 4747 3090 4815; x_wconf 82' lang='lat' dir='ltr'><strong>laqueum</strong></span> <span class='ocrx_word' id='word_1_785' title='bbox 3116 4747 3156 4798; x_wconf 79' lang='lat'><strong>‘.</strong></span> <span class='ocrx_word' id='word_1_786' title='bbox 3189 4746 3322 4817; x_wconf 74' lang='lat' dir='ltr'><strong>Ego,</strong></span> <span class='ocrx_word' id='word_1_787' title='bbox 3348 4749 3542 4817; x_wconf 85' lang='lat' dir='ltr'><strong>inquit,</strong></span> 
     </span>
    </p>
   </div>
   <div class='ocr_carea' id='block_1_106' title="bbox 1961 4838 3547 4907">
    <p class='ocr_par' dir='ltr' id='par_1_106' title="bbox 1961 4838 3547 4907">
     <span class='ocr_line' id='line_1_106' title="bbox 1961 4838 3547 4907; baseline 0.001 -14"><span class='ocrx_word' id='word_1_788' title='bbox 1961 4841 2124 4893; x_wconf 88' lang='lat' dir='ltr'><strong>etiam</strong></span> <span class='ocrx_word' id='word_1_789' title='bbox 2159 4838 2540 4907; x_wconf 84' lang='lat' dir='ltr'><strong>lapidationem</strong></span> <span class='ocrx_word' id='word_1_790' title='bbox 2560 4840 2698 4892; x_wconf 88' lang='lat' dir='ltr'><strong>movi</strong></span> <span class='ocrx_word' id='word_1_791' title='bbox 2722 4840 2983 4893; x_wconf 89' lang='lat' dir='ltr'><strong>adversus</strong></span> <span class='ocrx_word' id='word_1_792' title='bbox 3009 4838 3345 4906; x_wconf 86' lang='lat' dir='ltr'><strong>Stephanum</strong></span> <span class='ocrx_word' id='word_1_793' title='bbox 3372 4841 3390 4871; x_wconf 91' lang='grc'><strong>⁷</strong></span> <span class='ocrx_word' id='word_1_794' title='bbox 3410 4858 3425 4895; x_wconf 86' lang='lat'><strong>:</strong></span> <span class='ocrx_word' id='word_1_795' title='bbox 3448 4843 3547 4894; x_wconf 82' lang='lat' dir='ltr'><strong>ad-</strong></span> 
     </span>
    </p>
   </div>
   <div class='ocr_carea' id='block_1_107' title="bbox 1964 4928 3545 5002">
    <p class='ocr_par' dir='ltr' id='par_1_107' title="bbox 1964 4928 3545 5002">
     <span class='ocr_line' id='line_1_107' title="bbox 1964 4928 3545 5002; baseline 0.002 -19"><span class='ocrx_word' id='word_1_796' title='bbox 1964 4945 2157 4985; x_wconf 89' lang='lat' dir='ltr'><strong>versus</strong></span> <span class='ocrx_word' id='word_1_797' title='bbox 2186 4928 2404 4985; x_wconf 88' lang='lat' dir='ltr'><strong>Petrum</strong></span> <span class='ocrx_word' id='word_1_798' title='bbox 2436 4939 2612 4984; x_wconf 88' lang='lat' dir='ltr'><strong>autem</strong></span> <span class='ocrx_word' id='word_1_799' title='bbox 2643 4942 2698 4985; x_wconf 92' lang='lat' dir='ltr'><strong>et</strong></span> <span class='ocrx_word' id='word_1_800' title='bbox 2726 4929 2974 4995; x_wconf 89' lang='lat' dir='ltr'><strong>Paulum,</strong></span> <span class='ocrx_word' id='word_1_801' title='bbox 3007 4933 3150 4987; x_wconf 92' lang='lat' dir='ltr'><strong>illius</strong></span> <span class='ocrx_word' id='word_1_802' title='bbox 3185 4934 3403 5002; x_wconf 85' lang='lat' dir='ltr'><strong>quidem</strong></span> <span class='ocrx_word' id='word_1_803' title='bbox 3450 4948 3545 4986; x_wconf 84' lang='lat' dir='ltr'><strong>ca-</strong></span> 
     </span>
    </p>
   </div>
   <div class='ocr_carea' id='block_1_108' title="bbox 1963 5007 3546 5092">
    <p class='ocr_par' dir='ltr' id='par_1_108' title="bbox 1963 5007 3546 5092">
     <span class='ocr_line' id='line_1_108' title="bbox 1963 5007 3546 5092; baseline 0.004 -18"><span class='ocrx_word' id='word_1_804' title='bbox 1963 5023 2073 5091; x_wconf 89' lang='lat' dir='ltr'><strong>pite</strong></span> <span class='ocrx_word' id='word_1_805' title='bbox 2100 5024 2339 5079; x_wconf 87' lang='lat' dir='ltr'><strong>demisso</strong></span> <span class='ocrx_word' id='word_1_806' title='bbox 2374 5023 2423 5076; x_wconf 91' lang='lat' dir='ltr'><strong>in</strong></span> <span class='ocrx_word' id='word_1_807' title='bbox 2475 5033 2674 5077; x_wconf 89' lang='lat' dir='ltr'><strong>terram</strong></span> <span class='ocrx_word' id='word_1_808' title='bbox 2709 5025 3137 5089; x_wconf 80' lang='lat' dir='ltr'><strong>cruciﬁxionem,</strong></span> <span class='ocrx_word' id='word_1_809' title='bbox 3185 5007 3347 5092; x_wconf 71' lang='lat' dir='ltr'><strong>bujus</strong></span> <span class='ocrx_word' id='word_1_810' title='bbox 3418 5039 3546 5081; x_wconf 88' lang='lat' dir='ltr'><strong>vero</strong></span> 
     </span>
    </p>
   </div>
   <div class='ocr_carea' id='block_1_109' title="bbox 1961 5115 3542 5187">
    <p class='ocr_par' dir='ltr' id='par_1_109' title="bbox 1961 5115 3542 5187">
     <span class='ocr_line' id='line_1_109' title="bbox 1961 5115 3542 5187; baseline 0.002 -19"><span class='ocrx_word' id='word_1_811' title='bbox 1961 5130 2092 5170; x_wconf 91' lang='lat' dir='ltr'><strong>ense</strong></span> <span class='ocrx_word' id='word_1_812' title='bbox 2147 5115 2643 5183; x_wconf 87' lang='lat' dir='ltr'><strong>interemptiouem.</strong></span> <span class='ocrx_word' id='word_1_813' title='bbox 2709 5116 2991 5171; x_wconf 87' lang='lat' dir='ltr'><strong>Postremo</strong></span> <span class='ocrx_word' id='word_1_814' title='bbox 3077 5132 3178 5187; x_wconf 87' lang='lat' dir='ltr'><strong>ego</strong></span> <span class='ocrx_word' id='word_1_815' title='bbox 3239 5133 3384 5181; x_wconf 85' lang='lat' dir='ltr'><strong>sum,</strong></span> <span class='ocrx_word' id='word_1_816' title='bbox 3446 5121 3542 5187; x_wconf 87' lang='lat' dir='ltr'><strong>qui</strong></span> 
     </span>
    </p>
   </div>
   <div class='ocr_carea' id='block_1_110' title="bbox 1962 5206 3545 5275">
    <p class='ocr_par' dir='ltr' id='par_1_110' title="bbox 1962 5206 3545 5275">
     <span class='ocr_line' id='line_1_110' title="bbox 1962 5206 3545 5275; baseline 0.003 -15"><span class='ocrx_word' id='word_1_817' title='bbox 1962 5208 2203 5275; x_wconf 84' lang='lat' dir='ltr'><strong>persuasi</strong></span> <span class='ocrx_word' id='word_1_818' title='bbox 2256 5206 2496 5262; x_wconf 75' lang='lat' dir='ltr'><strong>Hebraeis</strong></span> <span class='ocrx_word' id='word_1_819' title='bbox 2561 5217 2618 5263; x_wconf 92' lang='lat' dir='ltr'><strong>ut</strong></span> <span class='ocrx_word' id='word_1_820' title='bbox 2689 5218 2872 5263; x_wconf 84' lang='lat' dir='ltr'><strong>essent</strong></span> <span class='ocrx_word' id='word_1_821' title='bbox 2920 5208 3160 5263; x_wconf 85' lang='lat' dir='ltr'><strong>cultores</strong></span> <span class='ocrx_word' id='word_1_822' title='bbox 3234 5210 3545 5270; x_wconf 84' lang='lat' dir='ltr'><strong>idolorum:</strong></span> 
     </span>
    </p>
   </div>
   <div class='ocr_carea' id='block_1_111' title="bbox 1962 5298 3539 5369">
    <p class='ocr_par' dir='ltr' id='par_1_111' title="bbox 1962 5298 3539 5369">
     <span class='ocr_line' id='line_1_111' title="bbox 1962 5298 3539 5369; baseline 0.001 -17"><span class='ocrx_word' id='word_1_823' title='bbox 1962 5300 2305 5353; x_wconf 81' lang='lat' dir='ltr'><strong>Salomonem</strong></span> <span class='ocrx_word' id='word_1_824' title='bbox 2339 5310 2520 5353; x_wconf 90' lang='lat' dir='ltr'><strong>autem</strong></span> <span class='ocrx_word' id='word_1_825' title='bbox 2597 5300 2895 5369; x_wconf 89' lang='lat' dir='ltr'><strong>sapientem</strong></span> <span class='ocrx_word' id='word_1_826' title='bbox 2947 5300 3230 5366; x_wconf 73' lang='lat' dir='ltr'><strong>inl‘atuavi,</strong></span> <span class='ocrx_word' id='word_1_827' title='bbox 3281 5312 3337 5356; x_wconf 83' lang='lat' dir='ltr'><strong>et</strong></span> <span class='ocrx_word' id='word_1_828' title='bbox 3381 5298 3539 5355; x_wconf 81' lang='lat' dir='ltr'><strong>eﬂ&#39;eci</strong></span> 
     </span>
    </p>
   </div>
   <div class='ocr_carea' id='block_1_112' title="bbox 1972 5390 2947 5445">
    <p class='ocr_par' dir='ltr' id='par_1_112' title="bbox 1972 5390 2947 5445">
     <span class='ocr_line' id='line_1_112' title="bbox 1972 5390 2947 5445; baseline -0.001 -1"><span class='ocrx_word' id='word_1_829' title='bbox 1972 5391 2302 5445; x_wconf 77' lang='lat' dir='ltr'><strong>nefariorum</strong></span> <span class='ocrx_word' id='word_1_830' title='bbox 2338 5405 2584 5445; x_wconf 89' lang='lat' dir='ltr'><strong>amorum</strong></span> <span class='ocrx_word' id='word_1_831' title='bbox 2633 5390 2947 5445; x_wconf 89' lang='lat' dir='ltr'><strong>ludibrium.</strong></span> 
     </span>
    </p>
   </div>
   <div class='ocr_carea' id='block_1_113' title="bbox 2050 5480 3542 5554">
    <p class='ocr_par' dir='ltr' id='par_1_113' title="bbox 2050 5480 3542 5554">
     <span class='ocr_line' id='line_1_113' title="bbox 2050 5480 3542 5554; baseline 0.003 -19"><span class='ocrx_word' id='word_1_832' title='bbox 2050 5480 2118 5537; x_wconf 79' lang='grc' dir='ltr'><strong>Χ.</strong></span> <span class='ocrx_word' id='word_1_833' title='bbox 2150 5480 2276 5537; x_wconf 75' lang='lat' dir='ltr'><strong>Hch</strong></span> <span class='ocrx_word' id='word_1_834' title='bbox 2333 5491 2620 5552; x_wconf 86' lang='lat' dir='ltr'><strong>postquam</strong></span> <span class='ocrx_word' id='word_1_835' title='bbox 2652 5484 2858 5537; x_wconf 87' lang='lat' dir='ltr'><strong>audivit</strong></span> <span class='ocrx_word' id='word_1_836' title='bbox 2885 5481 3128 5547; x_wconf 81' lang='lat' dir='ltr'><strong>Juliana,</strong></span> <span class='ocrx_word' id='word_1_837' title='bbox 3152 5483 3299 5539; x_wconf 90' lang='lat' dir='ltr'><strong>aliud</strong></span> <span class='ocrx_word' id='word_1_838' title='bbox 3323 5499 3542 5554; x_wconf 90' lang='lat' dir='ltr'><strong>quoque</strong></span> 
     </span>
    </p>
   </div>
   <div class='ocr_carea' id='block_1_114' title="bbox 1974 5572 3549 5645">
    <p class='ocr_par' dir='ltr' id='par_1_114' title="bbox 1974 5572 3549 5645">
     <span class='ocr_line' id='line_1_114' title="bbox 1974 5572 3549 5645; baseline 0 -18"><span class='ocrx_word' id='word_1_839' title='bbox 1974 5574 2100 5629; x_wconf 83' lang='lat' dir='ltr'><strong>fecit</strong></span> <span class='ocrx_word' id='word_1_840' title='bbox 2129 5572 2449 5627; x_wconf 84' lang='lat' dir='ltr'><strong>admirabile</strong></span> <span class='ocrx_word' id='word_1_841' title='bbox 2482 5590 2495 5625; x_wconf 75' lang='grc' dir='ltr'><strong>ε</strong></span> <span class='ocrx_word' id='word_1_842' title='bbox 2534 5573 2637 5626; x_wconf 90' lang='lat' dir='ltr'><strong>alia</strong></span> <span class='ocrx_word' id='word_1_843' title='bbox 2676 5574 2893 5628; x_wconf 88' lang='lat' dir='ltr'><strong>vincula</strong></span> <span class='ocrx_word' id='word_1_844' title='bbox 2940 5585 2995 5629; x_wconf 91' lang='lat' dir='ltr'><strong>et</strong></span> <span class='ocrx_word' id='word_1_845' title='bbox 3045 5575 3234 5644; x_wconf 85' lang='lat' dir='ltr'><strong>plagas</strong></span> <span class='ocrx_word' id='word_1_846' title='bbox 3290 5575 3549 5645; x_wconf 87' lang='lat' dir='ltr'><strong>imposuit</strong></span> 
     </span>
    </p>
   </div>
   <div class='ocr_carea' id='block_1_115' title="bbox 1976 5665 3546 5738">
    <p class='ocr_par' dir='ltr' id='par_1_115' title="bbox 1976 5665 3546 5738">
     <span class='ocr_line' id='line_1_115' title="bbox 1976 5665 3546 5738; baseline 0.001 -17"><span class='ocrx_word' id='word_1_847' title='bbox 1976 5666 2225 5721; x_wconf 71' lang='grc' dir='ltr'>ιιιεηιοιιὶ.</span> <span class='ocrx_word' id='word_1_848' title='bbox 2281 5665 2510 5721; x_wconf 90' lang='lat' dir='ltr'><strong>Omnino</strong></span> <span class='ocrx_word' id='word_1_849' title='bbox 2560 5675 2741 5718; x_wconf 87' lang='lat' dir='ltr'><strong>autem</strong></span> <span class='ocrx_word' id='word_1_850' title='bbox 2796 5666 2843 5721; x_wconf 90' lang='lat' dir='ltr'><strong>is</strong></span> <span class='ocrx_word' id='word_1_851' title='bbox 2866 5666 3054 5733; x_wconf 85' lang='lat' dir='ltr'><strong>etiam,</strong></span> <span class='ocrx_word' id='word_1_852' title='bbox 3086 5669 3180 5737; x_wconf 83' lang='lat' dir='ltr'><strong>qui</strong></span> <span class='ocrx_word' id='word_1_853' title='bbox 3204 5667 3409 5738; x_wconf 85' lang='lat' dir='ltr'><strong>absque</strong></span> <span class='ocrx_word' id='word_1_854' title='bbox 3441 5667 3546 5730; x_wconf 81' lang='lat' dir='ltr'><strong>his.</strong></span> 
     </span>
    </p>
   </div>
   <div class='ocr_carea' id='block_1_116' title="bbox 1813 5844 2156 5900">
    <p class='ocr_par' dir='ltr' id='par_1_116' title="bbox 1813 5844 2156 5900">
     <span class='ocr_line' id='line_1_116' title="bbox 1813 5844 2156 5900; baseline -0.009 -1"><span class='ocrx_word' id='word_1_855' title='bbox 1813 5844 2034 5900; x_wconf 72' lang='lat' dir='ltr'><strong>7Actnr.</strong></span> <span class='ocrx_word' id='word_1_856' title='bbox 2062 5861 2156 5899; x_wconf 78' lang='lat' dir='ltr'><strong>vn.</strong></span> 
     </span>
    </p>
   </div>
  </div>
