4218 6482
277 427 411 491 Η57

1264 438 1438 498 VITA
1475 440 1579 502 SS.
1627 441 1909 502 LEONIS
1950 442 2043 499 ΕΤ
2076 442 2527 505 PAREGORII.

3374 450 3509 513 1458

266 543 509 609 περὶτοῦ
539 545 969 616 Χριστιανισμοῦ
1012 550 1283 613 διδάσκεις
1320 552 1639 621 προθύμως·
1674 555 1833 623 χάρις
1862 552 1914 610 Α

1862 552 1914 610 Α
1941 565 2062 603 cum
2106 554 2171 603 de
2202 555 2265 605 iis
2296 552 2587 613 accuscris,
2619 560 2871 621 prompto
2913 563 2967 606 et
3002 553 3164 608 alacri
3200 555 3379 607 animo
3415 560 3509 608 ilo-

264 635 320 686 δὲ
345 638 455 696 τοῖς
490 635 652 699 θεοῖς,
687 642 800 700 τοῖς
839 642 915 710 μῆ
948 642 1171 694 έάσασίν
1220 659 1278 694 σε
1310 644 1584 696 διαλαθεῖν
1609 647 1836 700 τοιαῦτα

262 723 612 791 τολμήσαντα
636 743 647 754 ·
682 727 713 797 ἢ
753 730 931 781 τοίνυν
976 731 1240 797 ὲπίγνωθι
1279 732 1406 794 τοὺς
1452 733 1607 796 θεοὺς
1647 736 1738 786 καὶ
1767 736 1835 789 τά

266 813 389 879 ίερά
425 816 505 875 είς
534 816 729 879 αὐτοὺς
764 820 1148 889 ὲπιπλήρωσον
1170 824 1235 891 τῇ
1268 822 1459 893 γνώμῃ
1490 824 1596 876 τῶν
1630 828 1835 893 παρόν-

262 918 368 952 των
406 904 744 974 πειθόμενος,
778 908 809 978 ἢ
838 909 979 980 ὑπὲρ
1032 906 1105 962 ὧν
1140 913 1466 982 ἐτόλμησας,
1515 916 1603 977 δὸς
1626 916 1723 987 τὴν
1754 934 1833 969 τι-

265 996 500 1064 μωρίαν.

333 1112 422 1176 (τ’.
455 1112 593 1179 Πρὸς
622 1114 793 1168 ταῦτα
850 1120 877 1169 ὀ
918 1120 1129 1188 μάρτυς
1181 1118 1367 1175 εἶπεν·
1414 1122 1570 1192 Ἐμοὶ
1605 1126 1702 1194 μὲν
1736 1126 1833 1195 ἡδὺ

260 1197 347 1268 ἦν,
390 1204 524 1271 μηδὲ
562 1206 655 1257 ἕνα
688 1207 719 1276 ἦ
753 1209 1007 1278 δεύτερον
1045 1212 1327 1282 όλισθῆσαι
1362 1216 1461 1284 τῆς
1505 1219 1832 1287 ἐπουρανίου

258 1294 534 1357 γνώσεως,
564 1296 625 1347 οὔ
655 1299 707 1349 τί
738 1316 799 1366 γε
827 1302 932 1369 μὴν
958 1301 1209 1355 τοσοῦτον
1246 1305 1474 1372 πλῆθος·
1533 1308 1722 1377 ἐπειδὴ
1776 1308 1833 1361 δὲ

258 1384 371 1449 6ρῶ
386 1387 512 1448 τοὺς
529 1389 756 1451 πολλοὺς
775 1394 1082 1461 μεμηνότας
1114 1397 1363 1458 ἀνοσίως.
1392 1399 1465 1467 μὴ
1491 1406 1716 1469 νομίσῃς
1741 1401 1833 1453 ἕνα

264 1493 330 1542 με
360 1479 562 1530 τούτων
600 1480 762 1543 εἶναι,
820 1485 1146 1551 Χριστιανὸν
1186 1488 1346 1541 ὄνταο
1393 1488 1505 1557 ἐγὼ
1538 1490 1647 1560 γὰρ
1687 1492 1833 1544 ἔνδον

257 1566 398 1635 ἔχων
429 1570 495 1620 τε
546 1572 878 1627 ἀποστολικά
918 1578 1378 1646 παραγγέλματα,
1439 1578 1650 1642 τούτοις
1696 1582 1832 1651 πρὸς

258 1659 505 1729 ὑπακοὴν
535 1664 828 1732 χρήσομαι.
858 1666 919 1717 Εί
945 1666 1002 1718 δὲ
1028 1670 1300 1737 τιμωρίαν
1324 1672 1414 1722 ἐπὶ
1440 1672 1651 1733 τούτοις
1667 1674 1834 1726 ἀπαι-

256 1752 391 1811 τεῖς.
430 1751 505 1820 μὴ
542 1753 773 1822 βράδυνε
797 1773 808 1784 ·
838 1758 900 1809 οὐ
925 1759 1032 1827 γὰρ
1064 1759 1151 1811 διὰ
1180 1762 1277 1828 τὴν
1304 1764 1670 1835 νομιζομένην
1698 1768 1831 1835 παρ’

1937 655 2029 694 ces
2056 640 2119 693 de
2151 641 2588 696 Christianismo.
2621 643 2731 696 Diis
2772 654 2950 697 autem
2997 644 3193 711 gratia,
3254 647 3343 711 qui
3398 663 3504 699 non

1938 732 2182 784 siverunt
2219 741 2270 785 te
2301 731 2486 794 latcre,
2520 748 2642 786 cum
2674 736 2787 787 hmc
2817 750 2979 787 ausus
3015 736 3202 787 fueris.
3236 737 3343 787 Aut
3376 752 3505 803 ergo

1940 835 2173 887 agnosce
2232 823 2380 884 deos,
2417 822 2659 889 etimple
2704 839 2891 877 eorum
2949 840 3125 885 sacra,
3177 838 3363 878 eorum
3413 828 3504 895 qui

1939 914 2157 974 adsunt,
2214 928 2409 979 parcus
2465 915 2915 967 sentcntitezaut
2966 916 3031 967 da
3087 930 3269 982 piBlluS
3293 931 3506 983 eorum,

1937 1014 2060 1067 qua:
2092 1014 2258 1053 ausus
2284 1016 2340 1054 es
2371 1001 2674 1062 admittere,

2009 1107 2071 1161 γι
2128 1111 2206 1163 Ad
2252 1112 2363 1163 haec
2406 1112 2540 1164 dixit
2590 1123 2795 1183 martyr
2829 1133 2841 1167 :
2873 1113 3000 1168 Mihi
3050 1116 3267 1182 quidem
3320 1116 3511 1172 fuisset

1931 1198 2254 1269 jucundum,
2295 1204 2498 1255 nulltun
2557 1204 2647 1257 hic
2680 1220 2800 1260 esse
2850 1206 3058 1272 lapsum
3114 1222 3143 1259 a
3178 1208 3385 1261 cmlesti
3417 1224 3508 1262 co-

1936 1291 2179 1360 gnitione
2203 1310 2308 1346 non
2340 1294 2510 1347 solum
2536 1304 2745 1348 tantam
2776 1298 3202 1351 tttullimdittettt.
3234 1297 3503 1363 Qumiiam

1935 1392 2111 1434 autem
2148 1384 2303 1437 video
2341 1387 2537 1438 multos
2568 1385 2728 1453 impie
2766 1387 3071 1448 insaniisse,
3116 1404 3182 1441 ne
3237 1400 3392 1455 putes
3423 1405 3509 1443 me

1936 1487 2054 1526 esse
2086 1489 2248 1526 unum
2286 1491 2350 1528 ex
2382 1477 2465 1529 his
2497 1492 2619 1529 cum
2654 1477 2754 1530 sim
2786 1477 3130 1531 Christianus
3155 1480 3177 1530 Υ
3200 1479 3309 1546 Ego
3337 1481 3503 1544 enim,

1933 1565 2024 1633 qui
2060 1565 2204 1618 intus
2266 1565 2437 1618 habeo
2483 1579 2747 1636 praecepta
2804 1569 3121 1637 apostolica,
3178 1570 3261 1623 his
3291 1585 3414 1622 utar
3441 1571 3506 1623 ad

1932 1654 2316 1709 obedientiam.
2355 1655 2452 1710 Sin
2508 1672 2686 1711 autem
2717 1674 2937 1728 propter
2974 1662 3088 1713 haec
3138 1676 3324 1729 ρωηειε
3359 1678 3387 1715 a
3424 1678 3509 1715 me

1877 1802 1881 1805 _
1934 1747 2128 1814 exigis,
2164 1762 2230 1801 ne
2260 1747 2498 1802 diﬂeras.
2535 1750 2646 1802 Non
2690 1752 2832 1803 cnim
2899 1762 3120 1820 propter
3152 1764 3503 1819 tormentum,

261 1840 389 1906 ὑμῖν
451 1841 761 1911 βαρυτάτην
828 1847 1059 1915 βάσανον
1097 1851 1425 1920 φυλάξομαι,
1483 1855 1617 1907 ἀλλά
1654 1858 1905 1936 πάντα’Β

1840 1872 1905 1936 .B
1934 1835 2075 1904 quod
2118 1853 2145 1888 a
2202 1838 2352 1890 vobis
2406 1839 2750 1891 existimatur
2794 1840 3194 1907 gravissimum,
3252 1842 3451 1894 cavebo
3489 1859 3502 1895 :

259 1931 556 1997 ὑπομένειν
610 1934 843 2002 ἑτοίμως
890 1939 1020 2007 ἔχω,
1074 1941 1215 2011 ὑπὲρ
1241 1941 1334 1995 τοῦ
1368 1946 1441 2014 μή
1498 1964 1619 1999 τινα
1644 1947 1825 2002 δοῦναι

262 2021 386 2072 καθ’
418 2023 573 2089 ἡμῶν
604 2024 680 2091 τῷ
714 2026 945 2096 διαϐόλῳ
977 2029 1178 2099 χώραν.
1213 2032 1275 2084 Εἰ
1330 2032 1386 2085 δὲ
1420 2035 1492 2102 μὴ
1536 2037 1732 2099 πάντες
1761 2039 1828 2091 τὰ

260 2115 399 2165 αιτά
424 2116 710 2181 φρονοῦσιν
765 2122 916 2188 ἡμῖν,
963 2124 1218 2191 ζησονται
1268 2124 1365 2193 τὴν
1405 2129 1659 2198 τοιαύτην
1683 2129 1828 2200 ζωὴν

260 2207 450 2271 μόνην.
489 2206 550 2259 ἸΙ
584 2209 691 2277 γὰρ
726 2211 993 2278 μέλλουσα
1028 2215 1140 2283 ζωὴ
1175 2216 1262 2268 διὰ
1292 2217 1397 2268 τῶν
1434 2222 1689 2274 τοιούτων
1714 2223 1824 2275 θλί-

254 2294 400 2361 ψεων
429 2302 796 2364 περιποιεῖται
824 2317 837 2331 ο
869 2302 1040 2365 οὕτως
1070 2307 1176 2376 γὰρ
1203 2308 1233 2373 ἡ
1266 2308 1455 2377 Γραφὴ
1507 2309 1675 2379 λέγει,
1708 2333 1827 2368 στε-

256 2387 352 2452 νὴν
399 2384 538 2440 εἶναι
571 2392 662 2442 καὶ
695 2394 1064 2464 τεθλιμμένην
1097 2400 1195 2467 τὴν
1229 2400 1343 2452 ὁδὸν
1383 2403 1480 2471 τὴν
1503 2406 1825 2473 ἀπάγουσαν

255 2480 332 2536 ei;
365 2478 458 2546 τὴν
486 2481 701 2534 αἰώνιον
724 2484 889 2552 ζωήν.
924 2487 982 2538 ’0
1006 2490 1304 2557 ἐπίτροπος
1332 2488 1485 2547 εἶπεν
1504 2513 1515 2525 ·
1551 2497 1614 2550 El
1642 2498 1823 2552 τοίνυν

254 2570 414 2631 αύτδς
459 2572 759 2639 ὁμολογεῖς,
799 2579 994 2647 στενὴν
1024 2576 1163 2633 εῖναι
1208 2583 1301 2636 καὶ
1325 2586 1690 2659 τεθλιμμένην
1722 2593 1823 2663 τὴν

255 2659 383 2726 παρ’
413 2661 540 2727 ὑμῖν
596 2666 735 2729 ὁδὸν,
770 2667 860 2719 ἐπὶ
894 2670 994 2739 τὴν
1042 2674 1319 2744 ἡμετέραν
1368 2677 1537 2730 οὖσαν
1560 2681 1822 2738 πλατεῖαν

253 2750 346 2799 καὶ
374 2748 620 2816 βελτίονα
665 2757 987 2827 μετάστηθι.
1034 2762 1091 2815 '0
1119 2763 1275 2830 ἅγιος
1313 2768 1465 2821 Λέων
1492 2765 1677 2823 εἶπεν·
1710 2778 1823 2848 Οὐχ

252 2840 422 2903 οὓτως
465 2843 603 2910 ἕιρην
637 2843 789 2904 εἶναι,
820 2852 1012 2923 στενὴν
1045 2856 1119 2918 ὡς
1177 2858 1251 2928 μὴ
1292 2866 1488 2930 χωρεῖν
1518 2868 1642 2930 τοὺς
1670 2870 1822 2939 βαδί-

253 2930 444 2993 ζοντας
465 2950 478 2963 ο
516 2936 701 2990 πολλοὶ
752 2942 860 3013 γάρ
884 2945 973 2995 ἐπὶ
1006 2949 1211 3018 ταύτην
1240 2953 1337 3023 τὴν
1358 2958 1650 3032 καλλίστην
1670 2930 1679 2939 Ι
1700 2966 1820 3020 όδὸν

252 3025 550 3093 ἐπέϐησαν,
586 3031 721 3083 ἀλλά
754 3035 914 3105 στενὴ
962 3039 1201 3107 εἴρηται,
1228 3045 1348 3113 ἥτις
1382 3051 1517 3115 μετά
1550 3068 1818 3123 στενοχω-

252 3115 394 3182 ρίας.
442 3122 536 3174 καὶ
585 3122 837 3192 θλίψεως,
866 3129 960 3180 καὶ
1007 3133 1275 3205 ἀνάγκης,
1323 3139 1416 3192 καὶ
1450 3115 1815 3213 διωγμοῦντοῦ

250 3208 389 3278 ἱπὲρ
417 3211 764 3287 δικαιοσύνης
802 3223 914 3283 τοῖς
941 3222 1084 3275 οὕτω
1116 3230 1563 3299 προστιθεμένοις
1598 3238 1815 3303 βαδίζε-

245 3316 331 3351 ται
358 3317 373 3332 ·
414 3304 525 3365 τοῖς
554 3307 662 3375 γὰρ
689 3315 1144 3382 προαιρουμένοις
1186 3319 1359 3373 ταῦτα
1388 3325 1417 3391 ἡ
1466 3327 1647 3392 πίστις
1677 3331 1814 3384 πλα-

244 3392 445 3462 τυτάτη
484 3396 757 3465 ὁδηγοῦσα
796 3405 851 3453 ὲν
875 3408 995 3467 ταῖς
1018 3406 1176 3471 ίδίαις
1206 3415 1429 3481 ἀρεταῖς
1450 3433 1464 3445 ’
1495 3420 1611 3483 πῶς
1630 3422 1686 3473 δὲ
1717 3425 1814 3478 οὐκ

242 3485 310 3536 ἂν
336 3489 612 3561 ἀποφήνῃ,
668 3498 767 3563 τὴν
799 3498 899 3565 μὲν
934 3503 1065 3571 παρ’
1121 3506 1257 3573 ἡμῖν
1283 3508 1589 3583 λεγομένην
1622 3519 1814 3589 στενὴν

242 3579 360 3631 ὁδὸν
391 3582 740 3657 πλατυτάτην
766 3594 846 3653 είς
894 3597 1169 3665 σωτηρίαν
1219 3597 1357 3653 εἷναι
1382 3621 1395 3669 ;
1432 3606 1619 3672 μαθὼν
1649 3610 1723 3673 ὡς
1748 3614 1812 3665 ὲκ

244 3670 480 3733 πίστεως
530 3676 649 3739 ἐνὸς
726 3685 1069 3753 προπάτορος
1127 3691 1381 3761 Ἀϐραὰμ
1434 3670 1811 3769 ἀναρίθμητον

244 3761 446 3829 πλῆθος
480 3768 536 3817 ἐι
574 3770 753 3823 πίστει
789 3773 1114 3837 δικαιοῦται.
1158 3781 1571 3853 ἀναπαυόμενον
1598 3789 1656 3842 ὲν
1701 3795 1814 3857 τοῖς

241 3853 461 3916 κόλποις
487 3859 651 3910 αὑτοῦ
679 3877 692 3891 ·
721 3863 819 3933 τὴν
846 3866 902 3917 δὲ
930 3868 1060 3938 παρ’
1094 3872 1222 3937 ὑμῖν
1252 3876 1510 3929 πλατεῖαν
1545 3881 1663 3933 ὁδὸν
1688 3899 1809 3935 στε-

240 3943 335 4013 νὴν
371 3941 512 3999 εἶναι
545 3952 685 4003 κατὰ
734 3956 993 4011 ἀπιστίαν
1042 3962 1138 4013 καὶ
1165 3964 1361 4035 ἀληθὲς
1386 3968 1541 4021 τοῦτο
1562 3987 1575 4000 ·
1609 3975 1665 4025 αί
1699 3974 1809 4045 γὰρ

240 4036 431 4102 ἀρεταὶ
492 4040 745 4112 διαφοραὶ
797 4050 890 4101 καὶ
938 4052 1188 4108 πλατεῖαι
1244 4062 1640 4129 τυγχάνουσαι,
1694 4036 1808 4131 τοῖς

237 4124 487 4195 ἀπείροις
520 4136 705 4185 στεναὶ
738 4140 834 4187 καὶ
868 4140 1059 4193 ἄϐατοι
1087 4145 1513 4219 καθεστήκασιν.

303 4216 377 4271 Z'.
412 4220 641 4275 Πλείονα
674 4221 767 4279 οὖν
798 4228 1181 4301 διαλεγομένου
1215 4237 1306 4289 τοῦ
1364 4241 1518 4307 ἁγίου
1580 4247 1807 4311 Λέοντος

236 4309 329 4359 καὶ
383 4311 619 4379 ἰσχυρῶς
672 4322 1063 4389 συνισταμένου
1096 4326 1173 4395 τῷ
1215 4332 1341 4399 περὶ
1373 4332 1802 4406 Χριστιανισμοῦ

233 4403 395 4470 λόγῳ,
424 4403 482 4455 τὸ
506 4406 613 4459 τῶν
644 4408 820 4462 ἀθέων
861 4413 1127 4469 Ἰουδαίων
1150 4427 1209 4470 τέ
1236 4423 1329 4474 καὶ
1367 4424 1642 4494 Ἑλλήνων
1667 4403 1803 4501 πλῆ-

233 4492 323 4554 θος
348 4495 565 4557 ἀνεϐόα,
602 4498 786 4561 ἀξιοῦν
819 4504 893 4573 μὴ
925 4513 1227 4578 συγχωρεῖν
1274 4514 1437 4568 αὐτὸν
1476 4492 1655 4573 λαλεῖν

230 4581 506 4649 βούλεται.
549 4588 607 4640 ’0
635 4588 727 4642 οὖν
762 4594 1057 4665 ἐπίτροπος
1093 4601 1228 4667 πρὸς
1256 4605 1326 4655 τὰ
1355 4608 1504 4676 παρὰ
1550 4611 1642 4664 τοῦ
1668 4614 1803 4685 πλήο

231 4676 357 4737 θους
385 4678 652 4775 εἰρημένα
704 4688 901 4755 φησίνο
971 4692 1110 4759 Ἐγὼ
1160 4696 1253 4746 καὶ
1284 4698 1443 4767 λόγου
1492 4676 1803 4775 παρρησίαν

228 4769 367 4829 τέως
402 4764 738 4845 μεταδίδωμι
781 4781 875 4832 καὶ
908 4784 1094 4855 κοινὴν
1139 4788 1324 4855 φιλίαν
1356 4764 1673 4866 *πειθομένιρ
1690 4801 1801 4860 τοῖς

228 4862 373 4924 θεοῖς
394 4864 786 4937 ὑπισχνοῦμαι.
831 4874 888 4925 '0
918 4874 975 4927 δὲ
1024 4877 1176 4944 ἆγιός
1207 4898 1374 4951 φησιν
1396 4900 1408 4915 ·
1452 4862 1653 4955 [σέίγμὲν⁷
1676 4891 1798 4944 ἐπι-

226 4952 453 5022 λέλησαι
484 4957 594 5009 τῶν
621 4960 772 5027 ἐμῶν
804 4962 998 5034 λόγων,
1030 4969 1309 5040 ὲπίτροπε,
1348 4976 1527 5039 καλῶς
1556 4983 1649 5035 καὶ
1677 4983 1796 5035 δεύ-

224 5062 387 5114 τερον
440 5052 678 5121 ἐρωτᾷς·
734 5057 782 5107 εί
819 5057 872 5109 δὲ
908 5061 1205 5132 μέμνησαι,
1262 5067 1371 5121 ἴσθι
1417 5071 1490 5134 ὡς
1537 5073 1637 5126 οὐκ
1682 5074 1796 5129 ἐστι

224 5141 450 5194 δανατὸν
478 5148 587 5207 τοῖς
636 5147 795 5214 φύσει
839 5150 913 5220 μὴ
944 5149 1064 5206 οὖσι
1097 5156 1237 5219 θεοῖς
1267 5161 1630 5217 συντίθεσθαι.
1673 5167 1795 5235 Ὀρ-

226 5233 392 5296 γξλως
415 5233 505 5286 οὖν
528 5236 792 5301 διατεθεὶς
817 5244 943 5309 περὶ
969 5244 1095 5306 τοὺς
1119 5245 1332 5314 λόγους,
1366 5250 1575 5303 κελεύει
1605 5254 1798 5320 μαστί-

231 5325 416 5389 ζεσθαι
449 5328 507 5379 τὸ
526 5330 703 5396 τίμιον
740 5333 898 5401 σῶμα
924 5335 1015 5388 τοῦ
1049 5338 1325 5409 μάρτυρος
1344 5359 1358 5374 ’
1382 5343 1456 5405 ὡς
1490 5344 1544 5395 δὲ
1576 5348 1635 5397 τὸ
1661 5347 1796 5415 πλῆ-

226 5418 315 5479 θος
341 5419 446 5470 τῶν
477 5420 701 5491 πληγῶν
736 5424 875 5494 ὑπὲρ
910 5428 1142 5496 ἀριθμὸν
1187 5426 1255 5502 ἦν
1283 5433 1315 5503 ἢ
1346 5436 1488 5487 κατά
1517 5438 1794 5509 ὑπομονὴν

226 5522 478 5574 σωματος
506 5511 870 5583 ἀνθρωπίνου,
906 5518 934 5568 ὁ
982 5522 1363 5588 γενναιότατος
1416 5527 1653 5598 ἀθλητὴς
1700 5532 1791 5584 τοῦ

227 5601 464 5667 Χριστοῦ
488 5606 623 5670 πρὸς
648 5608 798 5661 οὐδὲν
830 5611 937 5664 τῶν
969 5618 1357 5685 πραττομένων
1389 5620 1653 5676 διετίθετο
1674 5627 1791 5678 οὐδὲ

223 5688 327 5751 ἕως
356 5692 690 5761 βραχυτάτου
720 5703 1020 5771 στεναγμοῦ
1060 5706 1431 5778 φθεγξάμενος
1457 5728 1470 5742 ·
1500 5710 1642 5784 εἶχεν
1684 5717 1790 5789 γὰρ

278 5816 295 5842 ³
326 5812 509 5867 Matth.
545 5834 633 5871 vn.
674 5821 753 5872 14.

1934 1928 2027 1980 Sed
2054 1928 2235 1980 omnia
2260 1943 2376 1980 sum
2416 1941 2638 1997 paratus
2683 1932 2975 1993 sustinere,
3015 1945 3083 1983 nc
3115 1932 3234 1999 quis
3266 1934 3355 1984 det
3390 1933 3505 1984 dia-

1936 2018 2056 2071 bolo
2086 2019 2136 2071 in
2175 2033 2271 2071 nos
2306 2019 2481 2073 locum
2518 2022 2773 2089 aliquem.
2816 2023 2909 2073 Sin
2964 2038 3091 2075 vero
3136 2039 3244 2076 non
3314 2040 3504 2076 omnes

1936 2108 2122 2161 eadem
2164 2125 2281 2177 qua:
2306 2127 2401 2165 nos
2426 2114 2687 2177 sentiunt,
2720 2113 2831 2167 haec
2862 2113 2978 2167 sola
3013 2116 3121 2166 vita
3161 2116 3360 2166 vivunt.
3402 2114 3503 2165 Fu-

1931 2211 2046 2254 tura
2117 2207 2259 2256 enim
2294 2207 2397 2259 vita
2432 2207 2731 2273 acquiritur
2765 2220 2858 2273 per
2886 2208 2983 2261 has
3037 2206 3376 2262 afﬂictiones.
3413 2208 3503 2263 Sic

1928 2290 2074 2339 enim
2102 2292 2238 2341 dicit
2263 2291 2539 2358 Scriptura
2578 2295 2618 2357 ⁸,
2645 2302 2850 2346 arctam
2882 2307 3003 2347 esse
3034 2295 3176 2345 viam
3208 2309 3327 2362 quae
3353 2298 3502 2352 ducit

1929 2384 1992 2433 ad
2024 2381 2187 2435 vitam
2239 2394 2519 2438 aeternam.
2572 2386 2717 2440 Dixit
2772 2387 3063 2456 praefectus
3103 2406 3116 2440 :
3150 2389 3206 2443 Si
3269 2398 3320 2440 tu
3374 2405 3504 2456 ergo

1928 2468 2203 2522 confiteris
2227 2480 2429 2525 arctam
2454 2488 2574 2528 esse
2598 2475 2760 2541 viam,
2782 2492 2902 2545 quae
2920 2487 3003 2532 est
3021 2478 3160 2547 apud
3186 2494 3303 2543 vos,
3335 2488 3499 2533 trans:

1926 2558 1991 2611 ad
2047 2568 2312 2623 nostram,
2369 2579 2487 2631 quae
2520 2576 2603 2620 est
2655 2566 2758 2621 lata
2790 2578 2844 2622 et
2894 2570 3107 2624 melior.
3139 2569 3281 2624 Dixit
3321 2577 3498 2625 autem

1924 2659 2142 2702 sanctus
2178 2650 2335 2704 :Non
2379 2667 2496 2705 eam
2560 2655 2669 2710 dixi
2704 2672 2824 2711 esse
2874 2659 3007 2713 adeo
3057 2670 3263 2713 arctam
3311 2670 3499 2714 utnon

1924 2741 2097 2808 capiat
2129 2757 2224 2795 eos
2251 2745 2341 2811 qui
2374 2744 2458 2797 illa
2485 2746 2882 2814 ingrediuntur.
2905 2748 3053 2804 Multi
3079 2752 3221 2805 enim
3250 2752 3503 2821 pulcher-
3580 2806 3583 2809 γ

1925 2832 2113 2886 rimam
2148 2834 2287 2887 hanc
2316 2836 2454 2889 viam
2479 2849 2604 2891 sunt
2640 2838 2894 2908 ingressi.
2943 2841 3045 2895 Sed
3096 2842 3239 2896 dicta
3286 2850 3371 2897 est
3402 2858 3500 2896 an-

1922 2933 2237 2992 gusta.qu:e
2269 2943 2392 2980 cum
2435 2928 2745 2992 amictione,
2778 2933 3023 3000 angustia
3062 2943 3115 2987 et
3162 2935 3494 2990 necessitate

1920 3022 1973 3067 et
2006 3028 2103 3079 pro
2130 3012 2337 3080 justitia
2370 3019 2747 3084 persecutione
2778 3021 2947 3074 initur
2972 3021 3124 3076 abiis
3152 3023 3243 3091 qui
3279 3024 3346 3078 ad
3373 3040 3495 3076 eam

1922 3102 2207 3153 accedunt.
2247 3104 2317 3155 lis
2340 3118 2467 3157 vero
2494 3106 2580 3168 qui
2620 3122 2738 3161 eam
2763 3123 2858 3161 sua
2916 3118 3109 3177 sponte
3168 3112 3493 3180 suscipiunt,

1846 3206 1886 3263 ο
1924 3189 2055 3244 lides
2091 3201 2173 3244 est
2202 3192 2491 3261 latissima,
2525 3198 2800 3253 deducens
2842 3201 2907 3253 ad
2959 3202 3207 3269 proprias
3244 3204 3490 3258 virtutes.

1920 3280 2026 3333 Cur
2055 3296 2158 3333 non
2188 3290 2365 3336 autem
2402 3288 2739 3352 pronuntias.
2769 3290 2908 3343 viam
2936 3291 3176 3357 quidem,
3209 3307 3329 3357 qua:
3354 3295 3492 3361 apud

1921 3386 2016 3425 nos
2050 3372 2245 3426 dicitur
2288 3388 2541 3444 angusta,
2582 3394 2703 3433 esse
2735 3382 3055 3438 latissimam
3098 3386 3163 3438 ad
3204 3387 3434 3440 salutem
3476 3406 3489 3441 :

1919 3476 2039 3514 eum
2067 3464 2319 3518 didiceris
2345 3469 2485 3534 quod
2539 3485 2601 3523 ex
2652 3473 2757 3527 ﬁde
2807 3475 2965 3526 unius
3022 3477 3265 3545 parentis
3324 3481 3493 3531 nostri

1918 3551 2145 3606 Abraha:
2176 3556 2463 3612 multitudo
2485 3560 2898 3618 innumerabilis
2923 3565 3254 3632 justiﬁcatur
3278 3573 3327 3622 in
3355 3570 3483 3635 (ide,

1920 3645 2264 3712 requiescens
2318 3650 2371 3702 in
2400 3650 2515 3719 ejus
2549 3654 2669 3707 sinu
2700 3672 2712 3708 :
2750 3657 2893 3710 viam
2937 3674 3064 3713 vero
3089 3674 3208 3728 quae
3240 3670 3325 3714 est
3351 3665 3492 3730 apud

1919 3749 2014 3789 vos
2048 3736 2177 3801 lata,
2227 3753 2349 3794 esse
2396 3752 2679 3809 angustam
2733 3763 2829 3815 per
2892 3750 3492 3807 incredttlitateerlst

1914 3835 2093 3879 autem
2132 3830 2232 3883 hoc
2269 3846 2471 3888 verum.
2500 3835 2742 3893 Virtutes
2779 3842 2944 3903 enim,
2973 3857 3096 3896 cum
3126 3843 3236 3896 sint
3264 3844 3490 3898 diversa:

1912 3924 1967 3968 et
2007 3915 2147 3983 latae,
2185 3930 2310 3975 sunt
2346 3922 2614 3992 imperitis
2665 3940 2830 3984 arcta:
2861 3942 2918 3985 et
2951 3933 3263 3988 inaccessa).

1979 4277 2089 4331 Vll.
2124 4279 2247 4333 Haec
2292 4296 2421 4350 ergo
2468 4291 2523 4337 et
2577 4284 2662 4339 his
2726 4288 2878 4355 plura
2946 4300 3137 4346 sancto
3189 4293 3486 4353 disserente

1907 4363 2107 4431 Leone,
2136 4378 2189 4423 et
2239 4370 2639 4430 Christianismi
2697 4378 2958 4434 rationem
3016 4391 3235 4437 strenue
3284 4390 3487 4441 contir-

1908 4466 2110 4521 mante,
2138 4458 2424 4529 impiorum
2452 4459 2759 4518 Iudaeorum
2796 4476 2849 4521 et
2877 4469 3161 4537 gentilium
3208 4473 3483 4527 exclama-

1703 4523 1803 4631 εἶξα
1836 4527 1879 4582 ο
1909 4546 1985 4597 vit
2022 4546 2333 4616 innititudo,
2365 4565 2563 4618 rogans
2594 4567 2662 4608 ne
2709 4556 2758 4608 ei
2804 4560 3124 4613 concederet
3168 4560 3312 4628 loqui
3361 4577 3485 4631 qua:

1908 4638 2087 4691 vellet.
2123 4639 2262 4694 Dicit
2293 4652 2472 4696 autem
2505 4654 2826 4712 procurator
2853 4650 2920 4701 ad
2942 4664 3001 4702 ea
3031 4664 3149 4718 quae
3186 4652 3327 4706 dicta
3351 4664 3481 4708 sunt

1904 4745 1931 4782 ιι
1968 4731 2309 4787 multitudine
2344 4735 2498 4803 :Ego
2532 4752 2672 4790 nunc
2702 4738 2750 4791 ei
2770 4739 2837 4793 do
2874 4751 3192 4807 potestatem
3220 4745 3478 4814 loquendi

1904 4819 2090 4884 libere,
2132 4834 2182 4876 et
2217 4839 2561 4880 communem
2613 4828 2910 4884 amicitiam
2969 4833 3244 4901 polliceor,
3278 4839 3320 4890 si
3374 4840 3479 4891 diis

1900 4918 2106 4976 pareat.
2163 4910 2301 4964 Dixit
2339 4922 2517 4966 autem
2556 4912 2614 4971 S.
2659 4916 2765 4971 Leo
2803 4936 2817 4971 :
2851 4917 2906 4974 Si
2945 4936 3188 4975 meorum
3254 4925 3473 4993 quidem

1902 4998 2189 5053 verborum
2236 5000 2431 5057 oblitus
2490 5020 2571 5069 es,
2608 5021 2640 5061 ο
2686 5020 3024 5077 procurator,
3084 5022 3228 5067 recte
3279 5031 3468 5071 rursus

1902 5088 2220 5155 interrogas.
2255 5091 2309 5144 Si
2345 5109 2470 5148 vero
2495 5098 2965 5165 meministi,scias
2996 5103 3106 5155 lieri
3142 5120 3241 5156 non
3281 5120 3463 5172 posse,
3517 5158 3519 5161 .

1900 5182 2244 5233 utassentiar
2308 5184 2620 5239 adorandos
2654 5204 2774 5242 esse
2838 5192 2988 5255 deos,
3032 5194 3122 5259 qui
3169 5209 3275 5247 non
3335 5206 3467 5250 sunt

1900 5280 2111 5324 natura.
2150 5271 2299 5327 Tunc
2328 5276 2409 5329 his
2428 5278 2606 5331 verbis
2630 5279 2709 5331 ira
2736 5290 2934 5347 motus,
2955 5281 3105 5350 jubet
3132 5286 3263 5340 caedi
3287 5288 3469 5356 ﬂagris

1898 5363 2258 5413 venerandum
2296 5381 2493 5436 corpus
2525 5371 2800 5440 martyris.
2829 5372 2959 5428 Cum
2990 5386 3169 5431 autem
3223 5379 3467 5432 multitu-

1894 5450 1963 5503 do
1996 5450 2271 5519 plagarum
2300 5467 2443 5511 esset
2495 5459 2927 5528 innumerabilis,
2987 5476 3041 5520 et
3091 5468 3261 5534 major
3306 5483 3467 5537 quam

1897 5552 1953 5593 ut
1982 5543 2032 5595 id
2058 5546 2327 5601 susﬁnere
2367 5562 2547 5618 posset
2583 5552 2877 5607 humanum
2908 5572 3121 5626 corpus,
3144 5559 3468 5616 fortissimus

1895 5633 2090 5687 athleta
2123 5636 2325 5693 Christi
2370 5639 2497 5705 Leu,
2533 5644 2679 5697 nulla
2722 5660 2787 5700 ex
2822 5647 2884 5701 iis
2916 5663 3035 5715 qua:
3063 5650 3283 5716 ﬁebant,
3308 5653 3460 5718 quid-

1893 5724 2428 5797 quamaﬂicicbatur,
2461 5748 2525 5787 tte
2590 5735 2872 5791 minimum
2930 5740 3145 5807 quidem
3198 5742 3461 5799 emitteus
