4218 6482
677 429 814 494 1459

1899 431 2180 493 MENSIS
2218 430 2414 493 FEBB
2424 433 2732 497 UARIUS.

3797 431 3935 495 uso

672 546 987 613 suspirium,
1015 552 1182 600 totam
1205 546 1346 600 enim
1381 554 1617 600 mentem
1650 559 1804 600 suam
1834 555 1887 599 et
1917 546 2246 601 desiderium
2284 554 2323 608 Α

2386 548 2443 599 ὸν
2469 547 2634 601 πόθον
2662 548 2799 614 πρὸς
2831 547 2921 601 τὸν
2955 547 3185 619 Κύριον.
3218 543 3386 603 Εἶπεν
3416 544 3510 603 οὖν
3552 550 3580 602 6
3610 547 3933 617 ἑπίτροποςο

671 636 1025 690 convertebat
1052 638 1117 687 ad
1150 636 1457 690 Dominum.
1498 634 1720 690 Dicebat
1763 646 1942 690 autem
1982 650 2244 704 procura-

674 740 756 779 tor
788 744 800 778 :
830 727 995 778 Parva
1038 736 1184 790 sunt,
1214 742 1244 779 ο
1308 726 1439 792 Leo,
1499 728 1632 789 bare,
1663 729 1861 796 quibus
1909 726 2133 781 allectus
2164 741 2243 790 es,

675 826 962 880 iortneata,
991 817 1033 866 si
1058 818 1482 869 considerantur
1521 833 1641 869 cum
1674 817 1890 869 futuris.
1934 815 2009 870 De
2047 825 2246 870 (αξιοι-ο

673 908 803 961 mihi
828 922 975 974 pare,
1013 919 1061 958 et
1097 910 1200 961 diis
1245 908 1403 973 οιτον,
1439 924 1557 978 qua:
1586 920 1713 962 sunt
1777 908 1895 978 lege
1948 909 2247 963 constituta

673 1001 959 1055 sacriticia.
998 1001 1141 1054 Dixit
1175 1001 1230 1055 S.
1269 1001 1375 1054 Leo
1411 1023 1423 1055 :
1463 1000 1712 1071 Ojudex,
1756 1004 1897 1071 quod
1932 1018 2074 1071 saepe
2098 1004 2250 1070 prius

673 1091 805 1155 dixi,
840 1108 945 1144 non
977 1094 1236 1145 recusabo
1265 1109 1448 1147 rursus
1480 1094 1658 1147 dicere
1691 1109 1703 1147 :
1740 1093 1923 1161 Neque
1975 1095 2073 1148 bos
2124 1093 2246 1146 novi

673 1186 822 1247 deos,
868 1201 1044 1247 neque
1096 1202 1329 1253 unquam
1384 1185 1435 1237 in
1497 1186 1737 1237 animum
1782 1187 2033 1239 inducam
2067 1196 2123 1235 ut
2169 1186 2249 1240 eis

2356 640 2549 710 Μικρά
2598 640 2779 695 ταῦτα
2802 640 2872 694 τὰ
2898 642 3241 710 γεγενημένα
3282 658 3364 695 σοι
3393 640 3528 711 πρὸς
3561 641 3627 694 τά
3663 640 3934 708 μέλλοντα

2359 730 2760 802 βασανιστήρια
2783 750 2795 762 ·
2839 733 3094 801 πείσθητι
3115 732 3208 785 οὖν
3243 751 3331 803 μοι
3369 732 3465 785 καὶ
3494 732 3592 791 τὰς
3638 730 3936 800 νομιζομέ-

2358 839 2455 884 νας
2514 823 2705 883 θυσίας
2755 824 3092 894 προσένεγκε
3134 827 3247 887 τοῖς
3301 823 3461 886 θεοῖς.
3507 822 3564 875 '0
3595 825 3751 888 ἅγιος
3782 821 3939 873 Λέων

2359 907 2548 964 εἶπεν·
2597 914 2655 964 '0
2688 913 2897 980 φθάσας
2922 910 3075 967 εἷπον
3110 914 3394 977 πολλάκις,
3418 917 3591 967 εἰπεῖν
3635 915 3694 967 ob
3727 930 3933 980 παραι-

2357 1005 2616 1075 τήσομαι,
2669 1006 2749 1058 ὅτι
2782 1006 2907 1059 οὗτε
2936 1007 3092 1070 θεοὺς
3129 1004 3266 1071 οἶδα,
3303 1007 3427 1059 οὔτε
3458 1007 3617 1060 θύται
3651 1007 3932 1073 τολμήσω,

2359 1098 2514 1159 εἰδὼς
2543 1100 2611 1151 τά
2664 1100 3061 1170 χρησιμώτατα
3094 1100 3201 1153 τῶν
3247 1101 3419 1169 ἁγίων
3455 1101 3685 1171 Γραφῶν
3714 1114 3936 1167 erupui”

2362 1190 2454 1255 γέλ
2463 1209 2626 1259 ματα.

676 1283 1002 1341 saeritirem,
1033 1292 1090 1332 ut
1137 1280 1227 1347 qui
1268 1283 1433 1331 sciam
1480 1291 1749 1349 praecepta
1787 1296 2064 1334 sacrarunt
2104 1278 2532 1348 Scripturarnin.
2582 1288 2660 1340 Dii
2713 1288 2878 1353 enim,
2924 1288 3014 1356 qui
3047 1288 3242 1343 caelum
3286 1300 3340 1343 et
3390 1298 3589 1341 terram
3637 1301 3743 1339 non
3790 1283 3937 1338 fece-

679 1384 826 1431 mnt.
895 1383 1117 1440 pereant
1144 1388 1170 1424 a
1210 1372 1345 1425 facie
1384 1383 1542 1425 terrae
1570 1374 1609 1425 ³.

689 1512 699 1520 .
754 1462 883 1517 VIII.
920 1464 997 1518 Ad
1034 1467 1147 1517 bzec
1176 1463 1313 1517 dixit
1345 1474 1666 1530 procurator
1703 1480 1715 1516 :
1752 1464 1865 1517 lloc
1916 1465 2089 1517 solum
2127 1466 2253 1518 die:

681 1556 855 1624 Magni
908 1567 1036 1609 sunt
1081 1556 1175 1619 dii,
1203 1566 1256 1610 et
1310 1556 1628 1609 Iiberaberis
1667 1572 1692 1606 a
1752 1559 2057 1609 tormentis.
2090 1555 2259 1608 Pareo

681 1648 822 1698 enim
861 1647 983 1711 tibi,
1039 1643 1179 1697 tuam
1214 1648 1509 1711 respiciens
1560 1646 1835 1710 canitiem,
1871 1655 1919 1699 el
1956 1647 2119 1697 aliutn
2154 1647 2249 1698 Ita-

682 1739 853 1792 bilunt
880 1737 1149 1805 corporis.
1185 1735 1330 1788 Dixit
1362 1736 1421 1790 S.
1459 1735 1568 1790 Leo
1601 1753 1612 1788 :
1643 1734 1755 1788 Hoc
1790 1736 1903 1804 ipse
1925 1750 2143 1804 quoque
2176 1734 2260 1786 di-

686 1828 882 1885 xerim.
936 1840 1028 1879 eos
1074 1839 1259 1878 revera
1289 1839 1409 1877 esse
1444 1840 1667 1894 magnos
1701 1836 1753 1879 et
1797 1824 2018 1879 idoneos
2044 1825 2107 1878 ad
2139 1838 2261 1892 per-

682 1920 884 1971 dendas
916 1918 1123 1970 animas
1152 1932 1272 1985 quam
1296 1917 1425 1985 ipsis
1452 1922 1699 1971 credunt.
1729 1917 1873 1971 Dixit
1908 1919 1985 1971 ira
2024 1918 2262 1987 percitus
2295 1892 2335 1947 Β

686 2009 1252 2074 ιιι-ιιοιιτηιοτειιιιιιιιο
1311 2020 1359 2063 te
1412 2010 1554 2061 trahi
1618 2024 1711 2077 per
1764 2022 1968 2078 petras,
2003 2021 2257 2077 tauquam

688 2098 871 2152 furore
900 2110 1229 2168 correptum,
1264 2109 1315 2152 et
1347 2102 1423 2152 sic
1448 2102 1584 2154 mori
1616 2105 1828 2155 acerbe.
1855 2101 1996 2154 Dixit
2028 2100 2084 2152 Β.
2114 2099 2259 2153 Leo:

688 2193 873 2255 Quivis
944 2195 1131 2243 mortis
1192 2193 1383 2245 modus
1415 2204 1495 2245 est
1546 2193 1675 2244 mihi
1728 2193 1998 2261 jucttndus
2045 2201 2263 2261 propter

692 2303 914 2355 regnum
946 2288 1190 2341 cmleste.
1226 2287 1353 2340 Eant
1387 2288 1529 2339 enim
1560 2300 1695 2339 voco
1722 2287 1887 2339 vitam
1923 2297 1975 2339 et
2006 2287 2261 2345 salutem,

692 2394 831 2445 quae,
857 2387 1136 2445 postquam
1163 2379 1289 2430 hinc
1316 2392 1627 2442 excessero,
1660 2377 1808 2430 dabit
1839 2376 1966 2430 mihi
2026 2389 2081 2429 ttt
2106 2376 2255 2430 habi-

694 2481 799 2521 lem
851 2485 971 2521 cum
1025 2472 1230 2522 sanctis
1283 2469 1631 2539 martyribus.
1676 2468 1820 2521 Dixit
1882 2479 2253 2535 procurator:

693 2561 853 2624 Parc,
883 2578 915 2610 ιι
940 2561 1067 2627 Leo,
1095 2562 1275 2616 edicto
1308 2562 1718 2629 imperatorum,
1755 2570 1807 2613 et
1829 2562 1935 2624 dic,
1967 2560 2046 2612 Dii
2086 2574 2268 2612 serva-

697 2665 865 2716 tores,
910 2654 1167 2722 quoniam
1200 2668 1258 2706 es
1313 2654 1513 2719 alioqui
1574 2654 1683 2706 cito
1728 2652 1924 2705 acerbe
1950 2653 2266 2704 moriturus.

698 2743 843 2795 Dixit
878 2753 1053 2794 autem
1086 2741 1143 2795 S.
1184 2741 1289 2795 Leo
1335 2741 1423 2796 :0
1472 2743 1658 2812 judex,
1726 2742 1854 2793 tnilti
1910 2741 2114 2794 videris
2147 2755 2272 2795 esse

700 2835 852 2888 val-ie
877 2835 1199 2894 imbecillus,
1232 2836 1321 2902 qui
1354 2834 1525 2889 solum
1556 2834 1770 2888 assidue
1803 2833 1931 2885 tnibi
1966 2833 2141 2885 verbis
2168 2833 2271 2884 nti-

700 2927 863 2989 neris,
899 2936 1088 2990 pra-ter
1124 2928 1282 2979 verba
1344 2935 1522 2979 autem
1574 2926 1707 2979 nihil
1741 2924 1932 2979 facias.
1964 2924 2097 2976 Cum
2141 2938 2273 2977 vero

700 3025 919 3085 propter
948 3018 1059 3071 brec
1096 3017 1420 3071 seditionem
1464 3017 1725 3087 agitasset
1776 3016 2084 3078 multitudo,
2120 3014 2275 3068 valde

701 3110 1045 3177 perturbatus
1065 3122 1409 3179 procuratur,
1429 3110 1595 3180 jussit
1639 3120 1885 3163 sanctum
1911 3109 2130 3178 quidem
2155 3106 2272 3175 capi

705 3200 953 3268 pedibus.
993 3202 1130 3254 trabi
1162 3212 1341 3255 autem
1368 3202 1418 3255 in
1472 3211 1788 3265 torrentem,
1828 3202 1881 3253 in
1932 3216 1996 3254 eo
2032 3198 2275 3253 ultimum

707 3294 959 3344 daturum
992 3294 1338 3360 supplicium.

783 3383 871 3438 Ix.
906 3385 1037 3438 Cum
1083 3387 1264 3453 itaque
1287 3387 1615 3440 sententiam
1646 3387 2051 3455 pronuntiasset
2090 3399 2284 3452 procu-

708 3486 880 3535 rator.
917 3477 1097 3529 statim
1140 3478 1282 3530 servi
1317 3479 1525 3545 peccati
1555 3487 1609 3529 et
1667 3477 1903 3531 ministri
1938 3476 2281 3529 tenebrarum

711 3570 927 3619 beatum
960 3567 1194 3621 Leonem
1240 3580 1522 3623 traxerunt
1557 3570 1607 3623 in
1662 3579 1961 3622 torrentem
1992 3567 2284 3620 inhumane

711 3672 764 3712 ct
789 3662 1101 3715 crudeliter.
1137 3660 1288 3715 Tunc
1314 3662 1493 3716 sciens
1537 3677 1657 3715 esse
1705 3660 1982 3729 impletum
2013 3676 2166 3711 suum
2198 3660 2288 3709 de-

716 3756 994 3815 siderium.
1033 3758 1096 3806 ad
1129 3756 1292 3808 Deum
1345 3758 1609 3810 extollens
1654 3757 1862 3819 oculos,
1897 3758 1978 3808 sic
2012 3755 2172 3819 carpit
2205 3754 2284 3805 di-

714 3862 881 3899 rere:
921 3847 1146 3899 Domine
1172 3845 1295 3900 Jesu
1330 3847 1565 3911 Cbrisre,
1610 3863 1710 3914 ago
1748 3848 1840 3899 tibi
1897 3846 2097 3914 gratias
2146 3858 2288 3896 nunc

716 3954 763 3991 et
816 3942 864 3990 in
925 3941 1143 4003 saecula,
1173 3942 1313 4007 quod
1353 3957 1437 3993 tne
1479 3957 1582 3993 non
1641 3942 1729 3994 ditt
1767 3939 2113 4007 separaveris
2147 3954 2173 3989 a
2206 3936 2287 3989 la-

718 4028 863 4080 ninlo
896 4042 986 4080 tuo
1020 4028 1330 4096 Paregorio,
1376 4030 1467 4082 sed
1498 4030 1624 4082 mihi
1674 4030 1912 4083 Velocem
1944 4028 2285 4082 occasionem

717 4120 932 4172 dederis
987 4135 1108 4171 eum
1158 4121 1438 4187 sequendi.
1496 4121 1672 4173 Iactor
1704 4137 1830 4185 ergo
1868 4122 1933 4173 iis
1995 4134 2113 4187 qua!
2145 4118 2286 4171 facta

718 4220 843 4262 sunt
884 4227 897 4263 :
943 4225 1131 4277 nempe
1154 4211 1293 4275 quod
1323 4226 1415 4277 pro
1441 4212 1572 4262 meis
1612 4212 1881 4279 prioribus
1918 4211 2151 4278 peccatis
2205 4222 2293 4261 no-

720 4317 842 4353 vum
873 4302 1126 4355 viaticum
1159 4301 1367 4370 accipio
1397 4303 1740 4370 martyrium,
1776 4312 1828 4354 et
1855 4302 1995 4369 quod
2022 4303 2074 4353 in
2098 4315 2292 4353 manus

726 4393 1040 4460 angelorum
1084 4403 1295 4446 tuorum
1329 4409 1507 4447 meum
1541 4396 1693 4446 trado
1743 4394 2018 4461 spiritum,
2052 4394 2102 4446 in
2137 4402 2293 4445 mter-

724 4500 849 4534 nntu
916 4484 1051 4535 liber
1090 4484 1492 4537 conservandus
1549 4498 1578 4537 a
1642 4484 1849 4553 judicio
1896 4484 2289 4550 improborum.

2437 1471 2517 1526 II'.
2553 1473 2695 1543 Πρὸς
2734 1473 2906 1527 ταῦτα
2946 1476 2974 1526 6
2996 1474 3289 1546 ἐπίτροπος
3336 1468 3493 1525 εἶπεν
3518 1490 3532 1503 ·
3572 1473 3742 1524 Τοῦτο
3776 1471 3941 1540 μόνον

2364 1565 2508 1627 εἰπὲ,
2543 1565 2626 1616 ὃτι
2657 1564 2885 1632 μεγάλοι
2910 1566 2960 1617 οἱ
2987 1565 3124 1628 θεοὶ,
3148 1567 3242 1618 καὶ
3266 1565 3609 1619 ἀπαλλάττου
3640 1582 3651 1594 ·
3682 1564 3939 1633 φείδομαι

2363 1657 2472 1725 γάρ
2506 1673 2598 1709 σου
2630 1659 2729 1725 τήν
2762 1674 2819 1709 τε
2850 1656 3041 1709 πολιὰν
3080 1656 3235 1718 εἰδὼς
3267 1657 3361 1709 καὶ
3392 1658 3492 1724 τὴν
3522 1655 3827 1723 προσοῦσάν.
3859 1671 3943 1706 σοι

2363 1747 2465 1816 τήν
2496 1764 2553 1799 τε
2596 1748 2760 1816 ἄλλην
2788 1748 2881 1799 τοῦ
2908 1746 3162 1813 σώματος
3206 1746 3559 1801 κατάστασιν.
3604 1745 3745 1812 Πρὸς
3770 1740 3943 1794 ταῦτα

2367 1840 2395 1890 6
2429 1837 2584 1903 ἆγιος
2619 1838 2769 1890 Λέων
2794 1833 2947 1889 εἶπεν
2970 1852 2984 1865 ⁸
3049 1838 3223 1890 Τοῦτο
3277 1839 3343 1890 ἀν
3378 1837 3594 1905 εἴποιμι
3623 1837 3716 1887 καὶ
3752 1835 3943 1895 αὐτὸς,

2368 1928 2443 1989 ὡς
2470 1927 2686 1995 ἀληθῶς
2732 1926 2957 1995 μεγάλοι
2990 1926 3084 1979 καὶ
3135 1928 3313 1978 ἱκανοὶ
3332 1927 3511 1993 ψυχας
3536 1922 3797 1975 ἀπολέσαι
3825 1922 3946 1981 ταῖς

2372 2018 2760 2080 πιστευούσαις
2814 2020 3020 2078 αὐτοῖς.
3087 2016 3374 2084 eumn;
3434 2010 3529 2068 οὖν
3572 2016 3598 2066 6
3648 2013 3947 2079 ἐπίτροπος

2372 2105 2526 2163 εἶπεν
2552 2125 2564 2136 ·
2610 2109 2969 2175 Ἐλκυσθῆναί
2994 2125 3052 2161 σε
3089 2107 3410 2177 προστάττω
3438 2107 3577 2157 κατὰ
3611 2104 3829 2172 πετρῶν
3867 2101 3944 2163 ὡς

2379 2197 2661 2265 μεμηνότα
2682 2198 2774 2247 καὶ
2800 2194 2973 2258 οὕτως
2994 2196 3269 2249 τεθνάναι.
3298 2195 3446 2249 Καὶὸ
3473 2195 3741 2263 μακάριος
3770 2191 3943 2245 Λέων.

2386 2289 2559 2356 Ἐμοὶ.
2629 2293 2812 2355 φησιν,
2873 2288 3005 2355 ἡδὺς
3055 2292 3166 2351 πᾶς
3205 2287 3436 2340 θανάτου
3499 2287 3696 2355 τρόπος
3728 2285 3816 2336 διά
3846 2284 3951 2350 τὴν

2374 2378 2699 2445 ἐπουράνιον
2735 2377 3044 2445 βασιλείαν“
3076 2378 3281 2447 ταύτην
3320 2377 3429 2444 γὰρ
3461 2376 3607 2444 ζωὴν
3631 2375 3724 2425 καὶ
3763 2388 3941 2424 σωττ-

2376 2467 2501 2539 ρίαν
2532 2467 2702 2530 καλῶ,
2734 2468 2853 2536 ἥτις
2875 2468 2973 2537 τὴν
3001 2471 3310 2537 συνοίκησιν
3345 2470 3439 2537 τὴν
3470 2467 3609 2535 μετά
3638 2466 3748 2516 τῶν
3781 2466 3953 2531 ἁγίων

2379 2560 2516 2631 μετά
2548 2557 2645 2630 τὴν
2675 2560 2998 2628 ἀπαλλαγὴν
3018 2560 3118 2626 τὴν
3150 2559 3400 2612 ἐντεῦθεν
3428 2559 3703 2627 δωρεῖται.
3745 2558 3806 2609 '0
3834 2558 3954 2609 επί-

2377 2665 2578 2719 τροπος
2612 2645 2765 2703 εἶπεν
2786 2667 2799 2680 ·
2834 2650 3098 2719 Πεισθηθι
3133 2650 3210 2719 τῷ
3239 2652 3625 2718 προστάγματι
3670 2651 3765 2701 καὶ
3802 2650 3953 2715 λέγε,

2379 2744 2462 2795 ὃτι
2491 2741 2732 2809 σωτῆρες
2759 2743 2807 2792 οἱ
2837 2740 2972 2807 θεοὶ,
3011 2740 3045 2810 ἢ
3080 2740 3187 2794 ἴσθι
3219 2739 3346 2810 παρ’
3372 2738 3512 2792 αὐτὰ
3541 2738 3951 2806 τεθνηξόμενος.

2391 2834 2450 2887 ’0
2473 2835 2626 2896 ᾶγιος
2644 2834 2794 2887 Λέων
2816 2828 2968 2886 εἶπεν
2988 2849 3001 2862 ·
3042 2833 3180 2885 Πολύ
3213 2850 3304 2899 μοι
3324 2831 3504 2893 δοκεῖς
3536 2830 3803 2892 ἀσθενεῖν,
3832 2845 3959 2881 σνν-

2382 2928 2522 2996 εχῶς
2538 2945 2629 2997 μοι
2639 2926 2819 2993 λόγοις
2833 2925 3096 2988 ἀπειλῶν,
3119 2924 3251 2994 μηδὲ
3267 2924 3323 2977 δὲ
3340 2924 3513 2991 πέρας
3529 2922 3635 2975 τῶν
3655 2922 3827 2988 λόγων
3840 2920 3959 2972 δια-

2385 3020 2781 3089 πραττόμενος.
2816 3017 3215 3078 Στασιάσαντος
3245 3016 3302 3069 δὲ
3330 3016 3422 3067 ἔπι
3446 3013 3656 3075 τούτοις
3690 3012 3782 3065 τοῦ
3822 3013 3961 3079 πλή-

2387 3112 2534 3172 θους,
2579 3109 2874 3178 ταραχθεὶς
2909 3110 2936 3161 6
2970 3107 3288 3177 ἐπίτροπος,
3345 3105 3645 3176 ἐπέτρεψεν
3684 3103 3964 3172 λαμῦάνε-

2389 3203 2511 3255 σθαι
2549 3205 2647 3271 μὲν
2693 3202 2799 3254 τῶν
2830 3200 3007 3252 ποδῶν
3048 3202 3137 3251 τὸν
3172 3198 3350 3265 ἅγιον,
3380 3197 3634 3250 ἕλκεσθαι
3658 3194 3716 3246 δὲ
3748 3196 3839 3246 ἐπὶ
3872 3193 3966 3244 τὸν

2385 3295 2740 3364 χειμάρρουν,
2772 3295 2829 3345 ὲν
2859 3293 3035 3360 τούτῳ
3057 3291 3295 3343 δώσοντα
3319 3290 3420 3357 τὴν
3450 3287 3745 3354 τιμωρίαν.

2454 3386 2729 3446 ϐ’.Εὐθὺ;
2763 3384 2856 3437 οὖν
2908 3383 3338 3451 ἀποφηναμένου
3404 3381 3498 3433 τοῦ
3538 3380 3862 3448 ἐπιτρόπου,
3916 3381 3966 3428 οι

2384 3482 2480 3545 τῆς
2503 3480 2779 3548 ἁμαρτίας
2835 3476 3072 3529 διακόνοι
3103 3469 3285 3527 εἷλκον
3309 3475 3399 3527 τὸν
3456 3472 3728 3542 μακάριον
3758 3470 3967 3521 Λέοντα

2387 3573 2530 3625 κατὰ
2564 3571 2657 3625 τοῦ
2684 3571 2985 3640 χειμάρρου
3015 3569 3181 3639 ὠμῶς
3207 3569 3299 3621 καὶ
3319 3567 3566 3628 ἀνι).εῶς.
3592 3562 3971 3631 ιΙεπληρωμέ-

2389 3682 2479 3717 νου
2528 3663 2620 3716 οὖν
2653 3661 2818 3714 αὐτοῦ
2855 3660 2949 3713 τοῦ
3008 3662 3232 3723 σκόπου,
3280 3658 3567 3718 ἀνατείνας
3613 3658 3738 3717 τοὺς
3765 3655 3967 3721 ὀᾳθαλ-

2395 3759 2531 3824 μοὺς
2564 3754 2694 3822 πρὸς
2722 3755 2814 3806 τὸν
2839 3753 2993 3815 Θεὸν,
3029 3754 3233 3823 ἧρξατο
3260 3752 3441 3819 λέγειν
3464 3767 3477 3781 ·
3511 3749 3829 3818 Εὑχαριςτῶ
3860 3764 3967 3811 σοι,

2392 3850 2570 3917 Πάτερ
2600 3846 2691 3899 τοῦ
2718 3846 2983 3914 Χριστοῦ,
3014 3846 3071 3906 6;
3099 3847 3189 3897 ἐπὶ
3217 3846 3351 3896 πολὺ
3393 3845 3454 3896 οὐ
3490 3842 3831 3909 διεχώρησας
3867 3841 3971 3909 ὲμέ

2389 3958 2447 3993 τε
2476 3941 2569 3991 καὶ
2595 3939 2684 3990 τὸν
2712 3939 2933 4004 οίκέτην
2973 3937 3063 3989 τὸν
3098 3936 3187 3989 σὺν
3232 3936 3597 4005 Ιιαρηγόρευν,
3628 3933 3741 3983 ἀλλ’
3780 3935 3972 4000 ἐτάχυ-

2392 4035 2485 4094 νάς
2527 4049 2617 4101 μοι
2648 4031 3031 4098 δωρησάμενος
3078 4030 3350 4098 πρόφασιν
3380 4028 3738 4093 ἀκολουθῆσαι
3797 4026 3967 4093 αὐτῷ.

2393 4125 2584 4193 Χαίρω
2606 4126 2785 4175 τοίνυν
2811 4124 2901 4173 ἐπὶ
2926 4123 3037 4183 τοῖς
3064 4123 3394 4189 γενομένοις,
3421 4120 3502 4171 ὅτι
3542 4122 3663 4171 ἀντὶ
3697 4118 3807 4170 τῶν
3838 4134 3974 4185 προ-

2394 4219 2568 4285 τέρων
2596 4233 2697 4284 μου
2729 4215 3148 4283 ἁμαρτημάτων
3179 4215 3390 4279 ἐφόδιον
3440 4212 3621 4263 ἱκανὸν
3671 4210 3973 4279 κομίζομαι

2394 4306 2454 4358 τὸ
2492 4306 2792 4375 μαρτύριον
2815 4306 2907 4356 καὶ
2931 4306 3011 4356 ὅτι
3044 4306 3122 4365 εἰς
3168 4306 3354 4372 χεῖρας
3386 4303 3635 4369 ἀγγέλων
3668 4318 3761 4352 σου
3792 4318 3972 4369 παρα-

2397 4397 2589 4467 τίθημι
2617 4398 2678 4450 τὸ
2711 4397 2930 4465 πνεῦμά
2965 4413 3088 4464 μου,
3125 4395 3411 4464 ἐλεύθερος
3442 4395 3521 4456 εις
3552 4394 3642 4445 τὸν
3674 4393 3849 4444 αἰῶνα
3876 4392 3977 4457 τῆς

2396 4490 2504 4542 τῶν
2562 4489 2779 4540 ἀτόπων
2832 4488 3064 4553 κρίσεως
3122 4485 3621 4555 φυλαχθησόμενος.
3675 4483 3841 4549 Ύπὲί.
3882 4478 3976 4533 οὖν

723 4579 896 4644 Atque
940 4590 1034 4640 pro
1076 4575 1139 4628 iis
1172 4575 1387 4639 quidem
1424 4590 1543 4643 qum
1572 4576 1624 4629 in
1657 4590 1739 4626 tne
1780 4575 1932 4638 liunt,
1962 4583 2079 4628 esto
2114 4575 2180 4627 iis
2203 4575 2289 4641 qui
2320 4575 2335 4637 ]

2401 4579 2509 4631 τῶν
2533 4578 2654 4631 κατ’
2681 4577 2781 4643 ἐμὲ
2804 4576 3096 4644 δρωμένων
3118 4573 3276 4639 γενοῦ
3319 4573 3415 4641 μὲν
3447 4572 3587 4631 ἵλεος
3616 4571 3727 4629 τοῖς
3761 4566 3977 4633 τολμῶ-

723 4668 838 4719 ausi
866 4677 988 4719 sunt
1019 4668 1285 4735 propitius
1316 4687 1328 4721 :
1362 4669 1440 4721 eis
1474 4677 1649 4720 autem
1682 4667 1936 4729 concede,
1972 4678 2027 4717 ιιι
2051 4677 2101 4719 te
2123 4682 2294 4733 agno-

724 4766 875 4807 scant
911 4755 1073 4807 Deum
1102 4758 1474 4809 universorum
1503 4774 1515 4808 ε
1550 4757 1803 4825 quoniam
1827 4772 1931 4806 non
1957 4756 2035 4807 vis
2063 4754 2294 4822 aliquem

727 4847 925 4912 perite,
956 4847 1047 4898 sed
1103 4862 1290 4900 omnes
1321 4862 1441 4902 esse
1477 4848 1654 4899 salvos
1685 4856 1737 4897 et
1769 4848 1949 4898 venire
2001 4845 2064 4898 ad
2122 4844 2289 4913 pinni-

727 4937 973 4989 tentiam.
1023 4936 1159 5001 Quin
1203 4939 1363 4992 etiam
1405 4937 1626 4990 cuilibet
1682 4938 1770 5006 qui
1830 4939 2043 4990 invocat
2100 4949 2295 4989 nomen

730 5045 926 5087 meum,
988 5031 1255 5092 condona,
1287 5029 1528 5092 Domine,
1562 5044 1655 5080 sua
1709 5036 1949 5093 peccata,
1994 5037 2048 5079 et
2094 5028 2295 5081 colloca

730 5117 987 5179 rum,ubi
1021 5119 1196 5169 videat
1242 5118 1410 5170 lucem
1456 5116 1630 5170 vultus
1675 5119 1773 5179 tui,
1839 5118 2090 5184 quoniam
2153 5128 2204 5169 tu
2241 5130 2297 5169 es

736 5208 873 5259 Dens
914 5210 1059 5260 solus
1104 5211 1306 5277 patiens
1364 5221 1416 5263 et
1467 5210 1646 5264 multa:
1698 5210 2103 5271 inrisericordim,
2137 5219 2189 5261 et
2250 5221 2298 5262 te

734 5300 882 5350 εἶμι-ιιι
920 5300 1089 5366 gloria
1117 5302 1167 5352 in
1202 5306 1391 5355 sa‘rnla
1430 5304 1769 5355 saeculorum.
1806 5304 1972 5353 Amen
2005 5301 2105 5369 (I).

811 5393 871 5448 Χ.
907 5393 1191 5458 l'ostquam
1247 5394 1408 5446 Amen
1460 5394 1644 5447 stricta
1708 5409 1836 5445 voce
1874 5394 2303 5459 pronuntiaSScel,

738 5491 983 5552 spiritum
1012 5489 1224 5540 ΙῖιιιιΙιοιιι
1255 5490 1535 5558 expulsum
1573 5489 1796 5543 Domino
1822 5500 1971 5558 grato
2006 5490 2183 5541 animo
2218 5504 2305 5541 ιίιο

826 5623 842 5650 ³
869 5622 975 5674 Jt‘l‘.
1020 5640 1069 5682 λ,
1125 5624 1199 5676 ll.

2406 4688 2490 4724 σιν
2512 4687 2525 4701 ο
2556 4670 2779 4738 χάρισαι
2809 4668 2864 4719 δὲ
2901 4668 3084 4727 αὐτοῖς
3123 4664 3422 4731 ἐπιγνῶναί
3480 4679 3537 4714 σε
3570 4662 3659 4712 τὸν
3693 4660 3804 4710 τῶν
3841 4659 3979 4712 ὅλων

2403 4762 2535 4813 Θεὸν
2561 4777 2575 4791 ο
2612 4762 2674 4812 σὺ
2700 4761 2809 4827 γὰρ
2838 4752 2887 4808 εἷ
2924 4755 3139 4824 άληθῶς
3160 4757 3188 4807 6
3224 4754 3296 4823 μὴ
3330 4753 3652 4820 βουλόμενος
3686 4749 3778 4801 τὸν
3814 4748 3979 4800 θάνα-

2402 4869 2494 4905 τον
2541 4849 2634 4903 τοῦ
2671 4846 3026 4917 ἀμαρτωλοῦ,
3054 4846 3129 4907 ὼς
3169 4845 3268 4912 τὴν
3325 4844 3615 4912 μετάνοιαν
3642 4857 3653 4869 ·
3689 4838 3717 4892 ὃ
3750 4843 3845 4893 καὶ
3880 4837 3977 4889 τοῦ

2405 4945 2609 5007 πάθους
2646 4941 2802 5012 ἡμῶν
2841 4942 3037 4995 ἄπονον
3067 4941 3163 5009 τὴν
3194 4937 3471 5006 ὑπομονὴν
3498 4935 3889 5003 χαρισάμενος,
3923 4934 3979 4984 ὲν

2406 5036 2628 5105 Χριστῷ
2668 5033 2841 5103 Ἰησοῦ
2869 5033 2946 5099 τῷ
2975 5034 3163 5099 Κυρίῳ
3189 5030 3365 5099 ἡμῶν,
3398 5028 3513 5095 μεθ’
3544 5020 3602 5078 οὗ
3630 5025 3707 5094 τῷ
3741 5026 3915 5093 Πατρὶ
3951 5028 3983 5093 ἡ

2405 5128 2530 5193 δόξα
2563 5128 2653 5178 καὶ
2692 5126 2751 5178 τὸ
2783 5126 2983 5195 κράτος
3009 5127 3084 5185 εἰς
3116 5124 3243 5184 τοὺς
3269 5122 3497 5183 αἰῶνας.
3548 5120 3744 5188 Ἀμήν.

2479 5393 2534 5443 l'.
2578 5392 2663 5451 Ὠς
2696 5391 2749 5441 δὲ
2784 5392 2863 5451 τὸ,
2915 5392 3119 5459 Ἀμὴν,
3156 5390 3293 5459 μετὰ
3318 5390 3518 5458 πολλῆς
3555 5387 3866 5455 προθυμίας
3894 5403 3989 5437 κε-

2411 5480 2628 5547 κραγὼς
2661 5480 2999 5549 ἀνέπεμψεν,
3044 5480 3160 5549 μετ’
3189 5481 3539 5550 εὐχαριστίας
3564 5480 3624 5531 τὸ
3649 5474 3867 5545 πνεῦμα
3905 5476 3988 5544 τῷ

818 5762 890 5812 ιἰι
931 5760 1219 5841 svum-otia
1246 5781 1413 5828 usque
1441 5764 1504 5816 ad
1538 5764 1692 5841 l'iuem
1723 5763 1977 5817 omiserat
2018 5761 2284 5827 interpres
2342 5756 2480 5827 apud
2515 5756 2753 5811 Surium.
2793 5756 3166 5825 Supplevitnus
3200 5768 3261 5809 ex
3306 5754 3749 5823 interpretatione
3798 5762 3984 5807 nostra

754 5834 901 5889 Ιυιτ.
943 5832 1106 5885 l'ttn,
