4218 6482
260 424 396 491 ίιϐί

1259 417 1436 481 ἮΤΑ
1479 418 1584 476 SS.
1629 416 1905 478 LEONIS
1936 419 2032 479 ΕΤ
2064 421 2519 483 PAREGORII.

3378 419 3514 483 “62

246 536 438 605 Κυρίῳ
469 530 788 600 παρέδωκεν
813 543 825 558 ·
862 530 913 582 οί
938 528 994 581 δὲ
1032 528 1130 597 τῆς
1160 526 1393 597 ἀνομίας
1424 525 1694 595 ὑπηρέται
1731 525 1823 578 ἐπί

1941 529 2106 584 misit.
2135 529 2272 583 Tum
2306 531 2611 599 iniquitatis
2642 530 2781 584 servi
2832 533 3003 586 sancti
3042 532 3305 601 reliquias
3346 548 3397 585 tu
3434 551 3519 587 ru-

244 642 389 687 τινος
439 621 877 692 ἀνακομίσαντες
930 618 1134 689 ὑψηλοῦ
1176 618 1325 671 λίθου
1350 618 1412 671 τδ
1453 617 1705 686 λείψανον
1733 618 1828 671 τοῦ

247 717 429 782 ἁγίου,
492 712 669 774 οὕτως
726 713 921 780 ἀφιᾶσι
975 712 1117 764 κατὰ
1162 711 1263 780 τῆς
1326 709 1645 780 φάραγγος’
1679 709 1741 761 τὸ
1773 710 1829 761 δὲ

248 807 410 876 σῶμα
439 802 768 873 κατενεχθὲν
800 801 1042 871 οὐδαμοῦ
1090 801 1422 871 διεσπάσθη,
1442 800 1561 855 ἀλλ’
1591 799 1625 869 ἢ
1656 799 1832 862 οὕτως

246 900 468 969 ἡρέμως
529 893 841 964 κατηνέχθη
868 910 880 922 ·
928 893 1107 957 ἔδοξεν
1157 893 1213 946 δὲ
1254 894 1317 945 ὲκ
1343 893 1443 964 τῆς
1484 893 1832 965 τραχύτητος

249 992 494 1059 ξέσματα
553 986 855 1057 λαμϐάνειν
911 984 1089 1053 ὀλίγα.
1173 984 1234 1036 ’0
1289 985 1402 1055 μὲν,
1447 987 1830 1053 γενναιότατος

247 1081 403 1134 Λέων
426 1079 601 1146 τούτῳ
635 1076 714 1146 τῷ
740 1076 928 1147 τρόπῳ
960 1075 1057 1129 τοῦ
1086 1074 1335 1127 διαϐόλου
1384 1078 1686 1147 κρατήσας,
1720 1076 1831 1129 τῶν

247 1169 489 1234 ἐπαξίων
537 1168 819 1236 στεφάνων
860 1167 1113 1236 ἠξίωται.
1164 1166 1383 1236 Ἐπειδὴ
1430 1166 1487 1219 δὲ
1528 1166 1736 1220 δίκαιον
1762 1164 1830 1238 ἦν

246 1266 346 1337 τὴν
371 1265 477 1317 τῶν
503 1264 892 1333 γεγενημένων
920 1259 1327 1329 μεγαλουργίαν
1356 1260 1435 1322 είς
1469 1260 1604 1313 ίδίαν
1628 1261 1832 1328 φυλάτ-

248 1358 439 1409 τεσθαι
474 1354 633 1418 δόξαν
684 1354 782 1407 καὶ
818 1354 917 1422 τὴν
947 1352 1057 1404 τῶν
1121 1351 1454 1421 εὐεργεσιῶν
1491 1351 1715 1421 μνήμην
1750 1353 1831 1414 είς

246 1447 470 1515 ελεγχον
506 1446 613 1497 τῶν
640 1442 1050 1513 γεγενημένων,
1090 1441 1252 1510 μέχρι
1287 1438 1381 1492 τοῦ
1414 1439 1510 1493 νῦν
1544 1442 1777 1505 σώζεται
1803 1444 1831 1493 ὀ

246 1538 433 1597 τόπος.
468 1536 647 1589 Ὅπου
690 1536 801 1603 γὰρ
849 1533 912 1585 τὸ
947 1532 1106 1600 σῶμα
1158 1528 1466 1603 κατηνέχθη
1519 1531 1613 1583 τοῦ
1650 1532 1828 1599 ἁγίου,

250 1628 582 1699 κρημνώδης
612 1643 695 1689 τις
725 1628 817 1679 καὶ
857 1624 1059 1687 ἄϐατος
1090 1626 1360 1693 πρότερον
1399 1622 1497 1686 ὢν,
1529 1622 1605 1683 ὡς
1640 1623 1733 1674 καὶ
1766 1624 1831 1673 ἐκ

250 1724 417 1791 μόνης
448 1719 546 1787 τῆς
573 1718 700 1781 θέας
729 1716 977 1769 κίνδυνον
998 1715 1266 1778 ἀπειλεῖν,
1302 1712 1397 1766 νῦν
1431 1712 1715 1775 ἀκίνδυνος
1738 1713 1832 1764 καὶ

244 1812 495 1880 ἀσφαλὴς
557 1811 652 1863 ἀπ’
707 1810 917 1862 ἐκείνου
978 1811 1225 1877 γέγονεν.
1280 1805 1549 1869 Πολλάκις
1591 1806 1699 1877 γὰρ
1732 1806 1829 1858 καὶ⁹

1941 636 2060 689 pem
2098 621 2346 676 sublatas
2369 635 2431 675 cx
2462 620 2573 675 alto
2605 621 2660 673 in
2720 622 3019 675 convallem
3055 624 3398 691 dejecertmt,
3445 623 3515 674 ita

1938 722 2117 765 tamen
2152 722 2206 764 ut
2249 728 2447 781 corpus
2501 714 2695 767 leviter
2741 713 2885 765 inter
2932 714 3234 767 cadendum
3278 715 3513 777 allisum,

1934 814 2129 859 caetero
2163 805 2384 858 illaesum
2413 806 2704 859 videretur.
2742 805 2833 859 Sic
2864 805 2993 869 Leo,
3038 805 3123 859 vir
3146 806 3516 860 nobilissimus

1935 896 2148 952 diabolo
2188 906 2464 965 superato,
2513 897 2730 951 coronis
2780 911 2916 965 quas
2959 897 3162 966 optime
3220 908 3511 961 meruerat,

1932 998 2015 1040 est
2048 999 2291 1043 ornatus.
2319 989 2451 1055 Quia
2490 1000 2668 1043 autem
2698 988 2827 1043 illud
2857 990 3077 1050 factum,
3112 990 3253 1057 quod
3286 989 3353 1043 ad
3388 1004 3514 1056 per-

1932 1089 2151 1148 petuam
2189 1080 2266 1133 rei
2310 1082 2627 1135 memoriam
2668 1090 3006 1143 servaretur,
3058 1080 3279 1148 dignum
3344 1091 3509 1143 esset,

1935 1172 2084 1225 locus
2152 1171 2294 1233 iste,
2363 1182 2664 1238 prmruptus
2718 1179 2773 1225 et
2840 1170 3152 1225 inaccessas
3224 1180 3512 1239 antequam

1934 1262 2111 1317 sancti
2140 1278 2338 1331 corpus
2365 1264 2648 1332 tetigisset,
2683 1262 2970 1317 ltodiedunt
3006 1263 3147 1317 lenis
3212 1274 3267 1318 et
3290 1264 3514 1333 pervius

1936 1354 2199 1407 cernitur.
2232 1351 2386 1421 Saepe
2433 1353 2578 1407 enim
2635 1354 2832 1421 saepius
2878 1354 2980 1406 viri
3014 1353 3515 1422 mulieresque,ju-

1934 1453 2115 1497 menta
2162 1457 2380 1511 queque
2428 1442 2479 1495 in
2519 1444 2680 1496 istum
2712 1444 3026 1511 voraginem
3066 1445 3182 1498 sine
3209 1444 3396 1499 dolore
3424 1452 3517 1496 aut

1934 1532 2158 1585 vulnere
2185 1531 2398 1601 delapsa
2435 1533 2742 1587 referuntur
2762 1552 2775 1598 ;
2798 1536 2906 1588 imo
2934 1535 3058 1605 equi
3086 1536 3360 1604 quondam
3386 1549 3514 1588 cur-

1936 1625 2023 1679 rui
2043 1623 2215 1691 juncti
2240 1641 2361 1679 cum
2392 1640 2523 1680 casu
2557 1624 2706 1680 fatali
2727 1626 2922 1683 eodem
2954 1628 3159 1696 delapsi
3187 1637 3395 1691 essent,
3428 1627 3515 1681 in-

1939 1717 2181 1771 columes
2206 1732 2269 1771 ac
2300 1717 2434 1771 salvi
2467 1718 2591 1770 inde
2617 1726 2936 1771 evaserunt.
2966 1716 3250 1771 Postremo
3284 1715 3516 1770 fratrum

1936 1808 2310 1876 benignissimi
2332 1810 2511 1862 sancti
2533 1809 2789 1877 martyris
2806 1823 3005 1878 corpus
3022 1810 3310 1877 diligenter
3328 1814 3481 1862 sustu
3494 1836 3514 1847 -

246 1906 442 1973 ἄνδρες
473 1904 565 1957 καὶ
598 1904 855 1971 γυναῖκες
888 1901 983 1954 καὶ
1034 1900 1201 1971 ἕτερά
1245 1917 1369 1953 τινα
1422 1898 1537 1963 ζῶα
1595 1898 1826 1967 ἀστοχή-

1933 1897 2134 1962 lerunt,
2162 1909 2216 1952 et
2252 1898 2458 1952 vultum
2501 1900 2654 1968 quasi
2700 1900 2961 1953 ridentem
3022 1900 3270 1954 videntes
3326 1897 3511 1951 mirati

249 2013 419 2049 σαντα
469 1996 565 2064 τῆς
618 1992 741 2046 ὁδοῦ
792 1991 912 2046 κατ’
945 1994 1154 2046 ἐκεῖνον
1201 1990 1416 2071 ἠνέχθη.
1436 1990 1527 2043 τὸν
1557 1989 1828 2059 κρημνὸν,

1932 1998 2102 2055 sunt;
2132 1991 2397 2059 reliquum
2436 2006 2670 2059 namque
2698 2006 2896 2058 corpus
2931 1992 3100 2045 rubro
3129 1990 3311 2044 colore
3348 1988 3517 2042 ευσε-

248 2092 342 2143 καὶ
378 2091 498 2143 οὐδὲ
526 2090 662 2158 πρὸς
691 2091 751 2141 τὸ
790 2085 1130 2157 βραχύτατον
1156 2085 1387 2156 ᾔσθοντο
1415 2084 1601 2149 πόνου,
1647 2083 1741 2135 καὶ
1770 2080 1830 2134 τὸ

1933 2092 2079 2137 ctum
2111 2093 2366 2151 tanquam
2389 2097 2420 2136 e
2446 2083 2743 2136 certamine
2762 2081 2900 2135 duro
2926 2083 3189 2152 prodiisse
3206 2082 3512 2136 videbatur.

246 2183 310 2252 δὴ
345 2183 600 2249 μέγιστον
648 2181 837 2250 ὅχημά
886 2194 1017 2232 ποτε
1052 2179 1149 2232 σὺν
1205 2178 1320 2241 τοῖς
1353 2176 1573 2229 ἕλκουσι
1605 2176 1828 2241 κτήνεσι

1933 2175 2223 2243 Postquam
2280 2174 2475 2239 deinde
2533 2188 2737 2242 corpus
2784 2189 2924 2241 aqua
2976 2174 3212 2227 lavatum
3255 2172 3516 2226 decenter

248 2270 597 2341 κατενεχθὲν,
640 2270 843 2333 παντὸς
894 2269 1230 2339 ἀπείραστον
1279 2266 1527 2320 κινδύνου
1558 2264 1830 2334 διαμεμέ-

1939 2256 2341 2327 iultumasséit't,
2412 2264 2620 2321 reversi
2670 2268 2818 2329 sunt,
2854 2260 3028 2331 Deum
3215 2261 3513 2331 gratiarum

249 2380 415 2431 νηκεν
470 2363 565 2415 καὶ
616 2365 643 2415 ό
692 2362 792 2429 μὲν
843 2362 1009 2424 τόπος
1061 2359 1268 2430 ταύτην
1312 2356 1683 2427 ἀπεκληρώθη
1731 2355 1830 2419 τὴν

1941 2356 2250 2409 actionibus
2275 2354 2643 2424 gloriﬁcantes
2674 2364 2726 2409 et
2745 2355 3117 2424 supplicantes
3143 2348 3199 2407 ut
3224 2351 3354 2421 ipsis
3378 2366 3515 2421 quo-

250 2454 592 2521 εὐεργεσίαν.
648 2454 713 2505 Οἱ
744 2453 800 2505 δὲ
831 2452 1225 2505 εὐλαϐέστατοι
1269 2450 1379 2502 τῶν
1408 2444 1657 2513 ἀδελφῶν
1690 2443 1828 2513 μετὰ

1938 2462 2043 2515 que
2077 2462 2195 2499 sors
2232 2454 2286 2498 et
2313 2446 2567 2500 tlormitio
2593 2445 2787 2501 similis
2815 2446 3168 2508 tribueretur,
3202 2446 3257 2497 in
3292 2442 3514 2497 nomine

250 2544 491 2613 σπουδῆς
522 2543 840 2612 ἀνελόμενοι
873 2543 935 2595 τὸ
958 2541 1125 2612 σῶμα
1154 2540 1247 2593 τοῦ
1281 2537 1585 2607 ἀγιωτάτου
1616 2536 1827 2605 μάρτυ-

1937 2538 2111 2605 Patrjs
2140 2547 2193 2589 et
2224 2536 2344 2591 Filii
2393 2547 2450 2591 et
2473 2537 2707 2606 Spiritus
2741 2538 2940 2600 sancti,
2970 2536 3059 2591 cui
3093 2535 3263 2605 gloria
3308 2545 3364 2590 et
3412 2550 3513 2605 po-

256 2650 369 2702 ρος,
395 2632 707 2702 ἐθαύμαζον
733 2632 853 2694 πῶς
885 2632 947 2684 τὸ
984 2632 1083 2701 μὲν
1132 2628 1427 2701 πρόσωπον
1473 2625 1541 2699 ἦν
1576 2627 1825 2699 φαιδρὸν,

1937 2638 2104 2681 testas
2133 2628 2184 2679 in
2212 2628 2411 2681 szecula
2439 2627 2785 2708 saeculorum.
2807 2628 3003 2682 Amen.

254 2731 329 2791 ὡς
356 2729 534 2780 δοκεῖν
567 2728 813 2797 μειδιᾷνο
840 2726 902 2779 τὸ
930 2726 989 2779 δὶ
1018 2726 1141 2779 ὅλον
1174 2725 1333 2794 σῶμα
1367 2725 1597 2795 ὶρυθρδν
1628 2725 1728 2793 μὲν
1792 2723 1869 2787 ὡς
1945 2724 2055 2776 ἀπὸ
2111 2724 2323 2789 ἀγῶνος
2367 2722 2552 2793 ἡρέμα
2606 2706 2982 2792 κεκονιμένον.
3041 2706 3351 2785 Δούσαντες
3417 2714 3512 2775 οὖν

256 2815 409 2868 ὕδατι
466 2814 561 2866 καὶ
601 2813 721 2883 μετ’
773 2811 1097 2883 ἐπιμελείας
1148 2814 1535 2883 καταθέμενοι,
1566 2812 1820 2883 ἀπῄεσαν
1859 2813 2316 2883 εὐχαριστοῦντες
2387 2815 2485 2867 καὶ
2538 2814 2857 2881 δοξάζοντες
2922 2815 3016 2869 τὸν
3050 2814 3209 2878 Θεὸν,
3246 2813 3340 2869 τὸν
3368 2811 3514 2867 οὕτω

255 2910 518 2979 γενναίαν
541 2908 823 2980 ὑπομονὴν
845 2909 924 2980 τῷ
962 2909 1241 2981 μακαρίτῃ
1291 2910 1669 2980 χαρισαμένῳ,
1709 2907 1999 2978 εὐχόμενοι
2070 2908 2274 2979 κλήρου
2333 2909 2426 2961 καὶ
2460 2908 2631 2979 μονῆς
2660 2908 2761 2980 τῆς
2811 2909 2982 2981 αὐτῆς
3004 2907 3431 2985 καταξιωθῆναι,
3454 2908 3514 2959 ὲν

254 3003 483 3072 ὀνόματι
504 3000 741 3072 Πατρδς,
773 3001 866 3055 καὶ
891 3001 1044 3067 Υίοῦ,
1082 3001 1172 3054 καὶ
1210 3001 1366 3069 ἀγίου
1400 3000 1742 3072 Πνεσέματος,
1783 2991 1829 3067 ᾧ
1873 3000 1906 3070 η
1944 3000 2072 3066 δόξα
2096 3004 2186 3054 καὶ
2222 3002 2282 3054 τὸ
2312 3001 2514 3072 κράτος
2573 3002 2655 3066 είς
2684 3001 2813 3066 τοὺς
2875 3002 3083 3065 αίῶνας
3131 3002 3241 3057 τῶν
3269 3002 3508 3057 αίώνων.

267 3094 463 3165 Ἀμήν.
